4126 6356
280 512 300 592 'e
323 513 396 594 Ego
420 511 597 592 Gregorius
622 502 978 592 presbiter'cardinalis
1002 515 1050 575 tit.
1075 513 1193 576 Calixti
1217 535 1258 577 ss.

280 605 300 680 l·
324 603 395 682 Ego
420 601 529 664 Guido
554 602 715 682 presbiter
738 601 907 662 cardinalis
930 602 976 664 tit.
999 603 1102 664 sancti
1126 601 1299 684 Grisogoni
1323 625 1365 666 ss.

279 691 300 770 †
322 693 394 771 Ego
418 691 592 753 Hubaldus
615 690 778 772 presbiter
802 691 973 752 cardinalis
996 693 1044 752 tit.
1067 699 1177 754 sancte
1202 692 1358 756 Praxedis
1381 715 1422 757 ss.

279 781 299 860 †
322 781 395 862 Ego
419 780 610 842 Mansredus
634 779 796 860 presbiter
818 780 991 842 cardinalis
1014 789 1125 842 sancte
1149 779 1267 845 Savine
1290 803 1330 844 ss.

279 869 300 948 †
322 869 395 949 Ego
418 870 515 932 lulius
539 869 699 950 presbiter
722 868 895 930 cardinalis
918 871 966 930 tit.
991 872 1094 931 sancti
1120 870 1265 933 Marcelli
1289 892 1330 933 ss

279 959 300 1038 †
323 959 395 1040 Ego
419 959 605 1021 Bernartius
629 957 791 1040 presbiter
815 957 983 1020 cardinalis
1006 961 1055 1020 tit.
1080 961 1183 1022 sancti
1208 959 1383 1023 Clementis
1407 981 1449 1022 ss

278 1045 395 1128 †Ego
418 1049 574 1110 Iordanus
598 1047 761 1128 presbiter
791 1046 961 1108 cardinalis
987 1047 1034 1109 tit.
1058 1056 1241 1110 sanctarum
1266 1047 1413 1113 Susanne
1443 1057 1476 1113 et
1499 1051 1674 1113 Felicitatis
1696 1073 1738 1114 ss.

278 1139 300 1216 †
323 1136 395 1218 Ego
420 1135 619 1199 Octavianus
643 1135 804 1218 presbiter
827 1135 1002 1198 cardinalis
1025 1137 1073 1198 tit.
1097 1146 1209 1199 sancte
1234 1136 1352 1202 Cecilie
1374 1159 1415 1202 ss

278 1228 300 1302 †
324 1223 396 1306 Ego
418 1225 577 1288 Astaldus
601 1225 762 1309 presbiter
784 1224 953 1287 cardinalis
976 1225 1023 1286 tit.
1045 1233 1159 1289 sancte
1182 1227 1292 1290 Prisce
1315 1248 1356 1290 ss.

278 1315 299 1394 †
322 1315 396 1396 Ego
419 1315 579 1378 Henricus
602 1314 763 1396 presbiter
787 1314 958 1376 cardinalis
982 1316 1029 1375 tit.
1053 1323 1240 1378 sanctorum
1265 1317 1362 1380 Nerei
1386 1325 1419 1378 et
1442 1316 1584 1380 Achillei
1608 1340 1649 1380 ss.

278 1403 299 1482 †
322 1405 394 1484 Ego
418 1403 578 1467 lohannes
602 1403 763 1485 presbiter
786 1403 954 1466 cardinalis
978 1405 1025 1465 tit.
1049 1411 1236 1467 sanctorum
1260 1404 1405 1468 Silvestri
1430 1416 1463 1467 et
1486 1407 1617 1470 Martini
1642 1428 1684 1470 ss.

278 1493 299 1572 †
322 1492 394 1574 Ego
418 1493 527 1556 Guido
552 1493 706 1555 diaconus
730 1493 900 1554 cardinalis
923 1501 1036 1554 sancte
1059 1493 1162 1556 Marie
1186 1496 1218 1555 in
1242 1493 1372 1558 Porticu
1396 1515 1437 1556 ss

278 1583 299 1662 †
321 1584 394 1662 Ego
418 1582 577 1645 lohannes
601 1583 758 1644 diaconus
782 1581 955 1644 cardinalis
977 1589 1166 1644 sanctorum
1189 1583 1295 1665 Sergii
1319 1593 1353 1647 et
1375 1583 1476 1646 Bachi
1500 1605 1542 1645 ss

277 1670 299 1752 †
322 1671 395 1752 Ego
419 1669 497 1734 Odo
521 1672 680 1734 diaconus
703 1671 873 1734 cardinalis
896 1673 998 1732 sancti
1022 1670 1173 1733 Nicholai
1198 1674 1229 1735 in
1254 1693 1382 1736 carcere
1407 1672 1557 1735 Tulliano
1580 1695 1621 1735 ss.

224 1759 301 1821 Dat.
316 1761 476 1835 Laterani,
501 1781 559 1842 per
583 1781 713 1823 manum
730 1760 879 1835 Rolandi,
901 1768 1012 1822 sancte
1035 1761 1183 1823 Romane
1211 1763 1348 1846 ecclesie
1372 1762 1542 1844 presbiteri
1567 1762 1739 1824 cardinalis

66 1859 96 1912 et
118 1848 311 1912 cancellarii.
357 1865 395 1912 111
419 1850 470 1912 Kl.
494 1849 583 1912 Iunii.
629 1850 809 1913 Indictione
839 1851 991 1912 secunda.
1037 1850 1269 1914 lncarnationis
1299 1853 1463 1915 dominice
1496 1873 1581 1915 anno
1604 1863 1737 1916 MCLllll.

66 1937 277 2001 Pontificatus
299 1959 378 2001 vero
402 1940 513 2002 domni
536 1938 701 2001 Anastasii
725 1959 811 2021 pape
834 1952 886 2001 1111
909 1958 996 2002 anno
1020 1941 1137 2020 primo

227 2054 271 2105 Or.
290 2051 347 2114 (SS.
366 2053 444 2103 Flora
461 2071 472 2104 c
489 2055 605 2120 Lucilla),
624 2054 657 2104 im
676 2053 790 2104 Arctivio
812 2053 945 2121 Capitolare
963 2070 992 2106 zu
1010 2055 1102 2104 Amo.

223 2125 306 2190 Siegel
312 2125 387 2191 fehlt.

809 2413 876 2486 ΝΥ.
909 2415 993 2488 146.

67 2545 258 2608 Ακαεὶαείιιε
284 2545 306 2607 l
312 2543 342 2607 V
351 2545 501 2627 besteilrgt
527 2545 587 2607 der
609 2545 798 2607 romisclzcm
815 2546 931 2610 Rechte
956 2545 1169 2608 unterstelllen
1195 2544 1469 2628 Kollrgiall’irclze
1492 2548 1560 2612 San
1577 2543 1740 2612 Frediano

499 2635 538 2698 di
559 2636 662 2698 Lurco
686 2633 758 2696 r'lcre
782 2635 1018 2699 Beselalhilmer
1039 2634 1108 2698 tend
1129 2634 1245 2698 Reclzte
1263 2639 1299 2721 ¹).

680 2753 762 2813 11:54
778 2751 869 2825 Jum'
883 2753 930 2814 11.
962 2751 1112 2814 Lateran.

223 2865 417 2931 Anastasius
440 2869 759 2950 episcopusservus
782 2887 950 2930 servorum
974 2868 1038 2942 dei,
1062 2868 1189 2929 dilectis
1213 2866 1283 2930 filiis
1298 2867 1491 2943 Lansranco,
1514 2870 1613 2951 priori
1635 2871 1738 2932 sancti

69 2955 213 3032 Fridiani,
249 2960 381 3036 eiusque
412 2955 575 3028 iratribus
606 2965 672 3018 tam
705 2957 911 3040 presentibus
936 2975 1034 3036 quarn
1067 2957 1196 3032 futuris,
1228 2957 1409 3038 regularem
1441 2959 1540 3020 vitam
1573 2958 1739 3040 protessis,

70 3059 103 3108 ΙΝ
123 3059 200 3108 Pell.
225 3045 296 3128 -Ι
318 3045 425 3109 Officii
455 3047 557 3109 nostri
590 3067 649 3108 nos
682 3045 829 3108 hortatur
858 3047 1048 3120 auctoritas,
1070 3067 1140 3128 pro
1171 3046 1378 3109 ecclesiarum
1410 3055 1495 3110 statu
1518 3056 1668 3130 satagere
1706 3055 1740 3110 et

70 3154 170 3197 earum
196 3137 301 3218 quieti
325 3145 358 3199 et
385 3134 605 3218 tranquillitati
628 3135 809 3210 salubriter,
833 3137 864 3197 in
888 3143 1045 3217 quantum
1070 3155 1253 3217 possumus,
1286 3137 1464 3200 auxiliante
1487 3137 1632 3211 domino,
1664 3158 1739 3219 pro·

69 3225 183 3288 videre.
232 3225 376 3307 Dignum
402 3244 543 3304 namque
567 3232 600 3287 et
623 3223 785 3287 honestati
810 3228 1007 3287 conveniens
1023 3244 1095 3287 esse
1111 3223 1310 3309 dinolscitur,
1333 3234 1375 3300 ut,
1400 3229 1455 3308 qui
1471 3227 1514 3288 ad
1531 3226 1738 3289 ecclesiarum

70 3316 207 3396 regimen
240 3316 305 3377 deo
338 3323 471 3376 auctore
501 3317 659 3395 assumpti
690 3333 813 3387 sumus,
846 3333 900 3376 eas
932 3323 965 3376 et
996 3334 1015 3376 a
1046 3333 1220 3394 pravorum
1253 3316 1433 3377 incursibus
1469 3315 1675 3379 defensemus
1706 3324 1740 3378 et

71 3404 212 3484 religiosa
230 3404 313 3479 loca,
337 3406 489 3478 maxime,
513 3424 577 3484 que
600 3404 688 3466 beati
705 3405 791 3465 Petri
815 3405 892 3464 iuris
916 3405 1059 3465 existunt
1082 3411 1115 3464 et
1130 3404 1172 3465 ad
1189 3402 1373 3466 Romanam
1389 3405 1573 3487 specialiter
1588 3413 1740 3488 spectant

70 3493 245 3566 ecclesiam,
277 3494 365 3556 sedis
389 3493 571 3574 apostolice
601 3493 783 3575 patrocinio
809 3493 999 3554 muniamus.
1046 3490 1089 3554 Et
1112 3494 1275 3570 quoniam,
1307 3494 1419 3556 dilecti
1451 3497 1483 3556 in
1507 3496 1640 3557 domino
1674 3494 1739 3569 filii,

71 3580 278 3644 devotionem
307 3590 449 3645 vestram
489 3584 520 3644 in
562 3584 616 3644 dei
655 3583 771 3644 timore
810 3591 907 3661 atque
944 3582 1073 3643 servitio
1110 3581 1316 3644 laudabiliter
1345 3583 1468 3647 fervere
1501 3587 1739 3665 cognoscimus,

71 3674 258 3734 canonicum
284 3674 441 3746 ordinem,
475 3692 572 3751 quern
597 3673 628 3733 in
652 3671 740 3734 beati
764 3671 907 3735 Fridiani
931 3670 1076 3744 ecclesia,
1100 3671 1277 3752 inspirante
1306 3672 1452 3747 domino,
1481 3674 1620 3754 professi
1652 3675 1740 3748 estis,

72 3768 100 3821 et
121 3761 315 3835 libertatern,
347 3783 366 3823 a
390 3761 678 3842 predecessoribus
703 3761 820 3823 nostris
844 3768 955 3844 sancte
980 3759 1215 3822 recordationis
1239 3760 1406 3836 Paschale,
1431 3760 1572 3838 Gelasio,
1602 3761 1741 3835 Calixto,

72 3848 234 3924 Honorio,
265 3851 459 3913 anocentio
479 3849 522 3935 a).
553 3848 718 3913 Celestino
750 3857 783 3911 et
814 3851 976 3931 Eugenio,
1008 3849 1166 3912 Romanis
1200 3849 1427 3931 pontificibus,
1460 3851 1556 3913 vobis
1587 3851 1740 3914 collatam

71 3942 225 4018 presentis
250 3941 359 4022 scripti
384 3935 568 4024 pagina<m)
592 3937 830 4000 confirmamus.
877 3937 1073 4014 Statuentes,
1096 3945 1131 4001 ut
1155 3957 1379 4019 quascumque
1403 3943 1637 4048 possessiones,
1660 3961 1739 4020 que·

71 4048 203 4110 cumque
229 4029 318 4092 bona
340 4049 383 4092 ex
406 4030 495 4090 dono
517 4029 569 4090 vel
594 4031 806 4090 concessione
831 4031 1062 4110 episcoporum
1086 4027 1218 4110 Lucane
1251 4028 1395 4113 ecclesie,
1425 4029 1596 4111 largitione
1625 4051 1738 4111 regum

71 4118 116 4179 vel
141 4119 327 4200 principum
359 4137 416 4180 seu
441 4118 576 4180 aliorum
608 4118 661 4180 dei
692 4117 846 4191 fidelium,
877 4120 908 4179 in
931 4118 1169 4199 presentiarum
1201 4118 1282 4180 iuste
1313 4126 1346 4181 et
1377 4121 1530 4182 canonice
1562 4121 1740 4202 possidetis

71 4211 173 4270 autin
207 4208 353 4270 futurum
384 4207 632 4270 rationabilibus
664 4207 777 4282 modis
811 4215 978 4288 prestante
1002 4207 1148 4281 domino,
1178 4209 1328 4288 poteritis
1352 4207 1497 4289 adipisci,
1529 4207 1621 4270 firma
1644 4210 1740 4274 vobis

72 4297 246 4378 vestrisque
269 4296 514 4360 successoribus
544 4305 576 4359 et
599 4296 731 4359 illabata
755 4304 975 4378 permaneant.
1020 4297 1057 4358 ln
1089 4295 1206 4377 quibus
1236 4295 1297 4374 hec
1327 4298 1467 4380 propriis
1499 4298 1651 4360 duximus
1685 4319 1741 4362 ex·

72 4387 237 4464 primenda
252 4387 434 4450 vocabulis:
451 4388 483 4447 in
499 4386 574 4448 loco
598 4387 730 4461 scilicet,
755 4387 810 4464 qui
827 4385 1014 4448 Mutilianus
1031 4386 1155 4458 dicitur,
1179 4386 1348 4450 ecclesiam
1370 4395 1554 4449 sanctorum
1572 4389 1739 4451 martirum

71 4473 187 4555 llpoliti
211 4484 245 4539 et
270 4473 413 4538 Cassiani
437 4495 511 4537 curn
535 4475 687 4538 omnibus
711 4475 751 4537 ad
776 4476 881 4557 ipsam
905 4475 1152 4556 pertinentibus
1183 4477 1215 4536 in
1239 4475 1313 4538 loco
1338 4472 1423 4557 Sene
1456 4476 1626 4539 ecclesiam
1650 4477 1740 4540 beati

73 4563 194 4627 Martini
219 4574 253 4628 et
277 4564 439 4645 hospitale
462 4584 535 4626 cum
560 4563 709 4626 omnibus
733 4562 774 4624 ad
800 4565 936 4626 eandem
962 4563 1132 4627 ecclesiam
1164 4565 1410 4646 pertinentibus
1442 4566 1612 4628 ecclesiam
1636 4569 1739 4630 sancti

73 4649 239 4718 Salvatoris
263 4655 305 4716 de
329 4655 484 4728 Mostoi0‚
509 4672 572 4738 que
596 4653 678 4715 insra
701 4672 811 4716 muros
834 4653 967 4731 Lucane
991 4654 1127 4716 civitatis
1151 4655 1213 4714 sita
1236 4662 1294 4728 est,
1318 4674 1393 4716 cum
1418 4655 1570 4717 omnibus
1600 4655 1642 4717 ad
1666 4677 1737 4718 eam

74 4743 312 4822 pertinentibus,
329 4742 500 4805 ecclesiam
515 4745 617 4804 sancti
634 4741 797 4818 lohanniS,
813 4763 877 4826 que
893 4743 953 4804 sita
970 4752 1020 4805 est
1036 4744 1068 4826 in
1084 4742 1358 4822 capitesuburbii,
1370 4764 1443 4806 curn
1460 4742 1614 4826 hospitali
1630 4765 1691 4806 suo
1707 4754 1740 4807 et

74 4835 178 4896 ceteris
191 4837 258 4896 suis
272 4833 485 4915 pertinentiis,
498 4831 670 4894 ecclesiam
681 4833 783 4893 sancti
792 4829 983 4909 Salvatoris‚
998 4851 1062 4912 que
1075 4839 1125 4893 est
1137 4840 1323 4894 constructa
1340 4835 1370 4894 in
1380 4833 1534 4895 comitatu
1543 4833 1739 4896 Ferrariensi

74 4929 102 4982 et
116 4941 134 4984 a
148 4923 236 5006 bone
253 4924 412 5005 memorie
428 4921 599 4995 Landulso,
628 4921 825 4983 Ferrariensi
844 4923 1003 5004 episcopo
1022 4919 1055 5006 ²),
1080 4929 1113 4983 et
1136 4920 1233 4983 nobili
1257 4921 1377 4984 femina
1401 4921 1499 4984 lmiza
1522 4930 1556 4985 et
1578 4921 1645 4986 filio
1670 4926 1739 4986 eius

75 5007 200 5074 Casotto
216 5011 296 5075 olim
312 5011 406 5073 vobis
422 5031 579 5073 concessa
592 5029 664 5072 esse
681 5011 868 5086 dinoscitur,
885 5031 959 5072 curn
977 5011 1136 5084 omnibus
1153 5029 1217 5092 que
1234 5031 1318 5073 nunc
1334 5011 1482 5094 possidet
1497 5020 1530 5074 et
1546 5015 1578 5073 in
1595 5011 1737 5076 futurum

75 5100 308 5174 rationabiliter,
321 5107 490 5182 prestante
501 5099 644 5176 domino,
658 5101 779 5180 poterit
789 5099 939 5181 adipisci,
951 5119 1084 5162 omnem
1099 5115 1232 5180 quoque
1248 5100 1501 5163 decimationem
1513 5103 1613 5164 totius
1625 5101 1738 5166 allodii

75 5189 208 5253 eiusdem
227 5190 374 5272 ecclesie,
399 5198 433 5252 et
449 5189 617 5252 ecclesiam
633 5189 735 5251 sancti
752 5186 826 5269 Syri
844 5208 917 5251 cum
935 5189 1086 5252 omnibus
1103 5189 1145 5251 ad
1160 5189 1265 5270 ipsam
1282 5191 1530 5272 pertinentibus,
1552 5192 1637 5253 sicut
1652 5211 1671 5253 a
1685 5212 1739 5254 ve·

11 5355 12 5364 ¹
75 5279 197 5342 nerabili
220 5281 321 5342 fratre
336 5288 449 5341 nostro
462 5277 617 5353 Grifsone,
633 5277 996 5361 episcopoFerrariensi
1007 5277 1041 5364 ³),
1058 5281 1087 5340 ei
1100 5279 1256 5341 canonice
1272 5299 1428 5342 concesse
1439 5287 1522 5354 sunt,
1538 5278 1646 5342 villam
1659 5300 1738 5344 vero

75 5366 231 5444 Salariam,
243 5369 579 5453 queapredecessore
594 5376 716 5442 nostro,
733 5368 829 5451 beate
841 5370 997 5453 memorie
1008 5388 1096 5450 papa
1113 5367 1142 5452 b)
1152 5367 1471 5446 Innocentio,eidem
1487 5368 1621 5453 ecclesie
1635 5373 1738 5434 sancti

222 5566 247 5621 a)
267 5563 278 5610 1
296 5577 343 5610 mas
361 5561 382 5612 C
400 5562 516 5628 korrrjgr‘rt
604 5564 630 5621 bl
649 5578 722 5627 pape.
814 5565 849 5623 .1)
879 5563 956 5627 Vergl.
980 5561 1017 5611 die
1038 5561 1099 5612 Ura
1117 5576 1172 5610 vom
1194 5563 1228 5610 26
1247 5562 1304 5612 Mal
1322 5567 1390 5614 1124
1407 5563 1464 5612 rand
1481 5562 1567 5631 Jaffc',
1593 5567 1651 5630 Reg.
1671 5565 1737 5614 6581

75 5625 139 5694 (Καρ.
162 5649 182 5682 s.
197 5633 265 5682 XIV
278 5634 312 5682 im
328 5634 404 5684 Arclr.
423 5635 451 5682 di
466 5635 533 5683 Staio
556 5651 586 5683 zu
605 5637 704 5700 ercca).
804 5646 829 5698 2)
849 5635 978 5700 Lortduls,
1006 5633 1110 5699 Bisclws
1123 5649 1170 5682 von
1191 5635 1303 5696 Ferrma,
1324 5637 1506 5686 rior-113⁸.
1609 5649 1636 5705 3)
1660 5636 1738 5702 Griso,

11 5733 12 5740 κ
76 5701 167 5770 Birthas
179 5721 226 5756 aron
245 5705 360 5764 Ferrum,
380 5707 552 5757 illst-noo.
