4142 6366
313 293 377 372 278

312 479 346 542 in
383 471 574 561 priv[ilegiis
613 472 830 564 quorundam]
867 476 1005 540 aliorum
1042 476 1248 558 apponimus.
1302 473 1389 558 Quia
1417 497 1496 541 vero
1528 498 1595 542 non
1626 487 1676 542 est
1707 479 1909 543 conveniens
1936 480 1981 544 vel

311 561 507 651 honest[um,
532 561 578 651 ut]
602 576 717 630 contra
739 565 909 649 privilegia
931 564 1019 630 sedis
1049 565 1231 647 apostolice
1264 567 1501 648 quoquomodo
1531 562 1699 653 veniat[ur,
1730 588 1795 650 que
1826 564 1981 656 optinere]

312 657 436 720 debent
451 653 673 718 inviolabilem
689 655 882 732 firmitatem,
909 655 1102 718 mandamus
1125 664 1225 737 atque
1248 655 1446 738 precipimus
1471 651 1586 742 [vobis‚
1610 667 1653 734 ut,
1677 659 1704 721 si
1728 653 1796 744 qui]
1814 657 1923 722 clerici
1938 659 1982 722 vel

311 745 383 809 laici
400 753 516 808 contra
530 744 699 827 privilegia
720 745 808 808 sedis
831 744 1013 828 apostolice
1036 743 1203 826 predictos
1227 743 1339 808 fratres
1364 745 1563 808 decimarum
1587 746 1758 812 exactione
1780 747 1983 829 gravaverint

311 836 412 898 laicos
428 834 777 898 excommunicationis
792 829 1016 920 seutentia<m)
1038 834 1232 916 percellatis,
1256 834 1400 911 clericos,
1424 834 1685 900 contradictione
1708 847 1741 900 et
1764 837 1983 920 appellatione

312 934 468 1000 cessante,
493 923 535 987 ab
560 922 670 986 officio
693 924 901 1008 suspendatis
916 934 1031 987 ettam
1048 923 1407 1000 excommunicationis,
1432 944 1530 1006 quam
1547 925 1770 1008 suspensionis
1789 926 1982 989 sententiam

312 1014 447 1090 faciatis,
469 1032 572 1094 usque
596 1012 639 1075 ad
670 1012 804 1096 diguam
835 1012 1092 1078 satisfactionem
1123 1013 1355 1077 inviolabiliter
1384 1014 1559 1077 observari.
1605 1013 1663 1078 Ad
1694 1013 1755 1078 hec
1786 1015 1983 1097 presentium

310 1104 406 1169 vobis
429 1102 623 1165 auctoritate
646 1103 859 1185 precipiendo
883 1101 1085 1177 mandamus,
1110 1103 1270 1184 quatinus,
1293 1102 1319 1166 si
1342 1103 1415 1182 quis
1430 1105 1464 1166 in
1481 1103 1594 1167 fratres
1610 1103 1780 1186 prescripti
1797 1104 1983 1166 monasterii

309 1193 470 1257 violentas
494 1211 609 1255 manus
632 1191 786 1268 iniecerit,
809 1211 893 1269 eum,
917 1191 1062 1255 accensis
1085 1191 1238 1269 candelis,
1270 1191 1402 1274 publice
1425 1194 1747 1256 excommunicatum
1777 1193 1983 1268 denuntietis,

311 1290 346 1346 et
368 1280 494 1345 faciatis
517 1279 560 1344 ab
584 1282 745 1358 omnibus,
768 1283 851 1346 sicut
874 1281 1202 1356 excommunicatum,
1231 1282 1356 1344 cautius
1379 1282 1501 1358 evitari,
1526 1283 1633 1346 donec
1656 1282 1813 1364 predictis
1837 1281 1985 1345 fratribus

310 1392 453 1454 congrue
489 1369 669 1434 satisfaciat
705 1382 738 1436 et
776 1391 849 1436 cum
891 1370 1005 1434 litteris
1043 1368 1208 1434 diocesani
1247 1371 1411 1454 episcopi,
1448 1370 1492 1434 rei
1523 1373 1694 1434 veritatem
1732 1371 1985 1446 continentibus,

311 1459 496 1546 apostolico
520 1481 555 1524 se
580 1461 770 1543 conspectui
794 1469 1070 1543 representet-
1092 1460 1169 1523 Dat.
1190 1456 1195 1544 Ι
1214 1458 1360 1537 Velletri,
1384 1476 1421 1522 111
1444 1459 1521 1524 Idus
1544 1461 1640 1524 Mart.

473 1575 516 1625 Or.
534 1574 568 1625 riri
586 1573 700 1626 Archivio
718 1574 746 1623 di
761 1574 829 1624 Staio
846 1590 877 1624 ur
896 1571 1019 1623 Mariand.

471 1647 540 1713 Perg.
560 1647 621 1710 siai,
646 1647 681 1696 br.
703 1648 754 1707 0,2‚
781 1648 842 1712 lang
859 1647 944 1707 onio,
969 1651 1044 1696 maten
1062 1645 1121 1704 0,01
1139 1645 1329 1712 umgesclrlagaen,
1356 1647 1434 1696 durch
1459 1643 1517 1695 arvei
1532 1645 1625 1695 becher
1646 1646 1704 1711 geht
1719 1644 1758 1694 dte
1780 1661 1837 1694 rosa
1855 1644 1912 1696 md
1923 1643 1986 1711 gelde

311 1718 493 1780 Seidenscimr,
512 1719 584 1769 deren
603 1718 729 1784 Bleisiegel
742 1720 859 1781 verloren,
878 1716 987 1782 Faltrmg
1004 1715 1048 1767 dtr
1064 1715 1166 1767 Brevm.

1054 2043 1121 2120 Nr.
1145 2046 1235 2120 299.

310 2177 494 2242 Alexander
508 2177 574 2242 III
590 2174 730 2242 schreibt
751 2197 794 2240 an
819 2175 882 2240 den
904 2173 1105 2253 Erabt'schos
1120 2175 1269 2260 Aigisius
1292 2197 1355 2242 non
1377 2177 1534 2241 Mailand
1552 2175 1621 2240 und
1638 2175 1753 2241 dessen
1776 2175 1985 2260 Suffragam,

310 2268 389 2333 dass
402 2269 522 2332 rieden
539 2265 786 2331 Cisterciensem
797 2265 867 2330 und
878 2265 1047 2330 besonders
1061 2265 1135 2330 dem
1149 2264 1278 2330 Kloster
1288 2265 1390 2330 Santa
1401 2265 1516 2330 Maria
1531 2266 1571 2331 di
1584 2264 1752 2330 Casama
1767 2265 1829 2348 (D.
1850 2267 1985 2344 Yorino)

310 2356 477 2423 ertheilten
504 2355 704 2438 Paningnn
729 2354 798 2419 sich
821 2356 889 2436 auf
902 2354 1156 2420 selbstbestellten
1170 2355 1277 2420 Acker
1301 2355 1390 2419 nicht
1411 2357 1479 2433 aus
1486 2353 1742 2420 Neubmchland
1762 2355 1900 2438 beregen
1918 2355 1987 2420 πά

625 2445 705 2510 dass
719 2445 768 2509 sie
782 2444 837 2509 die
852 2443 989 2509 lifinclre
1005 2447 1038 2510 in
1055 2443 1194 2510 Rechten
1208 2445 1279 2509 und
1291 2444 1449 2510 Personen
1464 2445 1612 2510 schritzen
1630 2447 1667 2528 ¹).

931 2563 1015 2625 1180
1029 2560 1132 2645 April
1143 2563 1174 2625 3.
1215 2558 1354 2625 Velletri.

469 2676 660 2742 Alexander
689 2676 874 2759 episcopus,
904 2697 1015 2742 servus
1044 2699 1211 2743 servorum
1242 2678 1304 2756 dei,
1336 2677 1578 2742 venerabilibus
1601 2676 1761 2754 fratribus,
1809 2671 1985 2762 .A(lgisio),

311 2766 549 2832 Mediolanensi
574 2766 820 2849 archiepiscopo
838 2763 872 2851 '),
896 2774 929 2830 et
944 2768 1155 2851 suffraganeis
1172 2769 1248 2845 eius,
1272 2769 1410 2832 salutem
1426 2777 1459 2832 et
1475 2767 1692 2850 apostolicam
1707 2765 1985 2830 benedictionem

310 2851 519 2936 Audivilmus
541 2866 575 2920 et
597 2855 767 2919 audientes
789 2856 999 2920 vehementer
1020 2877 1132 2922 sumus
1155 2857 1382 2922 ammiratione
1404 2857 1572 2932 commoti,
1596 2854 1695 2938 quod,
1718 2875 1794 2919 cum
1811 2855 1928 2918 fratres
1943 2855 1986 2919 de

311 2947 397 3011 Casa
414 2943 443 3031 Ι)
458 2966 545 3009 nova
563 2943 599 3031 ²),
622 2945 706 3009 sicut
722 2945 775 3007 alii
792 2945 904 3008 fratres
921 2945 1143 3011 Cisterciensis
1158 2946 1281 3010 ordinis
1298 2967 1317 3010 a
1331 2947 1495 3010 solutione
1511 2946 1710 3009 decimarum
1730 2941 1735 3028 Ι
1757 2943 1799 3007 de
1814 2945 1985 3008 laboribus

310 3037 385 3112 suis,
410 3054 493 3116 quos
516 3035 657 3117 propriis
680 3033 830 3109 manibus
853 3041 887 3097 et
908 3035 1094 3118 sumptibus
1117 3036 1280 3112 excolunt,
1305 3035 1346 3099 de
1369 3037 1573 3118 benignitate
1592 3033 1677 3098 sedis
1692 3033 1877 3116 apostolice
1892 3033 1985 3097 liberi

310 3124 374 3188 sint
396 3125 526 3207 penitus
558 3131 591 3186 et
621 3123 790 3200 immunes,
822 3124 956 3205 quidam
980 3124 1085 3188 clerici
1117 3134 1150 3189 et
1180 3125 1259 3201 laici,
1291 3127 1424 3208 priores,
1457 3123 1608 3190 monachi
1633 3131 1666 3186 et
1695 3123 1845 3186 canonici
1877 3130 1985 3186 vestre

311 3213 540 3277 iurisdictionis
562 3213 606 3276 ab
630 3212 675 3276 eis
697 3213 927 3277 nichilominus
950 3221 1065 3276 contra
1087 3214 1323 3296 indulgentiam
1346 3215 1433 3279 sedis
1462 3213 1644 3296 apostolice
1674 3212 1819 3276 decimas
1853 3210 1985 3294 exigere

311 3323 378 3366 non
393 3309 545 3366 verentur
558 3301 827 3384 interpretatione
842 3321 944 3385 prava
959 3311 993 3366 et
1007 3304 1136 3367 sinistra
1152 3304 1325 3386 apostolici
1342 3304 1501 3387 privilegii
1521 3300 1551 3388 b)
1566 3301 1741 3384 capitulum
1759 3309 1986 3384 pervertentes

311 3392 487 3456 asserendo
518 3391 561 3454 de
591 3390 763 3454 novalibus
793 3391 914 3455 debere
944 3392 1095 3475 intelligi,
1137 3393 1194 3457 ubi
1232 3396 1376 3458 noscitur
1410 3394 1451 3458 de
1481 3392 1650 3457 laboribus
1682 3411 1753 3454 esse
1781 3389 1984 3473 inscriptum

311 3481 477 3563 Quoniam
493 3479 588 3563 igitur
609 3480 818 3544 manifestum
841 3492 898 3557 est,
923 3481 1084 3559 omnibus,
1108 3481 1162 3565 qui
1179 3494 1267 3547 recte
1282 3484 1422 3566 sapiunt,
1446 3477 1773 3564 interpretatione(m)
1795 3477 1984 3543 huiusmodi

311 3589 498 3653 perversam
520 3589 592 3633 esse
614 3576 648 3632 et
670 3569 846 3633 intellectui
869 3590 950 3634 sano
974 3572 1179 3648 contrariam,
1204 3593 1278 3636 cum
1301 3574 1480 3637 secundum
1495 3570 1674 3653 capitulum
1688 3568 1767 3632 illud
1783 3589 1804 3629 a
1818 3569 1985 3632 solutione

312 3660 520 3735 decimarum,
544 3667 613 3722 tam
636 3659 678 3721 de
700 3659 791 3722 terris
814 3659 884 3737 illis,
909 3680 990 3741 quas
1014 3661 1221 3725 deduxerunt
1242 3663 1294 3726 vel
1319 3661 1485 3725 deducunt
1500 3660 1543 3722 ad
1559 3659 1689 3734 cultum,
1714 3677 1815 3739 quam
1831 3657 1874 3720 de
1888 3659 1985 3721 terris

312 3748 413 3825 cultis,
447 3769 529 3831 quas
560 3747 621 3830 ipsi
651 3748 792 3831 propriis
816 3750 967 3813 manibus
989 3750 1042 3812 vel
1072 3750 1256 3832 sumptibus
1287 3751 1451 3828 excolunt,
1486 3751 1616 3832 penitus
1646 3748 1711 3810 sint
1741 3747 1912 3822 immunes,
1944 3767 1985 3809 ne

311 3837 394 3902 ullus
417 3837 459 3902 de
483 3847 591 3901 cetero
616 3845 730 3900 contra
752 3858 809 3902 eos
833 3840 1002 3902 materiam
1025 3838 1149 3903 habeat
1171 3841 1370 3924 malignandi
1393 3841 1445 3903 vel
1469 3839 1559 3921 ipsos
1583 3834 1836 3918 quomodolibet
1867 3843 1986 3899 contra

310 3926 463 3992 iustitiam
491 3926 697 4002 molestandi,
729 3927 919 3991 fraternitati
941 3937 1048 3992 vestre
1077 3948 1138 4011 per
1168 3930 1352 4013 apostolica
1382 3929 1503 4011 scripta
1533 3924 1745 4010 precipiendo
1777 3924 1984 4001 mandamus,

312 4018 464 4097 quatinus
487 4016 643 4080 universis
665 4015 891 4080 ecclesiasticis
912 4016 987 4081 viris
1009 4028 1116 4081 vestre
1139 4018 1366 4083 iurisdictionis
1390 4017 1582 4081 auctoritate
1606 4014 1789 4097 apostolica
1805 4014 1985 4078 districtius

310 4105 486 4188 prohibere
509 4105 634 4180 curetis,
665 4125 707 4167 ne
730 4125 750 4166 a
773 4107 960 4170 memoratis
983 4106 1105 4171 abbate
1130 4117 1163 4170 et
1192 4108 1343 4172 fratribus
1374 4107 1416 4170 de
1439 4106 1523 4171 Casa
1543 4102 1571 4190 c)
1600 4123 1687 4166 nova
1706 4100 1734 4189 c)
1755 4103 1808 4167 vel
1840 4103 1987 4166 etiams

312 4194 464 4259 fratribus
486 4194 624 4257 aliorum
647 4194 918 4257 monasteriorum
941 4194 1156 4260 Cistertiensis
1179 4197 1309 4273 ordinis,
1341 4216 1405 4277 que
1435 4197 1467 4258 in
1490 4195 1604 4258 vestris
1634 4191 1881 4276 episcopatibus
1906 4211 1984 4255 con·

310 4284 436 4360 sistunt,
462 4282 504 4346 de
526 4277 721 4367 [uo]valibus
743 4282 795 4346 vel
825 4283 924 4346 etiam
956 4283 997 4347 de
1030 4284 1100 4349 aliis
1130 4287 1230 4364 terris,
1262 4306 1344 4368 quas
1373 4284 1514 4367 propriis
1544 4281 1694 4346 manibus
1715 4280 1767 4344 vel
1797 4281 1986 4364 sumptibus

311 4373 475 4448 excolunt,
498 4372 550 4434 vel
574 4370 616 4434 de
644 4370 846 4435 nutrimentis
877 4372 1067 4437 animalium
1097 4375 1257 4440 ullatenus
1289 4374 1432 4438 decimas
1461 4373 1593 4455 exigere
1614 4370 1667 4434 vel
1698 4369 1848 4452 quolibet
1880 4370 1985 4434 modo

311 4472 506 4543 extorquere
528 4470 725 4542 presumant.
771 4460 866 4538 Nam,
890 4462 917 4525 si
941 4463 983 4526 de
1005 4463 1178 4529 novalibus
1199 4472 1328 4529 tantum
1351 4463 1565 4526 voluissemus
1587 4458 1731 4542 intelligi,
1755 4459 1810 4522 ubi
1827 4461 1985 4541 ponimus

312 4550 353 4613 de
376 4549 552 4626 laboribus,
577 4550 618 4612 de
642 4549 813 4613 novalibus
829 4570 1035 4633 poneremus,
1059 4553 1140 4616 sicut
1159 4554 1191 4616 iu
1207 4554 1384 4636 privilegiis
1401 4551 1607 4634 quorundam
1623 4547 1758 4612 aliorum
1774 4549 1984 4630 apponimus.

311 4639 399 4721 Quia
420 4659 497 4702 vero
521 4659 588 4702 non
611 4646 660 4728 est
684 4641 880 4704 conveniens
903 4641 955 4704 vel
978 4642 1161 4718 honestum,
1192 4654 1228 4707 ut
1250 4653 1365 4706 contra
1387 4641 1555 4724 privilegia
1584 4637 1672 4702 sedis
1695 4637 1879 4720 apostolice
1903 4657 1984 4721 qno·

312 4729 480 4810 quomodo
499 4725 529 4814 d)
558 4728 722 4804 veniatur,
754 4748 818 4809 que
848 4730 997 4811 optinere
1029 4731 1153 4795 debent
1183 4732 1406 4796 inviolabilem
1436 4730 1631 4804 firmitatem,
1662 4725 1857 4790 mandamus
1887 4727 1984 4790 vobis

311 4825 409 4899 atque
432 4817 639 4900 precipimus,
663 4823 706 4893 ut,
730 4818 757 4880 si
774 4819 828 4900 qui
844 4819 977 4900 priores,
1002 4821 1164 4897 monachi,
1188 4821 1345 4899 canonici,
1369 4821 1476 4883 clerici
1499 4819 1567 4882 sive
1590 4817 1664 4880 laici
1681 4823 1795 4879 contra
1811 4815 1982 4898 privilegia

310 4907 399 4970 sedis
422 4905 602 4989 apostolice
625 4905 789 4988 predictos
812 4907 925 4971 fratres
949 4908 1149 4973 decimarum
1180 4911 1351 4975 exactione
1380 4908 1594 4992 gravaverint,
1628 4906 1728 4969 laicos
1759 4907 1983 4968 excommuni-

311 4995 449 5060 cationis
471 4996 632 5059 sententia
660 4995 851 5077 percellatis,
883 4999 1015 5080 priores,
1047 4998 1228 5064 monachos
1248 4998 1285 5084 e),
1316 4999 1493 5063 canonicos
1516 5006 1550 5060 et
1572 4995 1715 5070 clericos,
1740 4994 1830 5057 omni
1856 5005 1983 5058 contra·

312 5085 456 5149 dictione
478 5092 512 5148 et
534 5083 754 5167 appellatione
770 5095 927 5162 cessante,
951 5087 994 5151 ab
1018 5087 1124 5152 offitio
1147 5089 1355 5171 suspendatis
1370 5097 1487 5151 ettam
1502 5083 1860 5160 excommunicationis,
1885 5103 1984 5166 quam

311 5175 534 5255 suspensionis
560 5175 755 5236 sententiam
786 5173 905 5239 fatiatis
929 5196 1030 5259 usque
1054 5179 1097 5240 ad
1121 5179 1254 5261 dignam
1276 5175 1532 5241 satisfactionem
1556 5171 1785 5237 inviolabiliter
1807 5172 1983 5236 observari.

311 5262 369 5327 Ad
384 5263 445 5327 hec
460 5264 659 5346 presentium
674 5262 769 5326 vobis
786 5265 978 5328 auctoritate
993 5267 1207 5350 precipiendo
1224 5268 1425 5342 mandamus,
1444 5265 1604 5347 quatinus,
1620 5263 1647 5326 si
1664 5263 1736 5343 quis
1752 5261 1785 5323 in
1801 5261 1983 5325 monachos

310 5353 362 5416 vel
384 5372 559 5416 conversos
586 5352 755 5434 prescripti
786 5354 974 5418 monasterii
1005 5375 1120 5420 manus
1142 5357 1302 5420 violentas
1334 5355 1494 5432 iniecerit,
1526 5371 1616 5428 eum,
1649 5351 1795 5414 accensis
1827 5350 1982 5426 candelis,

471 5548 497 5606 nl
514 5547 573 5611 Ans
586 5549 670 5596 Rasnr
685 5562 734 5596 vora
751 5547 851 5596 bellem
868 5547 943 5598 Dina
1012 5549 1040 5614 b)
1059 5549 1172 5601 clamer
1186 5551 1271 5598 Ram
1341 5549 1365 5609 c)
1384 5549 1436 5613 aus
1447 5549 1532 5597 Rarur
1548 5561 1596 5596 von
1613 5545 1714 5596 bellem
1723 5543 1799 5594 Dinte
1871 5543 1900 5607 d)
1919 5543 1984 5593 thri-

311 5618 379 5668 weise
396 5617 474 5668 durch
491 5620 577 5667 Ramr
593 5619 649 5668 read
663 5619 799 5668 Korrectur
814 5619 946 5683 tergestellt
1052 5625 1076 5685 e)
1095 5623 1139 5671 das
1157 5636 1169 5670 s
1187 5620 1264 5671 durch
1283 5622 1367 5669 Ramr
1383 5620 1439 5669 rond
1453 5619 1589 5669 Korrectur
1610 5617 1749 5682 martelli.
1767 5655 1821 5664 -.
1843 5625 1881 5682 n)
1906 5615 1983 5682 Vergr.

310 5689 349 5750 die
370 5689 429 5740 Urk.
447 5707 501 5740 vom
521 5691 553 5740 18
571 5689 627 5743 Mai
646 5693 722 5742 1188.
793 5699 820 5756 a)
839 5690 954 5756 Algr'sirn,
973 5693 1119 5760 Enbiscios
1129 5709 1177 5744 von
1194 5692 1317 5752 Mariand,
1336 5692 1515 5742 1176-1184.
