4142 6366
1676 351 1741 426 249

812 527 878 611 ΝΥ.
907 539 994 610 254.

62 665 253 730 Alexander
268 665 333 730 III
343 666 493 749 bestrt'tz‘gt
506 666 580 730 dem
595 663 803 747 Erzbrsclroje
817 667 913 732 Aimo
928 690 989 732 von
1012 667 1201 731 Tarantaise
1223 668 1278 730 die
1294 666 1528 730 Besitathrimer
1542 663 1611 726 und
1623 663 1740 726 Recta

396 758 505 819 seiher
521 754 560 818 K
559 754 653 836 r'rclre,
677 757 732 820 die
746 778 784 818 er
798 759 832 820 in
852 757 1081 840 apostolisclren
1103 756 1221 820 Schutz
1236 755 1353 820 nz'mmt
1370 760 1407 836 ¹).

681 875 766 935 1176
781 873 885 936 Mct'rz
899 876 954 936 20.
986 870 1125 957 Anagm'.

224 988 415 1051 Alexander
431 991 616 1071 episcopus,
636 1008 748 1050 servus
763 1008 930 1051 servorum
948 989 1010 1062 dei,
1028 985 1207 1050 venerabili
1229 985 1318 1048 sratri
1334 985 1479 1061 Aimoni,
1496 985 1739 1049 Tarantasiensi

60 1076 324 1160 archiepiscopo,
349 1080 483 1157 eiusque
506 1078 749 1140 successoribus
772 1080 928 1140 canonice
944 1077 1185 1151 substituendis
1207 1076 1238 1137 in
1262 1083 1466 1157 perpetuum.
1505 1076 1541 1138 In
1558 1075 1740 1157 apostolice

59 1166 151 1228 sedis
168 1167 311 1248 specula,
335 1168 531 1249 disponente
547 1167 693 1238 domino,
718 1167 892 1240 constituti,
918 1166 1031 1229 fratres
1053 1174 1182 1228 nostros
1206 1165 1389 1246 episcopos
1413 1172 1479 1226 tam
1496 1165 1619 1227 vicinos
1640 1183 1739 1244 quam

60 1255 162 1336 longe
178 1259 314 1338 positos,
331 1256 473 1319 fraterna
488 1256 648 1318 debemus
665 1258 799 1318 caritate
815 1254 951 1338 diligere
975 1265 1009 1318 et
1028 1275 1140 1317 eorum
1158 1255 1259 1335 quieti
1276 1262 1310 1315 et
1324 1253 1548 1334 tranquillitati
1559 1254 1740 1330 salubriter,

60 1345 240 1408 auxiliante
264 1346 408 1420 domino,
441 1346 623 1427 providere.
673 1343 778 1408 Huius
809 1345 920 1425 utique
951 1347 997 1407 rei
1028 1345 1299 1418 consideratione,
1322 1342 1519 1405 venerabilis
1547 1343 1579 1404 in
1610 1342 1739 1406 Christo

59 1434 160 1496 irater
192 1434 447 1517 archiepiscope,
478 1435 540 1496 tuis
572 1436 664 1496 iustis
695 1433 968 1516 postulationibus
993 1434 1170 1496 clementer
1199 1434 1371 1494 annuimus
1403 1438 1436 1494 et
1458 1430 1739 1497 Tarentasiensem

60 1523 255 1598 ecclesiam,
286 1526 337 1586 cui
369 1524 434 1586 deo
457 1533 590 1586 auctore
621 1525 777 1605 presides,
808 1525 870 1586 sub
899 1524 987 1586 beati
1010 1522 1094 1585 Petri
1118 1530 1151 1585 et
1175 1530 1285 1584 nostra
1309 1523 1516 1603 protectione
1549 1523 1741 1604 suscipimus

60 1621 93 1674 et
122 1615 285 1694 presentis
316 1614 427 1695 scripti
459 1613 629 1695 privilegio
663 1615 912 1676 communimus.
958 1610 1154 1685 Statuentes‚
1186 1618 1221 1673 ut
1253 1628 1478 1692 quascumque
1507 1613 1743 1693 possessiones,

62 1722 274 1784 quecumqua
304 1702 393 1764 bona
421 1703 539 1764 eadem
573 1701 709 1764 ecclesia
739 1703 772 1764 in
805 1703 1042 1784 presentiarum
1073 1703 1158 1763 iuste
1189 1709 1223 1763 et
1252 1700 1406 1762 canonice
1437 1701 1593 1781 possidet,
1625 1709 1681 1763 aut
1711 1701 1742 1763 in

62 1792 206 1854 futurum
232 1793 445 1854 concessione
468 1791 670 1872 pontificum,
700 1791 871 1874 largitione
894 1810 1005 1872 regum
1030 1791 1082 1852 vel
1105 1790 1295 1871 principum,
1327 1788 1493 1851 oblatione
1516 1789 1659 1853 fidelium
1683 1809 1741 1852 seu

61 1881 129 1942 aliis
153 1881 247 1942 iustis
270 1881 386 1953 modis,
410 1887 578 1962 prestante
601 1880 745 1955 domino,
769 1882 891 1962 poterit
914 1881 1060 1961 adipisci,
1089 1879 1182 1941 firma
1204 1878 1264 1940 tibi
1289 1879 1418 1957 tuisque
1442 1877 1683 1941 successoribus
1708 1889 1741 1942 et

62 1969 186 2031 illibata
203 1977 426 2050 permaneant.
454 1968 489 2030 In
513 1969 631 2048 quibus
647 1967 708 2031 hec
724 1970 864 2051 propriis
880 1969 1032 2031 duximus
1049 1969 1263 2049 exprimenda
1279 1966 1460 2029 vocabulis:
1486 1965 1703 2049 Augustensis
1718 1967 1742 2055 ²)

63 2066 95 2120 et
106 2055 345 2142 Sedunensis⁸)
362 2060 581 2140 episcopatus,
605 2057 777 2120 ecclesiam
802 2061 904 2121 sancti
920 2057 1062 2120 Mauritii
1078 2077 1150 2119 cum
1169 2057 1321 2119 omnibus
1337 2058 1474 2119 decimis
1491 2065 1523 2118 et
1539 2059 1742 2138 pertinentiis

62 2149 137 2220 suis,
162 2148 309 2211 decimas
333 2147 376 2209 de
391 2147 561 2221 Bellantio,
585 2146 740 2210 ecclesias
755 2147 798 2208 de
814 2147 930 2210 Carina
953 2167 1026 2208 cum
1051 2147 1186 2208 decimis
1211 2155 1244 2208 et
1267 2145 1419 2208 omnibus
1442 2147 1644 2226 pertinentiis
1666 2149 1743 2221 suis,

16 2299 17 2310 ,
63 2237 238 2299 ecclesiam
262 2237 305 2299 de
321 2235 481 2318 Longalai
505 2256 578 2299 cum
602 2236 737 2298 decimis
760 2245 794 2298 et
817 2237 1020 2318 pertinentiis
1043 2236 1117 2310 suis,
1141 2235 1313 2298 ecclesiam
1331 2235 1374 2296 de
1389 2234 1499 2298 Vileta
1515 2255 1589 2298 cum
1605 2236 1742 2299 decimis

64 2337 96 2388 et
118 2327 275 2388 omnibus
298 2326 498 2407 pertinentiis
521 2327 596 2400 suis,
620 2325 775 2388 ecclesias
791 2325 833 2387 de
849 2326 947 2387 Prato
964 2345 1037 2387 cum
1054 2325 1189 2386 decimis
1205 2333 1238 2388 et
1253 2326 1457 2406 pertinentiis
1472 2327 1546 2400 suis,
1570 2325 1741 2389 ecclesiam

64 2418 165 2478 sancti
189 2414 303 2478 Iacobi
327 2435 401 2477 cum
430 2415 567 2477 decimis
599 2423 632 2476 et
662 2416 865 2490 pertinentiis
889 2415 963 2490 suis,
999 2413 1169 2476 ecclesiam
1200 2415 1243 2476 de
1267 2412 1402 2476 Bosellis
1436 2435 1509 2477 cum
1540 2415 1676 2478 decimis
1709 2423 1742 2479 et

65 2507 270 2586 pertinentiis
293 2507 368 2580 suis,
400 2504 571 2568 ecclesiam
595 2505 638 2565 de
662 2502 882 2584 Campaniaco
907 2523 981 2566 cum
1006 2504 1140 2565 decimis
1164 2512 1198 2565 et
1226 2503 1431 2584 pertinentiis
1461 2506 1535 2580 suis,
1568 2503 1740 2567 ecclesiam

65 2595 105 2656 de
135 2593 270 2656 Alodiis
299 2613 373 2656 cum
403 2593 541 2658 decimis
573 2601 606 2654 et
636 2593 839 2674 pertinentiis
870 2589 975 2676 (suis),
1012 2592 1181 2655 ecclesiam
1219 2594 1322 2655 sancti
1353 2590 1483 2654 Martini
1514 2593 1556 2655 de
1595 2592 1742 2656 Desertis

67 2702 136 2744 cum
170 2683 307 2745 decimis
338 2691 372 2745 et
404 2683 609 2763 pertinentiis
640 2684 720 2756 suis,
750 2681 919 2744 ecclesiam
950 2683 1054 2743 sancti
1078 2678 1229 2743 Iohannis
1260 2684 1291 2743 in
1323 2680 1439 2743 eadem
1468 2688 1555 2744 terra
1578 2702 1652 2744 cum
1685 2684 1742 2745 de·

67 2773 155 2833 cimis
186 2781 222 2833 et
245 2772 398 2834 omnibus
422 2770 625 2852 pertinentiis
649 2772 723 2844 suis,
754 2770 907 2832 ecclesias
930 2770 974 2831 de
998 2778 1110 2833 monte
1132 2768 1249 2832 Pontio
1273 2789 1347 2832 cum
1372 2770 1506 2832 decimis
1531 2778 1565 2833 et
1587 2771 1741 2834 omnibus

66 2861 270 2942 pertinentiis
300 2861 382 2935 suis,
420 2859 593 2922 ecclesiam
626 2859 669 2922 de
700 2858 833 2923 Celariis
865 2879 939 2921 cum
979 2859 1115 2921 decimis
1147 2867 1180 2920 et
1209 2859 1409 2942 pertinentiis
1446 2861 1529 2935 suis,
1570 2859 1740 2924 ecclesiam

16 2993 18 3014 i
66 2953 164 3011 sancti
189 2948 351 3012 Desiderii
375 2969 448 3010 cum
473 2949 606 3010 decimis
631 2956 664 3011 et
687 2950 890 3030 pertinentiis
914 2949 988 3022 suis,
1019 2947 1190 3011 ecclesiam
1221 2950 1264 3009 de
1286 2949 1428 3010 Turonis
1452 2969 1525 3010 cum
1550 2950 1684 3012 decimis
1708 2958 1741 3012 et

67 3039 275 3118 pertinentiis,
300 3038 454 3101 ecclesias
478 3037 520 3099 de
537 3035 692 3100 Conflens
716 3057 790 3099 cum
806 3038 941 3100 decimis
958 3045 991 3099 et
1007 3037 1209 3119 pertinentiis
1229 3038 1304 3112 suis,
1329 3036 1500 3100 ecclesiam
1518 3037 1560 3100 de
1575 3037 1740 3101 Ventonio

16 3161 17 3168 κ
67 3147 135 3190 cum
160 3128 299 3190 decimis
323 3136 355 3190 et
378 3126 578 3209 pertinentiis
601 3127 674 3200 suis,
706 3135 846 3207 quatuor
869 3125 1022 3189 ecclesias
1053 3127 1095 3189 de
1118 3125 1219 3188 Lucia
1250 3147 1326 3189 cum
1360 3128 1497 3189 decimis
1526 3135 1559 3190 et
1590 3127 1741 3190 omnibus

17 3251 18 3254 =
69 3218 270 3298 pertinentiis
293 3219 368 3292 suis,
400 3216 553 3278 ecclesias
576 3216 618 3278 de
642 3213 811 3279 Casarchis
840 3237 913 3278 cum
937 3216 1071 3278 decimis
1095 3223 1127 3278 et
1151 3217 1351 3298 pertinentiis
1383 3217 1464 3292 suis,
1496 3216 1667 3280 ecclesiam
1698 3217 1741 3280 de

68 3303 214 3368 Clariaco
245 3327 319 3368 cum
351 3305 502 3368 omnibus
530 3305 676 3368 ecclesiis
706 3304 749 3366 ad
778 3307 882 3386 ipsam
919 3304 1154 3386 pertinentibus
1192 3324 1266 3367 cum
1304 3307 1441 3368 decimis
1473 3314 1506 3368 et
1535 3308 1740 3388 pertinentiis

67 3414 182 3470 earum,
209 3395 316 3458 villam
334 3393 496 3458 Azosterii
520 3415 593 3456 cum
618 3393 769 3456 omnibus
793 3393 1055 3476 proprietatibus,
1078 3393 1186 3456 leodis
1203 3402 1236 3455 et
1251 3396 1455 3470 casamentis,
1479 3403 1621 3458 castrum
1636 3398 1740 3458 sancti

67 3483 173 3548 Iacobi
202 3504 275 3547 cum
300 3484 451 3548 omnibus
475 3480 742 3566 proprietatibus,
765 3482 869 3545 feodis
893 3492 926 3545 et
948 3483 1151 3556 casamentis
1175 3481 1293 3545 vallem
1309 3483 1352 3546 de
1368 3482 1507 3545 Bosellis
1524 3504 1597 3546 cum
1614 3505 1740 3567 appen-

68 3574 154 3636 diciis
178 3574 255 3647 suis,
284 3573 404 3636 vallem
429 3573 471 3635 de
495 3572 625 3635 Alodiis
649 3592 722 3634 cum
747 3571 899 3634 omnibus
923 3570 1189 3653 proprietatibus,
1219 3570 1326 3634 feodis
1349 3581 1383 3634 et
1405 3574 1607 3648 casamentis,
1632 3573 1740 3638 villam

68 3665 166 3725 sancti
184 3660 340 3725 Iohannis
363 3662 406 3725 de
423 3661 568 3724 Desertis
591 3680 666 3723 cum
690 3661 842 3723 omnibus
866 3659 1131 3743 proprietatibus,
1155 3658 1261 3722 feodis
1285 3669 1318 3723 et
1341 3662 1544 3738 casamentis,
1566 3662 1674 3725 villam
1698 3664 1741 3725 de

71 3749 227 3814 Flacteria
242 3771 317 3814 cum
333 3751 485 3813 omnibus
501 3750 764 3832 proprietatibus,
781 3749 885 3813 leodis
902 3758 935 3812 et
950 3749 1151 3824 casamentis,
1173 3747 1283 3810 villam
1300 3749 1342 3812 de
1357 3748 1485 3813 Comba
1501 3771 1574 3813 cum
1592 3749 1741 3814 omnibus

72 3841 271 3920 pertinentiis
294 3841 366 3914 suis,
389 3840 500 3904 villam
524 3842 627 3902 sancti
652 3839 783 3901 Martini
806 3858 880 3901 cum
905 3837 1168 3921 proprietatibus,
1191 3837 1296 3900 leodis
1328 3847 1361 3900 et
1389 3842 1592 3915 casamentis,
1622 3839 1740 3904 vallem

18 3997 19 4006 ἶ
71 3929 110 3991 de
131 3928 237 3992 Nauis
260 3950 335 3992 cum
359 3929 511 3993 omnibus
543 3928 797 4010 proprietatibus
827 3930 893 3990 suis
925 3936 958 3990 et
988 3927 1189 4002 casamentis,
1211 3926 1328 3990 vallem
1358 3929 1461 3990 sancti
1485 3928 1643 3991 Desiderii
1666 3949 1740 3993 cum

72 4019 221 4082 omnibus
245 4017 510 4101 proprietatibus,
533 4017 640 4080 feodis
664 4024 697 4078 et
711 4017 912 4090 casamentis,
937 4024 1073 4097 partem,
1098 4034 1196 4095 quam
1219 4014 1320 4079 habet
1342 4017 1374 4078 in
1397 4026 1504 4080 castro
1521 4018 1563 4080 de
1579 4016 1740 4096 Conflens,

72 4126 141 4170 cum
172 4108 431 4191 proprietatibus
462 4116 496 4170 et
525 4106 648 4181 feodis,
680 4105 797 4168 vallem
827 4108 870 4168 de
892 4105 994 4168 Lucia
1024 4125 1098 4167 cum
1122 4107 1325 4187 pertinentiis
1348 4105 1428 4181 suis,
1461 4106 1615 4170 ecclesias
1639 4109 1741 4170 sancti

73 4196 185 4273 Iacobi,
208 4199 312 4260 sancti
330 4193 470 4278 Georgii,
494 4216 574 4278 quas
597 4194 698 4258 habet
721 4196 752 4257 in
777 4192 928 4276 Augusta
951 4195 1089 4269 civitate,
1114 4214 1187 4256 cum
1204 4195 1339 4258 decimis
1355 4203 1388 4259 et
1403 4196 1602 4278 pertinentiis
1619 4217 1740 4274 earum,

74 4286 240 4349 ecclesiam
267 4288 371 4349 sancti
393 4285 505 4350 Iacobi
536 4286 578 4348 de
602 4292 708 4348 castro
733 4284 903 4366 Argenteo
937 4303 1010 4346 cum
1042 4284 1245 4366 pertinentiis
1274 4285 1347 4347 suis.
1394 4282 1572 4348 Statuimus
1602 4286 1741 4369 insuper,

74 4383 106 4436 ut
126 4377 309 4458 prescripta
332 4375 470 4438 ecclesia
494 4374 571 4438 nulli
596 4392 739 4453 unquam
763 4372 1032 4455 archiepiscopali
1055 4372 1191 4435 ecclesie
1215 4373 1364 4454 primatie
1378 4375 1447 4437 iure
1461 4375 1597 4438 subesse
1613 4374 1741 4452 debeat,

73 4471 119 4526 set
140 4465 201 4527 soli
224 4473 433 4528 sacrosancte
456 4463 605 4527 Romane
629 4463 767 4525 ecclesie
790 4465 840 4536 sit,
864 4463 951 4524 nullo
975 4463 1148 4537 mediante,
1172 4462 1328 4538 subiecta,
1357 4465 1441 4526 sicut
1463 4462 1619 4526 hactenus
1642 4464 1742 4527 fuisse

74 4553 256 4616 dinoscitur.
294 4555 434 4616 iustitias
458 4572 601 4633 quoque,
625 4552 739 4627 sorum,
763 4551 871 4628 feuda,
895 4558 1082 4614 casamenta
1105 4559 1139 4613 et
1161 4552 1268 4613 bonos
1284 4571 1368 4626 usus,
1392 4572 1455 4632 que
1471 4555 1504 4616 in
1519 4560 1605 4616 terra
1620 4553 1742 4616 Taren·

74 4645 214 4705 tasiensis
239 4641 374 4706 ecclesie
397 4651 432 4705 tu
455 4652 488 4704 et
511 4641 763 4726 predecessores
793 4644 840 4703 tui
872 4640 1029 4703 hactenus
1061 4640 1293 4703 rationabiliter
1323 4639 1497 4717 habuistis,
1528 4643 1586 4705 tibi
1612 4650 1645 4705 et
1668 4662 1740 4704 suc·

75 4733 256 4795 cessoribus
279 4733 342 4794 tuis
366 4733 560 4794 auctoritate
582 4729 765 4812 apostolica
790 4730 1029 4793 confirmamus.
1074 4727 1312 4793 Nichilominus
1336 4730 1434 4793 etiam
1459 4733 1568 4794 omnia
1591 4730 1654 4806 illa,
1677 4750 1742 4811 que

75 4819 305 4884 rationabiliter
319 4820 370 4885 vel
392 4821 434 4883 ad
460 4841 575 4883 manus
599 4829 670 4882 tuas
693 4827 784 4883 tenes
809 4828 864 4882 aut
886 4818 938 4882 alii
962 4826 1077 4881 tenent
1100 4818 1230 4880 nomine
1253 4826 1309 4881 tuo
1334 4827 1367 4882 et
1391 4819 1571 4902 prescripte
1595 4820 1741 4896 ecclesie,

76 4908 127 4971 tibi
148 4918 181 4973 et
210 4910 455 4974 successoribus
489 4912 552 4972 tuis
582 4909 734 4971 duximus
766 4907 1006 4982 confirmanda,
1036 4907 1097 4970 sub
1128 4908 1390 4971 interminatione
1419 4908 1635 4972 anathematis
1667 4930 1742 4992 pro·

77 4995 230 5074 hibentes,
262 5019 302 5062 ne
326 5001 399 5080 quis
422 5019 550 5072 eorum,
582 5001 638 5079 qui
669 4997 768 5060 leuda
797 5006 855 5060 tuo
878 4997 930 5060 vel
961 4996 1098 5059 ecclesie
1130 5005 1185 5060 tue
1216 5000 1347 5060 nomine
1375 5007 1495 5073 tenent,
1527 4999 1634 5061 bonos
1666 5019 1742 5061 usus

76 5084 241 5151 feodorum
265 5088 465 5163 subtrahere,
490 5089 586 5151 nobis
611 5095 720 5150 autem
745 5087 861 5150 eadem
884 5086 985 5149 seoda
1007 5086 1059 5148 vel
1084 5107 1159 5148 usus
1184 5085 1290 5150 celare
1313 5106 1370 5149 seu
1394 5089 1580 5151 temeritate
1596 5086 1742 5167 qualibet

78 5175 116 5237 ab
148 5178 261 5241 eadem
295 5177 433 5241 ecclesia
463 5178 603 5240 alienare
636 5186 810 5257 presumat.
866 5176 1082 5239 Decernimus
1112 5195 1200 5257 ergo,
1234 5183 1269 5237 ut
1300 5175 1378 5238 nulli
1411 5177 1544 5240 omnino
1574 5177 1741 5240 hominum

77 5260 171 5342 liceat,
193 5266 355 5349 prefatam
381 5266 550 5330 ecclesiam
574 5275 698 5329 temere
729 5265 921 5347 perturbare
944 5272 1000 5327 aut
1026 5265 1094 5327 eius
1125 5265 1348 5346 possessiones
1378 5265 1505 5329 auferre
1535 5265 1587 5329 vel
1616 5266 1742 5330 ablatas

80 5355 222 5432 retinere,
254 5358 398 5420 minuere
428 5365 484 5419 aut
513 5354 716 5436 quibuslibet
744 5352 973 5417 vexationibus
997 5353 1149 5436 fatigare,
1180 5363 1231 5417 set
1261 5357 1372 5417 omnia
1401 5358 1525 5438 integra
1556 5364 1589 5418 et
1618 5354 1742 5419 illibata

78 5453 236 5508 serventur
258 5465 381 5520 eorum,
413 5465 474 5526 pro
497 5464 634 5526 quorum
658 5443 892 5526 gubernatione
924 5463 962 5505 ac
991 5444 1227 5506 sustentatione
1250 5464 1407 5508 concessa
1430 5452 1513 5520 sunt,
1537 5436 1741 5530 usibus<que)

80 5534 269 5597 omnimodis
301 5534 486 5617 profutura,
525 5534 614 5598 salva
647 5533 734 5596 sedis
766 5532 948 5617 apostolice
982 5534 1185 5597 auctoritate.
1241 5529 1275 5595 Si
1307 5552 1372 5613 qua
1404 5535 1501 5616 igitur
1531 5535 1564 5597 in
1594 5533 1738 5596 futurum

231 5729 322 5794 1)Dr'e
339 5730 464 5795 Absclrnst
480 5730 555 5780 dieser
575 5727 635 5782 Ura.
652 5727 775 5778 verdarike
791 5729 828 5780 iet
846 5727 931 5780 Herm
952 5728 1012 5778 Cau.
1031 5725 1129 5777 Moris
1146 5725 1172 5776 in
1194 5726 1282 5778 Tmen.
1337 5733 1364 5794 a)
1376 5730 1456 5780 Aosta.
1530 5727 1558 5794 3)
1572 5728 1638 5789 Sim,
1657 5728 1741 5778 Sidera.

128 5833 148 5862 v·
161 5824 453 5875 Prien-Hermus,
469 5827 526 5867 Acta
539 5827 582 5867 111.
1502 5820 1535 5872 3²
