4142 6366
1679 321 1742 386 293

287 495 403 577 †Ego
425 491 584 556 Vivianus
614 491 661 554 tit.
684 492 787 553 sancti
811 488 969 572 Stephani
998 491 1030 553 in
1054 489 1146 555 Celio
1178 497 1289 554 monte
1320 491 1482 575 presbiter
1512 490 1682 556 cardinalis
1704 512 1746 557 ss.

287 587 309 664 †
331 583 403 666 Ego
428 581 591 663 Cynthius
614 579 774 664 presbiter
797 580 968 643 cardinalis
992 583 1040 643 tit.
1064 588 1177 644 sancte
1200 579 1321 644 Cecilie
1342 601 1384 644 ss

287 675 308 752 †
331 672 404 754 Ego
427 670 594 733 Arduinus
619 669 781 753 presbiter
803 669 973 732 cardinalis
995 673 1044 732 tit.
1067 678 1179 734 sancte
1203 668 1313 733 Crucis
1336 670 1367 732 in
1390 670 1565 735 Ierusalem
1588 690 1628 732 ss.

286 765 308 842 †
330 761 403 844 Ego
428 759 579 824 Matheus
603 759 764 842 presbiter
788 759 957 822 cardinalis
979 761 1028 821 tit.
1050 761 1153 822 sancti
1179 756 1325 822 Marcelli
1349 779 1390 821 ss.
1414 755 1461 844 (2)

286 854 308 931 †
330 850 403 933 Ego
426 850 595 913 Laborans
619 848 781 931 presbiter
803 847 977 911 cardinalis
1000 855 1112 911 sancte
1129 848 1232 911 Marie
1248 848 1485 912 Transtiberim
1508 849 1554 910 tit
1571 846 1688 912 Calixti
1704 867 1745 912 ss.

288 977 328 987 -
353 937 373 1022 †
397 939 470 1022 Ego
493 934 682 1022 Iac(inthus)
704 945 816 1000 sancte
840 939 943 1000 Marie
966 939 998 1000 in
1023 937 1204 1018 Cosmidyn
1227 938 1386 1000 diaconus
1410 937 1579 1001 cardinalis
1602 958 1643 1000 ss.

287 1029 307 1114 †
330 1031 403 1112 Ego
426 1027 557 1092 Arditio
580 1029 684 1090 sancti
707 1027 875 1091 Theodori
900 1028 1056 1090 diaconus
1079 1027 1251 1090 cardinalis
1275 1047 1314 1088 ss
1330 1023 1376 1111 (3)

285 1119 402 1200 †Ego
426 1116 594 1180 Rainerius
625 1118 727 1180 saneti
758 1114 891 1197 Georgii
915 1117 957 1178 ad
973 1114 1092 1178 Velum
1116 1135 1249 1178 aureum
1273 1116 1428 1179 diaconus
1450 1115 1620 1178 cardinalis
1644 1135 1684 1178 ss.
1700 1111 1747 1200 (1)

286 1211 307 1289 †
330 1209 403 1290 Ego
428 1207 596 1269 Rainerius
620 1207 723 1269 sancti
746 1204 885 1267 Adriani
905 1203 934 1290 a)
957 1206 1115 1267 diaconus
1139 1204 1312 1267 cardinalis
1335 1225 1375 1266 ss.

233 1297 309 1360 Dat.
332 1297 478 1370 velletri,
502 1315 562 1376 per
584 1315 717 1358 manum
741 1293 881 1370 Alberti,
911 1301 1024 1357 sancte
1046 1294 1196 1357 Romane
1220 1293 1357 1356 ecclesie
1380 1293 1552 1376 presbiteri
1576 1292 1747 1356 cardinalis

62 1393 99 1446 et
116 1385 312 1450 cancellarii.
350 1401 388 1450 111
404 1385 480 1448 Idus
499 1382 528 1468 b)
546 1383 658 1447 Madii.
696 1384 877 1447 Indictione
892 1396 951 1447 XV.
990 1383 1222 1446 lncamationis
1238 1383 1401 1446 dominice
1417 1403 1501 1446 anno
1517 1395 1690 1446 MCLXXXII
1709 1380 1745 1466 c).

62 1475 284 1539 Pontificatus
308 1495 385 1540 vero
409 1476 547 1557 dompni
571 1474 674 1538 LUCII
697 1495 743 1556 pp
767 1488 806 1537 111
829 1493 915 1536 anno
938 1489 960 1536 1.
983 1507 1027 1519 -

236 1591 278 1640 Or.
298 1589 336 1650 (S.
354 1588 474 1652 Marum)
492 1590 530 1638 im
547 1589 661 1638 Archivio
678 1588 705 1636 di
723 1588 790 1636 Staio
808 1604 837 1636 ru
857 1587 923 1637 Pisa.

234 1662 303 1728 Perg.
316 1662 377 1721 irat,
389 1663 424 1710 br.
438 1663 525 1721 udas,
544 1663 605 1726 lang
617 1662 702 1720 0,057,
720 1661 903 1725 umgerclelcgrn
914 1658 1007 1721 0,075,·
1024 1657 1103 1709 durch
1115 1658 1174 1706 rauci
1183 1655 1342 1722 Lichergr'ng
1358 1657 1396 1705 dic
1407 1657 1512 1720 Sclenur,
1531 1659 1617 1708 welche
1634 1658 1678 1708 mit
1695 1658 1747 1707 dem

63 1731 198 1796 Bler'sr'egel
219 1735 337 1792 verlorm,
364 1733 474 1798 Fallung
499 1734 543 1781 der
566 1733 663 1782 Bullen.
701 1731 838 1796 Ringkreuz
861 1731 954 1780 undE
973 1731 1016 1780 der
1038 1729 1203 1793 Unterschrrfl
1225 1745 1272 1777 von
1293 1727 1398 1794 gleicher
1418 1730 1579 1793 gelbbramrer
1602 1730 1683 1788 Diale,
1711 1729 1748 1778 die

62 1803 150 1870 ibrrgte
173 1804 344 1870 Umerscknfl,
361 1807 424 1854 Rota
441 1805 497 1854 und
516 1803 651 1865 Umsclm'ft
667 1803 760 1852 dmrkel
777 1803 918 1862 rothbraun,
938 1816 1045 1868 wogegen
1062 1801 1148 1865 Geripp
1165 1799 1221 1850 und
1237 1799 1356 1863 Imchrrfl
1376 1815 1424 1849 uon
1442 1801 1485 1849 der
1502 1801 1578 1851 Dinte
1595 1802 1634 1849 des
1652 1801 1747 1864 Haupt·

62 1874 167 1938 harpen
185 1877 335 1934 territam,-
357 1877 483 1942 Datr'mng
503 1891 550 1925 von
575 1876 679 1924 anderer
702 1876 740 1923 als
763 1889 810 1924 von
833 1875 943 1934 letztrrer,
968 1873 1014 1922 mit
1036 1879 1109 1921 choas
1133 1871 1263 1922 dunklerer
1286 1872 1331 1918 das
1348 1873 1372 1919 A
1389 1872 1482 1920 Albrrtr
1507 1874 1663 1938 eingetragm.
1701 1873 1748 1921 Die

64 1945 355 2013 Zeugmrmtersclmften
380 1947 472 1997 rium
496 1949 543 1996 alle
564 1961 612 1996 von
631 1947 805 2012 graubrauner
822 1946 896 1994 Dinte
922 1947 973 2004 ter,
998 1960 1050 1994 mar
1072 1943 1109 1993 die
1132 1943 1172 1992 des
1189 1943 1322 2010 Presbytrrr
1340 1942 1446 2003 Arduin,
1477 1945 1522 1993 mit
1543 1945 1682 1994 Ausnaltmr
1709 1945 1748 1994 des

63 2017 183 2079 Krene,
202 2021 260 2069 rard
274 2035 321 2070 von
343 2019 500 2070 Tleodcwr'n:
518 2019 574 2084 Ego
593 2017 740 2069 Theodiuus
758 2017 901 2068 Portuensis
919 2017 978 2067 sind
992 2014 1037 2066 mit
1053 2015 1184 2066 duri-ilem
1200 2015 1275 2066 Dr'ntc
1288 2014 1443 2080 geschtebm.

817 2298 884 2376 Nr.
914 2301 1003 2373 322.

66 2437 191 2502 taceas
207 2437 275 2502 III
291 2434 441 2520 besttitrssft
453 2435 527 2502 dem
544 2435 689 2519 Kapitel
709 2453 782 2496 vom
813 2429 953 2514 heiligen
983 2429 1091 2495 Grabe
1124 2451 1165 2496 au
1190 2429 1377 2505 Jemalem
1398 2427 1601 2494 sdmmtliche
1627 2429 1747 2494 Besitr·

714 2523 842 2587 thrimer
854 2521 927 2585 urzd
941 2519 1058 2584 Rechte
1076 2523 1114 2606 ¹).

631 2657 639 2664 ·
695 2641 782 2702 1182
797 2637 884 2712 Juni
897 2639 949 2700 30.
990 2634 1130 2700 Velletri.

233 2757 353 2820 Lucius
384 2758 578 2841 episcopuS,
607 2775 719 2818 servus
751 2774 919 2818 servorum
951 2753 1022 2828 dei,
1055 2751 1184 2814 dilectis
1213 2749 1285 2812 filiis
1316 2751 1430 2824 Petro,
1461 2749 1561 2831 priori
1592 2747 1748 2813 ecclesiae

65 2849 176 2910 sancti
201 2845 382 2930 Sepulchri,
405 2847 538 2928 eiusque
562 2845 725 2920 fratribus
749 2851 816 2907 tam
841 2841 1045 2926 presentibus
1070 2861 1168 2923 quam
1192 2840 1315 2914 suturis,
1344 2837 1526 2921 regularem
1549 2841 1649 2902 vitam
1673 2860 1749 2922 pro·

6 2999 7 3002 ,
66 2935 175 3010 fessis,
200 2949 238 3000 ΙΝ
262 2948 338 2998 ΡΡΜ.
362 2936 481 2998 -Pie
505 2933 681 3016 postulatio
697 2934 873 2997 voluntatis
898 2933 1014 2995 effectu
1039 2931 1140 2993 debet
1163 2935 1384 3011 prosequente
1400 2927 1565 3010 compleri,
1588 2935 1748 3007 quatenus

68 3034 103 3088 et
136 3027 325 3089 devotionis
362 3027 529 3087 sinceritas
568 3022 775 3087 laudabiliter
807 3029 973 3085 accrescat
1001 3028 1035 3082 et
1066 3020 1186 3082 utilitas
1217 3019 1381 3101 postulata
1411 3019 1495 3080 vires
1527 3017 1748 3081 indubitanter

67 3122 227 3178 assumat.
272 3115 468 3197 Eapropter,
498 3112 606 3175 dilecti
629 3114 661 3175 in
683 3113 818 3175 domino
858 3111 923 3186 filii,
963 3111 1079 3172 vestris
1124 3109 1215 3171 iustis
1256 3107 1527 3190 postulationibus
1569 3107 1748 3170 clementer

68 3206 246 3266 annuimus
279 3213 312 3266 et
344 3203 514 3266 ecclesiam
542 3205 644 3264 sancti
668 3199 847 3284 Sepulchri,
881 3203 913 3262 in
946 3219 1012 3281 qua
1043 3199 1154 3260 divino
1187 3198 1363 3278 mancipati
1395 3196 1470 3258 estis
1503 3197 1673 3275 obsequio,
1703 3197 1746 3260 ad

69 3292 246 3375 exemplar
269 3293 537 3375 predecessorum
562 3299 757 3366 nostrorum,
787 3291 842 3372 pie
875 3290 1033 3353 memorie
1056 3286 1194 3351 Honorii
1211 3284 1244 3371 ⁹),
1267 3285 1445 3349 Innocentii
1462 3283 1496 3371 ο),
1519 3285 1695 3350 Coelestini
1712 3283 1748 3372 ⁴),

67 3381 168 3446 Lucii
184 3379 220 3467 ⁵),
245 3380 381 3463 Eugenii
398 3380 432 3466 Β),
455 3379 637 3444 Alexandri
655 3377 688 3465 ²),
711 3381 935 3443 Romanorum
959 3376 1161 3459 pontificum,
1184 3376 1245 3438 sub
1268 3375 1356 3438 beati
1372 3374 1457 3437 Petri
1482 3382 1515 3437 et
1538 3383 1649 3439 nostra
1672 3395 1747 3456 pro·

69 3474 220 3534 tectione
242 3471 434 3553 suscipimus
459 3479 492 3533 et
514 3472 675 3553 presentis
697 3471 811 3550 scripti
835 3469 1019 3550 patrocinio
1043 3465 1272 3529 confirmamus
1291 3462 1329 3548 d).
1375 3464 1410 3527 In
1441 3465 1553 3547 primis
1584 3465 1747 3545 siquidem

69 3568 272 3636 statuentes,
305 3568 341 3622 ut
371 3562 453 3623 ordo
484 3559 676 3634 canonicus,
708 3559 761 3639 qui
791 3558 970 3621 secundum
1000 3556 1098 3618 deum
1120 3551 1147 3639 e)
1179 3561 1212 3616 et
1234 3553 1324 3616 beati
1347 3552 1522 3635 Augustini
1546 3554 1691 3634 regulam
1715 3555 1748 3615 in

6 3719 7 3722 Ἴ
70 3652 144 3732 ipsa
177 3649 316 3712 ecclesia
347 3650 510 3712 institutus
539 3668 611 3711 esse
641 3648 827 3723 dinoscitur,
859 3645 1026 3729 perpetuis
1056 3643 1178 3706 ibidem
1201 3643 1407 3724 temporibus
1433 3641 1661 3705 inviolabiliter
1691 3642 1746 3705 ob·

68 3745 227 3802 servetur.
275 3737 434 3814 Preterea,
459 3757 682 3820 quascumque
705 3737 945 3820 possessiones,
978 3751 1183 3817 quecumque
1213 3731 1301 3795 bona
1324 3733 1440 3794 eadem
1468 3730 1606 3795 ecclesia
1629 3733 1747 3812 impre-

67 3828 249 3892 sentiarum
273 3827 356 3890 iuste
379 3835 413 3890 et
436 3829 591 3890 canonice
621 3826 772 3910 possidet
801 3832 858 3888 aut
880 3827 911 3887 in
935 3825 1077 3888 futurum
1108 3822 1321 3884 concessione
1345 3819 1545 3903 pontificum,
1576 3820 1747 3902 largitione

67 3938 185 4000 regum
211 3916 264 3979 vel
286 3916 476 3999 principum,
501 3915 669 3979 oblatione
692 3913 836 3978 fidelium
860 3933 917 3976 seu
941 3913 1008 3976 aliis
1025 3913 1116 3974 iustis
1133 3911 1248 3984 modis,
1273 3917 1440 3992 prestante
1456 3910 1602 3984 domino,
1626 3909 1748 3991 poterit

67 4007 218 4089 adipisci,
249 4005 342 4068 firma
364 4005 459 4069 vobis
483 4007 666 4084 vestrisque
689 4003 930 4067 successoribus
962 4010 994 4065 et
1025 4000 1148 4064 illibata
1177 3995 1423 4084 (per)maneant.
1468 4000 1504 4061 ln
1535 3998 1652 4080 quibus
1684 3996 1747 4061 hec

68 4097 213 4179 propriis
235 4095 389 4158 duximus
412 4094 626 4176 exprimenda
649 4093 833 4158 vocabulis:
858 4092 1069 4154 medietatem
1093 4089 1236 4153 omnium
1260 4088 1470 4163 oblationum,
1493 4107 1557 4170 que
1578 4088 1620 4150 ad
1634 4084 1746 4170 Sepul-

69 4183 186 4248 chrum
211 4185 335 4247 domini
360 4183 567 4266 pertinebunt
588 4180 641 4246 vel
665 4183 853 4245 deserentur
875 4183 917 4245 ad
942 4181 1129 4254 dominum,
1167 4179 1248 4241 duas
1270 4175 1300 4262 s)
1324 4175 1482 4241 ecclesiae
1506 4185 1623 4259 partes,
1648 4196 1745 4239 unam

69 4295 131 4356 pro
156 4273 369 4337 luminaribus
393 4273 539 4346 ecclesie,
563 4272 699 4336 alteram
723 4291 802 4335 vero
826 4271 868 4333 ad
892 4271 1060 4334 servitium
1085 4270 1316 4332 canonicorum
1338 4287 1469 4350 semper
1484 4265 1629 4341 habebit,
1654 4265 1748 4328 tertia

68 4383 150 4427 vero
173 4370 301 4425 tantum
324 4361 519 4425 venerabilis
543 4361 646 4424 fratris
670 4361 771 4424 nostri
793 4360 912 4423 Eraclii
936 4358 1120 4442 patriarche
1143 4365 1176 4420 et
1191 4376 1414 4420 successorum
1432 4357 1498 4419 eius
1515 4356 1625 4441 usibus
1641 4354 1747 4432 cedet,

69 4451 201 4515 vivifice
235 4449 441 4514 nihilominus
472 4452 591 4526 crucis,
623 4470 688 4530 que
707 4444 844 4532 ¹quidem
876 4449 1025 4512 custodie
1054 4455 1162 4511 vestre
1193 4447 1376 4529 deputatur,
1410 4445 1594 4508 oblationes
1623 4464 1746 4522 omnes,

70 4548 216 4623 excepta
254 4541 325 4604 sola
363 4541 416 4603 die
447 4535 647 4626 [parasceve]
678 4551 733 4604 aut
768 4559 842 4603 cum
876 4539 1027 4602 eumdem
1059 4535 1277 4620 patriarcham
1295 4533 1324 4620 t)
1356 4535 1407 4598 vel
1437 4554 1640 4598 successores
1670 4555 1747 4597 suos

70 4631 252 4695 necessitas
275 4629 470 4712 compulerit
502 4649 573 4691 eam
606 4631 638 4692 in
662 4627 909 4712 expeditionem
934 4637 1074 4710 portare,
1107 4646 1234 4689 necnon
1267 4636 1300 4688 et
1323 4643 1478 4706 magnum
1502 4623 1611 4699 altare,
1644 4619 1746 4710 [quod

71 4716 133 4806 est]
159 4721 194 4782 in
219 4719 321 4782 choro
344 4728 452 4782 vestro
477 4739 551 4781 cum
575 4719 728 4781 omnibus
752 4717 975 4782 oblationibus
999 4716 1105 4779 eidem
1128 4713 1404 4797 provenientibus,
1434 4733 1595 4777 carcerem
1614 4709 1644 4799 h)
1667 4732 1746 4795 quo·

73 4830 138 4891 que
163 4820 199 4871 et
221 4809 322 4872 altare
345 4829 419 4871 cum
443 4809 604 4883 omnibus,
630 4828 694 4889 que
717 4808 763 4870 ibi
787 4807 970 4882 offerentur,
995 4806 1096 4868 altare
1118 4805 1222 4868 sancti
1248 4801 1331 4866 Petri
1354 4812 1387 4865 et
1409 4805 1513 4866 sancti
1530 4800 1690 4885 Stephani
1714 4810 1748 4865 et

71 4899 208 4962 invente
231 4895 381 4982 erneisi)
405 4917 479 4960 cum
503 4897 658 4960 altaribus
682 4907 715 4960 et
738 4896 960 4959 oblationibus
984 4895 1117 4970 cunctis,
1143 4893 1244 4956 altare
1268 4891 1358 4974 quod
1382 4901 1431 4954 est
1455 4889 1497 4954 ad
1521 4901 1620 4973 caput
1643 4893 1746 4955 sancti

72 4985 256 5070 Sepulchri,
279 4985 483 5068 parrochiale
506 5006 579 5049 cum
604 4985 828 5050 oblationibus
849 4987 922 5061 suis,
947 4983 1146 5058 cathedram,
1166 5003 1230 5064 que
1245 4991 1295 5044 est
1310 5000 1394 5063 pene
1402 4977 1442 5065 lt)
1465 5001 1620 5063 magnum
1636 4981 1746 5057 altare,

72 5087 105 5140 et
136 5078 264 5152 omnia,
302 5097 365 5158 que
395 5075 519 5138 ibidem
541 5075 593 5138 vel
625 5077 657 5136 in
689 5095 897 5157 quocumque
927 5074 1181 5156 prescriptorum
1213 5071 1363 5134 altarium
1394 5071 1526 5134 missam
1560 5067 1748 5152 patriarcha

73 5167 297 5241 celebraverit,
321 5165 363 5226 ad
387 5182 520 5226 manum
536 5183 629 5227 suam
643 5163 695 5226 vel
711 5166 753 5227 ad
769 5164 890 5246 pedem
906 5163 1090 5238 offerentur,
1115 5181 1229 5225 omnes
1245 5161 1343 5223 etiam
1360 5159 1545 5223 oblationes
1561 5154 1746 5244 compass[i,

222 5273 343 5280 ——-·-—-
357 5272 499 5279 *-

235 5308 260 5370 a)
280 5303 398 5355 hadriani
470 5304 498 5368 b)
517 5303 547 5352 ld
564 5303 689 5354 ther‘lwcr'se
704 5303 758 5368 auf
770 5305 855 5352 Rasur
927 5305 952 5362 ο)
971 5303 1085 5352 rreisclm
1104 5303 1147 5351 der
1164 5302 1252 5351 dritten
1270 5301 1295 5350 X
1312 5300 1499 5350 mrdIIRarur
1568 5301 1595 5366 d)
1614 5299 1747 5366 privilegio

73 5377 257 5428 communimus
296 5373 369 5442 Jaſje'
392 5378 451 5440 Reg.
470 5377 555 5424 10571
647 5381 672 5434 ε)
691 5391 717 5424 so
738 5375 767 5439 J.
790 5376 881 5434 10571,
899 5375 1006 5424 Abschr:
1030 5374 1159 5424 dominum
1249 5372 1440 5436 odelerentur,
1466 5373 1512 5421 sed
1535 5373 1568 5421 de
1595 5388 1652 5422 cera
1687 5373 1748 5422 duas

76 5451 106 5514 J.
132 5450 219 5498 10571
308 5459 336 5512 g)
355 5453 379 5496 et
397 5463 453 5496 cum
471 5447 614 5510 patriarcha
635 5444 707 5512 Juffe‘
729 5448 789 5511 Reg.
815 5448 881 5495 7014
971 5447 997 5509 h)
1016 5461 1041 5495 so
1068 5447 1098 5510 J.
1125 5449 1219 5505 10571,
1243 5445 1351 5494 Abschr:
1374 5459 1449 5508 quam
1538 5445 1556 5506 i)
1576 5443 1746 5494 inventionem

77 5522 106 5584 J.
128 5521 215 5569 10571
285 5519 311 5583 lr)
330 5525 388 5583 post
408 5520 438 5584 J.
460 5521 548 5569 10571.
568 5557 621 5563 -.-
641 5523 677 5581 ,1)
696 5518 743 5566 Die
766 5518 892 5581 Absclrrr'st
916 5518 990 5566 dieser
1010 5517 1126 5566 Urkunde
1149 5516 1270 5566 verdanke
1293 5516 1331 5566 ich
1348 5517 1433 5565 Herm
1450 5515 1606 5564 Arawacm
1627 5515 1749 5565 Gr'ouamri

79 5590 260 5641 Tarantini
277 5607 306 5640 ru
325 5591 440 5640 Brindisi.
514 5591 541 5656 2)
563 5587 643 5655 Jaffe,
663 5592 720 5655 Reg.
740 5592 816 5639 5777.
891 5593 917 5654 3)
939 5585 1012 5654 Jaffe‘
1027 5591 1084 5653 Reg.
1102 5591 1178 5648 5070,
1198 5589 1274 5647 5771,
1294 5589 1371 5637 5800.
1443 5589 1471 5653 4)
1492 5583 1571 5652 Jaffe',
1591 5589 1647 5652 Reg.
1668 5589 1746 5646 6004,

75 5665 153 5724 0000,
173 5663 252 5712 0007.
326 5671 351 5728 5)
373 5659 448 5730 Jaffe'
461 5664 521 5726 Reg.
540 5663 617 5724 0005,
637 5663 711 5712 0118.
786 5661 812 5726 6)
834 5657 906 5732 Joffe'
923 5663 980 5729 Reg.
1001 5661 1075 5722 0757,
1095 5659 1170 5710 0434.
1245 5663 1271 5726 7)
1293 5656 1374 5728 Jaffl',
1393 5660 1451 5725 Reg.
1470 5660 1545 5722 7131,
1569 5660 1645 5721 7010,
1672 5660 1746 5722 7011,

77 5737 154 5796 7017,
176 5735 254 5788 7014.
