4126 6366
315 344 379 436 336

312 546 377 608 hoc
401 551 597 628 attemptare
620 544 864 627 presumpserit,
889 543 1151 629 indignationem
1175 541 1413 627 omnipotentis
1438 543 1491 609 dei
1508 557 1540 608 et
1556 544 1729 608 beatorum
1744 539 1833 608 Petri
1850 557 1884 607 et
1899 539 1990 621 Pauli,

313 633 539 717 apostolorum
563 634 639 708 eius,
663 655 698 696 se
722 635 851 696 noverit
874 635 1084 698 incursurum.
1108 667 1152 678 -
1174 635 1251 696 Dat.
1275 631 1419 711 Verone,
1442 649 1481 698 111
1504 633 1559 697 Kl.
1585 636 1709 698 Marcii.

476 748 637 812 Tromsumpt
655 748 695 798 des
715 749 809 813 Jahres
827 750 894 798 1456
914 747 1087 812 (Abtheilungy
1104 748 1310 814 Roilenharlach),
1329 749 1362 798 im
1378 748 1535 813 allgrenrer'nrn
1553 749 1736 799 Reichsarchr've
1756 765 1788 797 zu
1805 747 1943 798 Maean.

1060 1034 1127 1109 Nr.
1158 1038 1248 1110 378.

320 1168 431 1233 Urban
454 1166 518 1231 III
535 1165 696 1251 bewillrgt
709 1166 782 1231 dem
795 1167 1007 1251 Domkapitel
1018 1189 1079 1231 von
1091 1166 1242 1250 Balagaia,
1257 1166 1337 1232 dass
1354 1167 1421 1232 ilem
1437 1164 1489 1231 ein
1500 1166 1636 1230 Anthea
1653 1188 1696 1230 an
1712 1167 1787 1230 dem
1815 1165 1992 1230 Vermiicht-

312 1259 398 1322 nisse
409 1257 594 1342 derjenrgen
609 1258 717 1320 seiner
727 1255 1320 1430 psarmng‘hlmgssrssi'jmslsslk’
1335 1256 1390 1321 die
1404 1257 1473 1321 sicle
1489 1257 1541 1321 bei
1554 1253 1644 1320 aner
1656 1257 1798 1320 anderen
1812 1254 1936 1320 Kirclre
1950 1255 1993 1318 br·

883 1465 1100 1526 1186-1187
1114 1463 1213 1526 Mc'c'ra
1228 1465 1260 1525 2.
1303 1460 1433 1526 Verona.

471 1577 626 1642 Urbanus
649 1579 834 1660 episcopua,
858 1600 969 1642 servus
992 1600 1160 1642 servorum
1185 1578 1247 1652 dei,
1272 1579 1400 1642 dilectis
1423 1578 1505 1652 filiis,
1530 1577 1764 1641 archidiacono
1782 1588 1816 1641 et
1831 1577 1995 1640 canonicis

312 1666 472 1743 Bononie,
503 1668 643 1730 salutem
667 1679 700 1731 et
722 1667 942 1749 apostolicam
965 1668 1241 1732 benedictionem.
1289 1666 1451 1749 Quotiens
1479 1667 1619 1730 anobis
1651 1667 1781 1748 petitur,
1816 1667 1908 1748 quod
1939 1667 1994 1728 iuri

313 1765 346 1818 et
369 1756 533 1819 honestati
566 1758 742 1820 convenire
775 1756 985 1838 dignoscitur,
1017 1758 1128 1820 animo
1161 1778 1222 1821 nos
1254 1757 1351 1820 decet
1388 1757 1502 1820 libenti
1535 1757 1718 1819 concedere
1750 1765 1784 1818 et
1814 1756 1994 1838 petentium

312 1845 482 1908 desideriis
506 1864 687 1927 congruum
710 1846 899 1928 suffragium
916 1847 1083 1928 impertiri.
1130 1847 1326 1929 Eapropter,
1352 1846 1461 1909 dilecti
1483 1847 1515 1908 in
1533 1846 1669 1908 domino
1686 1844 1752 1920 filii,
1775 1845 1892 1907 vestris
1909 1845 1996 1906 iustis

312 1934 590 2015 postulationibus
613 1943 708 2016 grato
732 1947 962 2000 concurrentes
985 1956 1127 2009 assensu,
1151 1937 1346 1999 auctoritate
1370 1936 1466 1998 vobis
1490 1936 1690 2017 presentium
1714 1933 1931 2016 indulgemus,
1956 1943 1995 2008 ut

313 2025 339 2085 si
353 2024 426 2104 quis
438 2024 715 2105 parochianorum
727 2037 910 2088 vestrorum
922 2025 1012 2107 apud
1025 2026 1122 2088 aliam
1135 2024 1309 2088 ecclesiam
1321 2045 1413 2088 suam
1426 2025 1561 2106 elegerit
1577 2023 1779 2106 sepulturam
1796 2023 1995 2098 canonicam,

314 2113 348 2174 in
371 2113 486 2194 legatis
518 2131 631 2176 eorum
663 2115 759 2177 vobis
791 2115 901 2196 portio
934 2126 1121 2178 reservetur.
1168 2114 1256 2178 Nulli
1288 2134 1367 2196 ergo
1399 2115 1535 2177 omnino
1568 2111 1739 2175 hominum
1773 2113 1885 2188 liceat,
1916 2110 1997 2174 hanc

314 2203 471 2284 paginam
495 2212 606 2266 nostre
629 2204 853 2268 concessionis
876 2203 1052 2285 infringere
1074 2203 1126 2266 vel
1151 2205 1179 2266 ei
1205 2203 1284 2267 adsu
1308 2205 1482 2267 temerario
1511 2204 1681 2266 contraire.
1728 2197 1762 2264 Si
1794 2203 1867 2284 quis
1891 2210 1996 2264 autem

314 2291 379 2352 hoc
410 2301 607 2373 attemptare
639 2294 889 2376 presumpserit,
930 2293 1192 2375 indignationem
1224 2294 1463 2376 omnipotentis
1496 2292 1549 2356 dei
1582 2304 1615 2355 et
1647 2293 1820 2355 beatomm
1852 2291 1938 2353 Petn'
1968 2296 1998 2351 et

314 2379 414 2455 Pauli,
437 2381 664 2462 apostolorum
688 2384 766 2460 eius,
789 2402 826 2446 se
849 2384 977 2446 noverit
999 2384 1211 2446 incursurum.
1235 2417 1279 2428 -
1302 2380 1380 2445 Dat.
1404 2381 1547 2458 Verone,
1571 2395 1608 2444 vl
1632 2379 1720 2443 Non.
1745 2381 1867 2443 Martii.

477 2495 589 2561 Jiingere
608 2495 734 2561 Absckrist
751 2495 791 2546 des
811 2497 878 2546 Cart.
898 2497 939 2548 del
957 2497 1064 2562 Capitale
1080 2497 1109 2546 di
1126 2497 1179 2546 San
1199 2497 1278 2547 Retro
1291 2504 1318 2562 p.
1339 2499 1382 2558 50,
1401 2496 1435 2546 irn
1452 2497 1568 2548 Archivio
1585 2497 1612 2545 di
1629 2496 1696 2544 State
1714 2511 1744 2544 au
1763 2496 1881 2560 Boogna.

1071 2782 1137 2858 Nr.
1160 2786 1250 2858 379.

323 2910 431 2975 Urban
447 2911 491 2977 II
489 2913 513 2977 I
523 2913 650 2977 erlanbt
663 2913 735 2978 dem
749 2913 903 2995 Bisclrofe
924 2913 1073 2978 Willrelm
1089 2935 1150 2978 aon
1161 2915 1275 2994 Lurco,
1290 2914 1471 2999 diejenigen
1485 2911 1628 2978 Kireleen
1643 2912 1725 2976 nach
1741 2913 1864 2976 seinem
1876 2911 1995 2992 Dafie'r-

389 3001 500 3065 lzalten
514 3024 554 3067 au
570 3001 724 3082 beselam,
738 3002 818 3067 tiber
830 3003 929 3067 deren
945 3003 1124 3088 Besetaung
1136 3005 1206 3068 sicle
1221 3005 1277 3068 die
1290 3004 1504 3087 enatandigen
1520 3003 1663 3067 Patrone
1679 3003 1769 3066 nicht
1781 3003 1918 3084 einigen.

886 3122 1104 3184 arao—1187
1117 3119 1217 3186 Mara
1231 3121 1260 3183 5.
1303 3117 1433 3183 Verona.

476 3233 631 3298 Urbanus
658 3235 844 3317 episcopus,
874 3257 986 3301 servus
1009 3243 1183 3302 servorum
1201 3237 1263 3313 dei,
1295 3235 1474 3300 venerabili
1499 3235 1588 3299 fratri
1612 3230 1833 3317 W(ilhelmo)‚
1864 3233 1994 3296 Lucano

316 3322 477 3404 episcopo
498 3319 528 3408 ¹),
553 3323 691 3387 salutem
715 3336 747 3388 et
768 3327 986 3408 apostolicam
1002 3327 1280 3391 benedictionem.
1318 3327 1372 3389 Ex
1394 3327 1541 3389 iniuncto
1566 3325 1662 3387 nobis
1678 3344 1697 3386 a
1713 3323 1777 3386 deo
1794 3323 1994 3404 apostolatus

317 3411 423 3474 offitio
446 3411 489 3476 de
513 3413 670 3476 universis
694 3414 838 3477 ecclesiis
861 3415 1116 3480 sollicitudinem
1139 3417 1262 3480 habere
1285 3425 1435 3478 tenemur
1456 3425 1490 3478 et
1512 3433 1623 3477 earum
1647 3412 1843 3476 utilitatibus
1867 3419 1995 3474 auctore

317 3501 454 3563 domino
487 3501 674 3583 diligentius
705 3503 884 3567 imminere.
930 3505 1024 3569 Sicut
1050 3517 1161 3569 autem
1192 3526 1235 3568 ex
1265 3513 1322 3567 tua
1344 3515 1395 3569 est
1418 3504 1516 3567 nobis
1539 3511 1633 3586 parte
1663 3501 1882 3584 propositum,
1917 3502 1995 3564 ordi·

317 3591 468 3653 nationes
500 3591 710 3656 ecclesiarum
740 3593 917 3674 plurimum
949 3594 1150 3677 dissipantur
1175 3603 1229 3657 tue
1262 3593 1403 3657 diocesis
1432 3601 1665 3675 patronorum,
1697 3591 1782 3653 votis
1813 3590 1846 3652 in
1875 3591 1998 3653 diversa

316 3679 537 3757 trahentibus,
570 3681 653 3744 ultra
683 3682 819 3746 modum
857 3685 968 3766 sepius
1000 3684 1199 3748 differuntur.
1251 3680 1413 3746 Volentes
1444 3683 1542 3764 igitur
1571 3682 1646 3745 huic
1684 3680 1771 3743 malo
1807 3681 1998 3743 auctoritate

317 3767 502 3850 apostolica
524 3771 659 3847 obviari,
692 3773 853 3853 presentis
876 3773 935 3836 tibi
960 3773 1072 3857 scripti
1095 3775 1216 3857 pagina
1239 3773 1392 3835 duximus
1416 3771 1663 3852 indulgendum,
1696 3777 1740 3844 ut,
1771 3788 1847 3832 cum
1871 3769 1997 3851 patroni

316 3877 416 3939 super
444 3859 663 3936 ecclesiarum,
695 3881 832 3942 quarum
863 3861 1024 3926 institutio
1055 3874 1193 3944 spectat,
1226 3863 1268 3924 ad
1299 3868 1332 3924 te
1363 3860 1483 3924 suerint
1513 3859 1794 3942 representatione
1826 3858 1998 3931 discordes,

317 3947 377 4009 nisi
402 3948 445 4009 ad
469 3950 681 4013 concordiam
706 3951 788 4013 infra
811 3951 996 4028 terminum,
1020 3953 1052 4015 in
1069 3951 1281 4015 Lateranensi
1299 3951 1439 4013 concilio
1456 3951 1679 4024 constitutum,
1704 3958 1737 4010 te
1758 3958 1997 4020 commonente,

317 4035 480 4113 redierint,
509 4038 649 4102 termino
674 4039 729 4101 illo
753 4050 928 4116 transacto,
960 4041 1098 4104 liberum
1133 4041 1192 4104 tibi
1226 4042 1276 4116 sit,
1308 4040 1463 4103 ecclesias
1486 4039 1564 4116 illas,
1598 4039 1716 4101 nullius
1739 4037 1998 4100 contradictione

316 4130 368 4188 vel
404 4127 629 4208 appellatione
667 4128 838 4204 obstante,
877 4131 1036 4194 canonice
1072 4133 1114 4194 de
1145 4129 1293 4213 personis
1323 4129 1452 4192 idoneis
1482 4129 1643 4192 ordinare.
1675 4161 1719 4172 -
1749 4125 1827 4189 Dat.
1860 4124 1997 4198 Verone,

315 4227 355 4276 111
379 4215 466 4278 Non.
491 4219 610 4280 Martii.

475 4330 601 4394 Abscnn'st
616 4345 671 4379 vom
690 4334 722 4380 1⁴
743 4331 837 4396 Jahrb.
855 4332 896 4381 des
913 4331 986 4382 Libro
1004 4334 1067 4382 della
1089 4335 1159 4384 Croce
1172 4342 1200 4400 p.
1223 4336 1261 4394 15,
1280 4333 1313 4382 irn
1332 4332 1446 4383 Archivio
1463 4331 1635 4381 Arcioescoor'le
1652 4347 1681 4378 ru
1702 4330 1791 4378 Lucra.

1063 4620 1130 4696 Nr.
1155 4623 1244 4695 380.

325 4745 434 4812 Urban
451 4746 516 4812 III
534 4743 687 4831 bestc'e'tr'gt
709 4747 783 4814 dem
800 4749 1009 4835 Erapriester
1028 4753 1084 4817 des
1099 4753 1203 4816 Doms
1224 4772 1285 4815 von
1302 4751 1446 4834 Peragia
1470 4749 1524 4815 die
1539 4749 1720 4830 Einkr'e'nfte
1741 4749 1852 4814 seiner
1868 4749 1911 4814 K
1908 4745 1993 4814 irclre.

877 4869 1095 4932 1186-1187
1108 4869 1206 4934 Mara
1222 4870 1272 4932 15.
1315 4866 1445 4932 Verona.

476 4977 648 5046 URBANUS
672 4983 858 5066 episcopus,
883 5004 993 5050 servus
1009 5005 1176 5049 servorum
1194 4986 1256 5060 dei,
1281 4985 1402 5049 dilecto
1419 4982 1486 5047 filio
1526 4984 1580 5057 .Β.,
1605 4981 1882 5065 archipresbitero
1898 4979 1992 5044 sancti

316 5067 481 5133 Laurentii
505 5072 658 5148 Perusini,
680 5069 684 5156 Ι
705 5073 843 5137 salutem
867 5081 901 5136 et
922 5076 1140 5156 apostolicam
1168 5075 1444 5139 benedictionem.
1491 5071 1586 5136 Iustis
1616 5073 1800 5154 petentium
1832 5069 1992 5134 desideriis

317 5160 453 5243 dignum
477 5171 527 5224 est
550 5181 610 5224 nos
635 5161 765 5225 facilem
797 5159 950 5245 prelbere
973 5183 1170 5228 consensum
1201 5175 1234 5228 et
1257 5173 1344 5239 vota,
1377 5183 1440 5246 que
1463 5183 1483 5224 a
1506 5163 1641 5225 rationis
1672 5163 1805 5224 tramite
1837 5181 1905 5223 non
1936 5159 1989 5221 dis·

317 5250 463 5325 cordant,
496 5249 612 5314 effectu
643 5263 866 5334 prosequente
896 5254 1073 5336 complere.
1121 5253 1325 5336 Eapropter‚
1358 5253 1476 5316 dilecte
1500 5251 1532 5314 in
1564 5251 1701 5314 domino
1735 5250 1789 5324 fili,
1821 5250 1887 5312 tuis
1910 5247 1990 5310 iustis

317 5338 594 5421 postulationibus
617 5353 710 5422 grato
735 5352 966 5405 concurrentes
990 5363 1132 5418 assensu,
1157 5344 1309 5425 antiquas
1333 5350 1366 5404 et
1389 5341 1600 5405 rationabiles
1620 5339 1876 5403 consuetudines
1899 5337 1990 5419 ipsius

317 5429 454 5492 ecclesie
477 5428 509 5490 in
534 5429 679 5506 decimiS,
711 5430 944 5508 oblationibus,
977 5432 1152 5515 sepulturis
1181 5442 1214 5496 et
1237 5433 1309 5496 aliis
1331 5430 1553 5513 spiritualibus
1577 5437 1610 5492 et
1632 5426 1872 5511 temporalibus
1895 5426 1988 5490 rebus

317 5513 474 5582 hactenus
497 5518 697 5594 observatas,
723 5521 918 5584 auctoritate
934 5521 995 5584 tibi
1012 5522 1197 5603 apostolica
1213 5522 1445 5585 confirmamus
1461 5531 1495 5584 et
1510 5520 1670 5600 presentis
1686 5518 1798 5600 scripti
1815 5513 1987 5599 patrocinio

317 5608 566 5672 communimus
612 5608 811 5686 Statuentcs,
840 5620 876 5673 ut
899 5611 977 5673 nulli
1007 5613 1144 5674 omnino
1167 5610 1338 5675 hominurn
1362 5609 1466 5686 liceat,
1500 5609 1585 5672 hanc
1607 5609 1764 5690 paginam
1788 5617 1901 5670 nostre
1921 5622 1987 5666 con·

481 5771 503 5833 1)
530 5765 645 5818 Wilhrlre
663 5769 692 5817 de
711 5766 822 5832 li'osredo,
843 5767 948 5830 Bisrltos
959 5782 1006 5816 von
1025 5768 1115 5827 ercra,
1136 5769 1309 5819 rao-119⁵.
