4090 6358
1694 287 1733 382 6⁵

275 477 296 558 †
319 479 392 562 Ego
415 479 565 545 Villanus
587 479 750 563 presbiter
772 481 946 549 cardinalis
969 487 1016 550 tit
1040 485 1143 550 sancti
1168 481 1329 568 Stephani
1353 488 1386 550 in
1409 497 1523 551 monte
1546 486 1638 552 Celio
1661 511 1703 554 ss.

274 569 296 646 †
318 569 392 652 Ego
416 570 593 653 Gregorius
616 571 775 636 diaconus
798 575 971 640 cardinalis
994 587 1182 640 sanctorum
1205 575 1309 659 Sergii
1334 586 1367 640 et
1390 575 1491 641 Bachi
1515 595 1557 641 ss

274 657 295 736 †
318 659 392 742 Ego
417 657 519 725 Oddo
543 661 701 725 diaconus
725 664 897 728 cerdinalis
920 667 968 729 tit.
992 667 1096 729 sancti
1120 666 1253 748 Georgii
1278 666 1321 729 ad
1343 663 1464 730 Velum
1487 687 1621 730 aureum
1644 689 1686 732 ss.

273 748 295 825 †
317 749 391 831 Ego
415 749 525 814 Guido
550 751 708 814 diaconus
731 754 905 818 cardinalis
928 756 977 818 tit.
1001 764 1188 818 sanctorum
1211 753 1332 819 Cosme
1355 765 1388 819 et
1410 757 1565 821 Damiani
1589 778 1629 820 ss.

273 833 294 918 †
317 839 390 920 Ego
415 840 616 904 Octavianus
640 841 798 906 diaconus
821 844 994 908 cardinalis
1016 846 1121 908 sancti
1145 844 1274 907 Nicolai
1305 845 1338 908 in
1367 866 1496 910 carcere
1518 846 1671 910 Tulliano
1684 846 1735 912 ss.

272 923 294 1007 †
316 928 391 1010 Ego
414 929 447 993 in
470 931 624 994 Romana
646 932 786 995 ecclesia
808 931 918 997 Guido
943 935 1052 998 altaris
1075 934 1224 998 minister
1246 935 1400 1017 indignus
1423 955 1464 1000 ss.

273 1014 295 1095 l
317 1018 391 1100 Ego
414 1019 529 1083 Petrus
552 1020 710 1084 diaconus
733 1023 907 1086 cardinalis
929 1034 1042 1087 sancte
1066 1024 1169 1086 Marie
1192 1025 1225 1086 in
1248 1025 1378 1088 Porticu
1401 1046 1443 1088 ss.

272 1106 294 1183 †
317 1108 390 1190 Ego
413 1109 577 1173 Iohannes
600 1111 759 1174 diaconus
783 1113 956 1177 cardinalis
979 1113 1083 1176 sancti
1106 1113 1245 1177 Adriani
1269 1135 1310 1176 ss.

272 1196 294 1273 †
316 1198 390 1280 Ego
414 1198 592 1282 Gregorius
617 1200 775 1265 diaconus
799 1203 971 1266 cardinalis
994 1204 1043 1266 tit.
1066 1203 1172 1266 sancti
1195 1202 1316 1284 Angeli
1339 1223 1380 1267 ss.

272 1280 293 1365 †
315 1287 389 1369 Ego
412 1287 572 1352 Astaldus
596 1289 752 1354 diaconus
776 1291 950 1355 cardinalis
972 1293 1076 1356 sancti
1100 1293 1267 1356 Eustachii
1291 1313 1331 1356 ss.

272 1373 293 1452 †
316 1377 390 1459 Ego
413 1378 576 1441 Berardus
599 1379 758 1443 diaconus
782 1381 955 1445 cardinalis
978 1392 1091 1445 sancte
1113 1383 1265 1446 Romane
1288 1381 1425 1446 ecclesie
1447 1401 1488 1446 ss.

271 1464 293 1542 †
315 1466 390 1548 Ego
414 1467 578 1531 lacinthus
602 1467 761 1532 diaconus
785 1471 959 1534 cardinalis
982 1481 1095 1535 sancte
1119 1473 1222 1536 Marie
1246 1472 1278 1535 in
1303 1471 1482 1535 Cosmedin
1504 1490 1545 1536 ss.

216 1553 343 1618 Datum
358 1556 474 1633 Rome,
498 1578 559 1640 per
581 1578 716 1622 manum
730 1560 878 1637 Roberti,
903 1571 1016 1625 sancte
1031 1563 1183 1624 Romane
1206 1561 1343 1625 ecclesie
1365 1561 1537 1643 presbiteri
1561 1560 1734 1624 cardinalis

56 1651 87 1704 et
110 1643 308 1710 cancellarii.
353 1661 379 1709 11
402 1647 455 1710 Kl.
480 1647 658 1710 Februarii.
705 1648 888 1712 indictione
911 1665 983 1714 VI11.
1029 1651 1266 1715 incarnationis
1289 1651 1454 1714 dominice
1477 1670 1565 1714 anno
1588 1661 1733 1715 MCXLIV.

54 1731 271 1798 Pontificatus
293 1755 373 1800 vero
398 1735 511 1800 domni
535 1737 628 1801 Lucii
652 1739 787 1802 secundi
811 1759 900 1822 pape
923 1760 1011 1803 anno
1035 1755 1056 1804 1.

61 1918 66 1930 Ι
97 1920 175 1970 Later
216 1849 342 1972 Absclqer'st
357 1865 412 1900 vom
431 1853 464 1902 18
486 1849 579 1916 Jahrb.
598 1852 639 1901 des
657 1853 753 1902 Bullar.
773 1853 850 1904 Barr'l.
868 1854 1039 1905 Laterarmmir
1052 1862 1077 1919 p.
1101 1856 1140 1916 ld,
1159 1855 1192 1903 im
1210 1855 1324 1904 Archivr'o
1344 1853 1593 1919 copularemur:
1614 1853 1738 1904 Gr'ovanm'

56 1935 81 1968 nr
173 1937 223 1970 arro
240 1937 271 1971 nr
312 1937 359 1973 orn.

817 2102 883 2180 Nr.
916 2108 977 2180 64.

57 2249 167 2335 Eugen
185 2249 252 2315 III
271 2251 390 2315 nimmt
409 2249 464 2315 die
488 2249 762 2334 Kollegiatkirclze
783 2253 852 2318 San
877 2253 991 2319 Nicolo
1014 2253 1054 2319 di
1076 2253 1228 2318 Palatino
1243 2253 1302 2336 (D.
1325 2253 1423 2338 Pisa)
1445 2251 1480 2318 in
1501 2253 1734 2339 apostolischen

58 2341 172 2406 Schutz
186 2341 258 2405 und
270 2338 422 2423 bestarigt
436 2341 756 2408 itressesitzthztmer
769 2343 845 2408 und
858 2344 984 2424 Rechte,
1006 2345 1115 2425 woflae'r
1126 2342 1275 2428 jc‘thrliclr
1290 2340 1734 2410 awer'DenareLucchesrsch

603 2453 646 2496 an
661 2433 716 2497 die
733 2431 837 2498 Kurie
851 2455 892 2498 zu
907 2434 1084 2498 entriclrten
1098 2433 1183 2498 sind.

673 2569 756 2630 1145
770 2565 873 2651 April
884 2571 938 2632 29.
988 2565 1122 2632 Viterbo.

212 2701 380 2782 Eugenius
402 2701 587 2784 episcopus,
611 2722 722 2766 servus
744 2722 912 2767 servorum
936 2703 998 2780 dei,
1024 2703 1150 2766 dilectis
1174 2703 1247 2766 filiis
1270 2703 1440 2785 Gregorio,
1471 2703 1572 2784 priori
1595 2701 1732 2788 ecclesie

60 2789 154 2852 sancti
170 2789 326 2854 Nicholai
343 2792 385 2854 de
400 2791 558 2868 Palatino,
582 2791 717 2872 eiusque
740 2792 901 2869 fratribus,
925 2802 994 2855 tam
1017 2793 1224 2874 presentibus
1240 2812 1339 2874 quam
1361 2792 1483 2868 suturis,
1508 2791 1730 2874 regulariter(!)

59 2879 152 2940 vitam
174 2879 333 2961 professis
355 2894 394 2944 ΙΝ
409 2895 486 2944 PPM.
503 2917 547 2926 —
567 2878 571 2961 Ι
592 2876 619 2964 a)
664 2880 826 2962 Quotiens
850 2882 928 2945 illud
953 2903 973 2944 a
995 2883 1092 2946 nobis
1116 2883 1245 2964 petitur,
1270 2881 1361 2964 quod
1377 2882 1494 2944 rationi
1517 2892 1550 2944 et
1566 2881 1730 2944 honestati

61 2969 228 3032 convenire
261 2969 459 3051 dinoscitur,
497 2971 608 3032 animo
639 2990 701 3033 nos
734 2971 830 3034 decet
860 2970 974 3035 libenti
1006 2972 1200 3049 concedere,
1232 2981 1265 3035 et
1296 2972 1480 3054 petentium
1498 2969 1527 3049 b)
1562 2970 1731 3034 desideriis

60 3074 233 3140 congruum
249 3060 407 3141 impertiri
423 3059 620 3142 suffragium.
652 3059 761 3140 Quam
778 3061 822 3124 ob
840 3081 917 3136 rem,
934 3061 1044 3124 dilecti
1056 3061 1089 3123 in
1106 3061 1242 3125 domino
1258 3061 1323 3138 filii,
1335 3061 1451 3124 vestris
1463 3060 1554 3123 iustis
1575 3057 1579 3145 Ι
1600 3059 1730 3141 petitio·

61 3146 146 3210 nibus
162 3149 423 3212 accomodantes
438 3169 614 3224 assensum,
639 3148 811 3212 ecclesiam
827 3151 930 3213 sancti
947 3149 1099 3214 Nicholai
1117 3151 1159 3214 de
1173 3151 1332 3228 Palatino,
1348 3151 1382 3213 in
1399 3171 1464 3232 qua
1479 3150 1591 3213 divino
1606 3149 1730 3212 vacatis

61 3237 192 3314 servitio,
226 3239 288 3302 sub
311 3239 400 3302 beati
424 3239 510 3302 Petri
534 3239 602 3301 iure
625 3249 659 3301 et
681 3249 794 3302 nostra
816 3239 919 3302 tutela
942 3240 1136 3322 suscipimus
1159 3249 1193 3303 et
1224 3241 1387 3322 presentis
1408 3239 1521 3321 scripti
1545 3238 1729 3321 patrocinio

61 3329 302 3391 communimus.
352 3327 551 3405 Statuentes,
586 3337 622 3390 ut
652 3349 859 3410 quecumque
890 3330 933 3392 ab
965 3330 1096 3393 illustris
1127 3330 1286 3417 memorie
1316 3329 1484 3393 comitissa
1513 3327 1642 3391 Matildi
1673 3327 1730 3409 pia

62 3415 230 3481 devotione
254 3418 361 3481 eidem
385 3417 521 3505 ecclesie
545 3416 690 3498 legitime
712 3428 789 3481 sunt
812 3439 977 3495 concessa,
1008 3439 1029 3481 a
1051 3419 1225 3482 Montione
1247 3419 1371 3482 scilicet
1393 3438 1497 3499 usque
1524 3418 1567 3480 ad
1590 3419 1729 3480 Fossam

62 3523 171 3570 novam
200 3517 235 3571 et
258 3527 277 3569 a
301 3507 381 3570 mari
410 3527 513 3588 usque
536 3506 579 3569 ad
602 3505 741 3570 Fossam
766 3527 920 3589 magnam
943 3507 1037 3570 firma
1059 3508 1155 3571 vobis
1178 3508 1212 3571 in
1234 3518 1429 3591 perpetuum
1453 3517 1487 3570 et
1509 3506 1636 3570 illibata
1657 3525 1728 3587 per·

63 3607 216 3660 maneant
261 3597 413 3660 Preterea
437 3615 643 3677 quecumque
674 3596 772 3672 bona,
803 3617 1026 3678 quascumque
1058 3599 1283 3679 possessiones
1314 3599 1347 3660 in
1377 3596 1613 3679 presentiarum
1646 3596 1728 3658 iuste

64 3693 91 3745 et
118 3687 275 3750 canonice
305 3685 482 3768 possidetis
512 3694 568 3748 aut
599 3685 631 3746 in
664 3684 806 3748 futurum
837 3687 1049 3749 concessione
1080 3686 1290 3769 pontificum,
1328 3687 1501 3768 largitione
1531 3704 1645 3767 regum
1676 3685 1728 3747 vel

64 3773 247 3858 principum,
272 3775 442 3839 oblatione
465 3773 611 3837 fidelium
634 3795 691 3838 seu
715 3775 785 3838 aliis
802 3776 894 3838 iustis
909 3776 1026 3852 modis,
1050 3785 1217 3858 prestante
1241 3776 1387 3853 domino,
1411 3774 1561 3857 poteritis
1580 3773 1727 3855 adipisci,

64 3866 175 3928 tamin
200 3864 338 3928 decimis
361 3884 461 3946 quam
484 3864 517 3927 in
541 3864 620 3940 aliis,
645 3865 845 3928 universitati
861 3878 965 3953 vestre
988 3866 1181 3928 auctoritate
1197 3865 1380 3953 apostolice
1396 3864 1483 3928 sedis
1499 3862 1728 3927 nichilominus

65 3952 294 4018 confirmamus.
332 3954 434 4017 Porro
451 3953 561 4016 oleum
576 3964 735 4030 sanctum,
751 3956 1015 4018 consecrationes
1031 3955 1180 4019 altarium
1196 3975 1253 4019 seu
1268 3955 1485 4029 basilicarum,
1503 3952 1728 4016 ordinationes

66 4040 252 4120 clericorum,
277 4045 332 4125 qui
356 4043 399 4106 ad
422 4062 533 4106 sacros
556 4043 689 4106 ordines
705 4043 824 4106 luerint
839 4045 1067 4126 promovendi,
1090 4045 1244 4108 aPisano
1260 4045 1443 4126 suscipietis
1466 4041 1727 4124 archiepiscopo,

66 4128 136 4194 inira
156 4134 250 4197 cuius
278 4133 485 4216 parrochiam
518 4131 657 4196 ecclesia
678 4143 786 4196 vestra
817 4135 881 4196 sita
903 4143 962 4210 est,
993 4134 1156 4216 siquidem
1188 4134 1368 4197 catholicus
1398 4133 1495 4196 fuerit
1524 4141 1558 4195 et
1588 4131 1727 4213 gratiam

66 4229 151 4302 atque
173 4224 442 4288 communionem
466 4222 649 4310 apostolice
665 4223 752 4286 sedis
775 4223 926 4287 habuerit
949 4244 1053 4305 eaque
1069 4224 1165 4288 vobis
1181 4225 1307 4305 absque
1322 4223 1484 4306 pravitate
1505 4231 1539 4284 et
1554 4221 1728 4284 exactione

66 4309 190 4376 voluerit
213 4313 388 4390 exhibere3
427 4312 582 4393 alioquin,
612 4331 854 4394 quemcumque
877 4313 1063 4389 malueritis,
1088 4313 1285 4376 catholicum
1309 4313 1435 4376 adeatis
1458 4311 1647 4386 antistitem,
1672 4310 1727 4391 qui

67 4398 203 4466 nimimm
227 4413 340 4466 nostra
363 4402 461 4465 fultus
484 4402 687 4476 auctoritate,
712 4402 802 4482 quod
825 4402 1018 4484 postulatur,
1043 4402 1219 4485 indulgeat.
1266 4402 1421 4466 Obeunte
1439 4421 1518 4464 vero
1542 4409 1584 4476 tc,
1609 4398 1728 4462 dilecte

67 4485 93 4548 ln
116 4491 250 4555 domino
281 4492 326 4555 fili
356 4490 503 4573 Gregori,
536 4510 623 4553 nunc
654 4490 801 4554 eiusdem
833 4491 896 4555 loci
920 4493 1051 4574 priore„
1068 4491 1120 4554 vel
1151 4502 1282 4554 tuorum
1313 4491 1464 4573 quolibet
1493 4508 1726 4565 successorum,
1830 4521 1832 4541 ι

68 4577 155 4644 nullus
178 4582 225 4645 ibi
251 4581 398 4664 qualibet
419 4579 632 4661 surreptionis
655 4580 774 4643 astutia
796 4601 853 4644 seu
876 4581 1032 4644 violentia
1057 4591 1268 4662 preponatur,
1298 4581 1359 4643 nisi
1384 4599 1483 4662 quem
1507 4578 1622 4641 iratres
1645 4577 1726 4640 eius·

68 4663 129 4731 dem
150 4671 215 4735 loci
240 4670 406 4734 communi
430 4688 564 4732 assensu
593 4679 650 4732 aut
673 4669 807 4733 fratrum
830 4691 907 4752 pars
937 4670 1063 4734 consilii
1086 4670 1224 4733 sanioris
1247 4671 1371 4734 desua
1402 4668 1667 4752 congregatione,
1699 4667 1726 4729 si

68 4756 181 4825 adhoc
205 4759 351 4824 officium
374 4759 512 4822 idoneus
535 4768 682 4840 repertus
705 4759 785 4824 inibi
809 4760 913 4836 fuerit,
937 4759 1115 4823 autetiam
1145 4760 1187 4821 de
1215 4759 1321 4824 aliena
1353 4759 1491 4823 ecclesia
1519 4767 1553 4821 et
1575 4755 1727 4838 religiosa

68 4851 230 4914 nondum
254 4851 307 4913 dei
331 4850 483 4913 timorem
507 4856 541 4910 et
573 4847 828 4912 ecclesiasticam
858 4850 1003 4932 regulam
1036 4848 1240 4931 providerint
1269 4849 1465 4931 eligendum.
1510 4846 1726 4910 Decemimus

69 4953 141 5017 ergo,
162 4951 198 5004 ut
221 4939 301 5003 nulli
324 4939 461 5002 omnino
483 4936 656 5000 hominurn
679 4935 784 5015 liceat,
808 4939 971 5021 prefatam
994 4938 1165 5002 ecclesiam
1193 4949 1316 5002 temere
1346 4939 1538 5020 perturbare
1569 4945 1624 4999 aut
1658 4936 1726 4998 eius

69 5030 276 5101 possessiones
299 5027 424 5092 auferre
441 5026 499 5090 vel
523 5026 650 5090 ablatas
673 5027 820 5105 retinere,
854 5029 998 5092 minuere
1021 5048 1078 5092 seu
1103 5027 1304 5109 quibuslibet
1325 5027 1557 5091 vexationibus
1581 5024 1725 5106 fatigare,

69 5124 109 5175 set
127 5119 236 5181 omnia
258 5120 387 5201 integra
408 5126 641 5181 conserventur
661 5117 785 5194 vestris,
819 5137 881 5200 pro
906 5139 1044 5199 quorum
1066 5116 1305 5199 gubernatione
1334 5127 1368 5181 et
1390 5115 1626 5180 sustentatione
1649 5134 1725 5177 con·

70 5216 144 5269 cessa
170 5218 256 5284 sunt,
289 5209 401 5271 usibus
429 5206 630 5269 omnimodis
660 5205 841 5287 profutura,
871 5207 962 5270 salva
991 5207 1078 5270 sedis
1109 5207 1292 5288 apostolice
1321 5207 1525 5270 auctoritate.
1577 5203 1635 5267 Ad
1664 5202 1726 5267 hec

70 5291 228 5361 adicientes
251 5297 432 5373 statuimus,
456 5306 492 5358 ut
514 5296 636 5358 nemini
660 5294 708 5358 sas
731 5297 782 5372 sit,
805 5297 941 5378 aliquod
962 5297 1058 5359 vobis
1080 5315 1258 5377 gravamen
1281 5295 1398 5360 inferre
1413 5293 1465 5359 vel
1489 5294 1614 5376 absque
1638 5301 1727 5356 certa

70 5397 114 5444 seu
133 5387 303 5451 manifesta
325 5387 423 5469 culpa
445 5395 479 5448 et
501 5385 587 5448 iusta
609 5394 708 5466 atque
731 5386 917 5456 rationabili
941 5405 1039 5448 causa
1066 5385 1099 5447 in
1122 5386 1242 5448 codem
1265 5386 1340 5449 loco
1371 5386 1482 5449 divina
1511 5381 1621 5447 officia
1651 5401 1725 5464 pro·

71 5465 171 5553 hibere,
196 5476 353 5558 quamdiu
374 5479 401 5557 c)
425 5473 551 5540 scilicet
573 5475 606 5537 in
622 5473 760 5538 ecclesia
773 5486 889 5552 vestra,
913 5475 1115 5557 propitiante
1132 5474 1277 5554 domino,
1301 5475 1452 5557 religiosa
1467 5475 1536 5536 vita
1555 5471 1726 5534 duraverit

72 5555 115 5622 Ad
134 5565 282 5629 inditium
305 5575 424 5643 autem,
449 5563 539 5648 quod
563 5564 681 5627 eadem
704 5565 842 5629 ecclesia
864 5564 925 5628 sub
942 5564 1031 5629 beati
1047 5564 1133 5627 Petri
1156 5574 1191 5628 et
1210 5575 1321 5629 nostra
1336 5564 1543 5647 protectione
1559 5561 1725 5637 consistat,

93 5667 239 5678 ᾖ

208 5706 235 5770 a)
254 5703 302 5753 Die
319 5711 377 5754 erste
395 5703 458 5755 Zeilc
474 5703 519 5754 mit
535 5704 636 5756 bellem
652 5705 727 5756 Dinte
740 5703 890 5771 geschn'ebm
907 5707 945 5755 alr
961 5705 1007 5754 das
1027 5703 1126 5770 Uebrr‘ge
1196 5707 1224 5774 b)
1243 5705 1424 5772 petententium
1496 5703 1521 5770 c)
1540 5702 1657 5769 quandiu.

113 5799 429 5852 uulua-Earinus,
445 5801 504 5844 Astu
518 5801 560 5843 111.
1499 5797 1516 5847 9
