4126 6366
332 357 397 424 314

330 533 523 615 agitabatur,
555 531 586 593 in
610 537 720 592 nostra
744 537 776 591 et
804 523 937 591 fratrum
971 531 1155 592 nostrorum
1188 523 1303 592 suisset
1332 525 1387 592 diu
1419 525 1580 611 presentia
1602 525 1766 604 ventilata,
1797 527 1934 592 tandem
1956 547 1997 591 ex

330 621 579 702 allegationibus
609 629 642 682 et
672 619 936 681 attestationibus
966 618 1102 697 aliisque
1139 618 1319 682 rationibus
1349 621 1516 700 utriusque
1555 622 1656 702 partis
1694 621 1833 682 veritate
1871 617 1997 698 plenius

330 710 502 784 intellecta,
533 709 629 771 finem
655 710 788 790 negotio
812 709 965 770 duximus
989 709 1237 788 imponendum,
1268 709 1456 783 iudicantes
1487 711 1577 788 quod
1609 730 1669 772 vos
1700 717 1767 771 tam
1792 709 1824 770 in
1848 705 1998 788 eligendo

331 799 522 880 presbiter0,
546 818 644 877 quam
661 799 692 860 in
707 797 943 860 substituendis
959 797 1082 859 clericis
1098 794 1246 859 habeatis
1266 796 1293 882 ε)
1316 800 1348 860 in
1373 807 1481 860 vestra
1496 798 1633 861 ecclesia
1648 797 1784 861 liberam
1800 796 1998 868 facultatem,

330 891 375 950 ita
398 897 517 962 tamen,
547 895 583 949 ut
612 886 753 948 electum
785 886 1001 968 presbiterum
1034 905 1090 948 seu
1115 886 1268 948 clericum
1300 886 1413 949 abbati
1435 897 1549 950 sancte
1573 889 1676 950 Marie
1700 889 1732 949 in
1757 883 1898 968 Organis
1929 904 1998 967 pre-

329 979 471 1052 sentetis,
503 976 545 1039 ab
576 997 616 1038 eo
648 976 826 1037 secundum
857 994 982 1038 morem
1011 983 1044 1036 et
1075 976 1343 1038 consuetudinem
1367 975 1634 1039 confirmandum.
1679 975 1868 1038 Inhibemus
1893 977 1999 1048 etiarn,

330 1087 370 1128 ne
402 1070 600 1147 prescriptus
630 1064 731 1128 abbas
764 1064 906 1146 aliquem
939 1065 970 1125 in
992 1071 1100 1128 vestra
1130 1084 1254 1146 ponere
1284 1075 1451 1147 presumat
1474 1065 1617 1140 ecclesia,
1647 1065 1704 1128 nisi
1728 1082 1827 1145 quem
1852 1065 2000 1126 comunis

330 1174 479 1218 assensus
503 1153 553 1216 vel
585 1154 687 1216 maior
717 1173 793 1235 pars
826 1153 1017 1216 clericorum
1049 1153 1187 1217 ecclesie
1217 1161 1326 1216 vestre
1358 1157 1515 1218 canonice
1545 1156 1674 1218 duxerit
1705 1153 1904 1236 eligendum.
1951 1153 2000 1215 Ne

330 1252 436 1308 autem
463 1244 601 1306 ecclesia
624 1245 694 1324 ipsa
719 1243 916 1325 malignitate
940 1242 1049 1323 aliqua
1072 1243 1252 1306 inordinata
1275 1253 1448 1320 remaneat,
1479 1246 1661 1327 apostolice
1692 1245 1780 1306 sedis
1808 1243 2001 1304 auctoritate

329 1335 517 1406 statuimus,
555 1341 598 1407 ut,
621 1333 647 1393 si
677 1331 781 1394 abbas
813 1332 963 1394 electioni
987 1339 1094 1394 vestre
1124 1351 1317 1394 consensum
1347 1331 1571 1415 calumpniose
1603 1334 1740 1415 prebere
1771 1331 1929 1404 noluerit,
1961 1331 2001 1393 ab

330 1424 488 1504 episcopo
511 1422 695 1484 Veronensi
723 1440 780 1484 seu
812 1421 909 1484 etiarn
941 1419 1122 1502 patriarcha
1145 1420 1371 1504 Aquilegiensi
1402 1422 1682 1486 confirmationem
1706 1424 1809 1503 ipsius
1833 1421 2002 1483 electionis

330 1521 363 1573 et
385 1513 643 1573 tonsorationem
667 1510 893 1574 nichilominus
918 1511 1021 1573 clerici
1045 1511 1207 1589 requirere
1226 1508 1254 1596 b)
1277 1531 1316 1574 ac
1339 1515 1485 1593 recipere
1500 1513 1643 1586 valeatis,
1668 1515 1692 1574 si
1714 1531 1780 1573 non
1802 1511 2002 1592 apparuerit,

331 1600 421 1679 quod
451 1602 609 1662 canonice
642 1599 764 1662 debeat
794 1600 960 1681 impedire.
1006 1599 1094 1662 Nulli
1118 1619 1197 1681 ergo
1230 1601 1362 1663 omnino
1391 1599 1562 1665 hominum
1586 1602 1697 1676 liceat,
1731 1600 1815 1662 hanc
1846 1601 2001 1682 paginam

330 1696 441 1752 nostre
464 1688 667 1752 diffinitionis
691 1697 724 1750 et
748 1689 985 1752 constitutionis
1013 1688 1189 1770 infringere
1210 1686 1261 1751 vel
1293 1691 1322 1752 ei
1352 1710 1431 1753 ausu
1455 1693 1630 1754 temerario
1653 1692 1825 1754 contraire.
1872 1685 1908 1749 Si
1933 1687 2003 1768 quis

330 1787 438 1840 autem
462 1777 526 1840 hoc
549 1787 583 1840 at
597 1786 759 1860 temptare
783 1780 1026 1860 presumpserit,
1052 1778 1309 1858 indignationem
1334 1782 1568 1861 omnipotentis
1592 1779 1644 1842 dei
1668 1789 1701 1843 et
1722 1779 1897 1841 beatorum
1918 1775 2002 1838 Petri

330 1875 364 1930 et
386 1867 484 1943 Pauli,
508 1868 733 1948 apostolorum
758 1867 832 1943 eius,
855 1885 891 1930 se
915 1870 1043 1930 noverit
1065 1863 1288 1952 incurlsurum.
1312 1901 1356 1912 -—
1378 1869 1453 1932 Dat.
1477 1869 1618 1945 Verone,
1641 1885 1667 1932 11
1689 1867 1744 1931 Kl.
1768 1867 1895 1930 Ianuar.

492 1981 535 2031 Or.
554 1983 609 2030 und
625 1981 825 2044 lt'opialurkunde
843 1983 883 2032 des
902 1983 934 2030 13
957 1983 1058 2046 Jahrb,
1078 1984 1103 2031 r'n
1121 1984 1164 2031 der
1183 1983 1243 2032 Bibl.
1267 1983 1397 2032 Comunalr
1414 1999 1443 2032 ru
1467 1983 1566 2032 Verona.

492 2052 543 2114 Or.‚
565 2053 635 2118 Perg.
654 2054 713 2110 irat,
731 2054 768 2103 br.
787 2053 854 2113 0‚23,
873 2055 934 2118 lang
950 2057 1036 2113 O,195,
1055 2062 1130 2104 imten
1150 2057 1210 2114 0,02
1228 2057 1419 2120 umgcschlngm,
1448 2055 1526 2104 durch
1544 2057 1561 2102 2
1578 2055 1671 2104 L'o'cher
1693 2055 1750 2119 geli!
1773 2053 1810 2102 dic
1827 2051 2002 2117 Hanssclrnvr,

329 2124 401 2174 deren
420 2123 545 2190 Blnsr'egel
557 2127 673 2184 verioren,
693 2125 801 2190 bollung
817 2125 860 2174 der
878 2127 979 2174 Brmen.

1073 2411 1141 2487 Nr.
1166 2415 1255 2487 347.

335 2541 453 2608 Lucius
470 2543 493 2608 I
491 2546 513 2609 J
511 2544 535 2608 I
546 2543 696 2628 bestlz'ta'gt
709 2543 782 2608 dem
795 2542 926 2608 Kloster
942 2541 1092 2608 Colornba
1108 2543 1166 2626 (D.
1179 2544 1353 2628 Procenza)
1369 2542 1431 2606 den
1453 2540 1619 2626 Vergleiclz
1635 2545 1697 2608 mit
1710 2544 1784 2609 dem
1796 2543 2006 2628 Erapriester

887 2654 948 2696 von
964 2633 1173 2698 Fiorenzuola
1189 2633 1246 2712 (D.
1264 2633 1450 2714 Pincenza).

879 2751 1092 2812 1134-1185
1106 2749 1233 2832 August
1246 2751 1279 2811 2.
1321 2749 1453 2812 Verona.

492 2862 625 2928 LUCIUS
649 2864 833 2945 episcopus,
856 2883 967 2927 servus
990 2885 1158 2928 servorum
1176 2866 1238 2942 dei,
1261 2864 1388 2928 dilectis
1405 2863 1484 2939 liliis,
1509 2861 1654 2928 Guldoni
1671 2864 1783 2928 abbati
1801 2871 1835 2927 et
1850 2863 2004 2928 fratribus

335 2955 522 3016 monasterii
546 2954 587 3016 de
611 2951 788 3028 Columba,
820 2953 958 3017 salutem
979 2952 984 3038 1
1005 2963 1038 3017 et
1061 2955 1276 3037 apostolicam
1299 2954 1575 3017 benedictionem.
1620 2953 1683 3028 Ea,
1714 2973 1779 3033 que
1803 2949 2004 3038 [con]cordia

333 3040 385 3104 vel
408 3043 529 3104 iudicio
552 3050 753 3116 statuuntur,
786 3041 879 3104 firma
905 3043 1029 3106 debent
1058 3053 1092 3107 et
1122 3043 1241 3107 illibata
1273 3045 1449 3106 consistere
1479 3051 1529 3118 et,
1561 3063 1601 3106 ne
1622 3039 1627 3126 Ι
1647 3043 1754 3125 sopite
1785 3046 2003 3106 contentionis

333 3131 503 3212 scrupulus
525 3133 706 3206 suscitetur,
729 3132 914 3211 apostolico
938 3143 1102 3196 merentur
1123 3133 1244 3196 robore
1268 3132 1458 3196 communiri
1479 3131 1513 3213 c).
1553 3131 1748 3215 Eapropter,
1772 3135 1890 3195 vestris
1914 3134 2003 3195 iustis

335 3219 609 3301 postulationibus
640 3228 837 3294 annuentes,
868 3224 1161 3303 compositionem,
1200 3243 1264 3305 que
1295 3224 1379 3284 inter
1407 3241 1465 3284 vos
1498 3229 1532 3284 et
1561 3221 1868 3304 archipresbiterum
1900 3222 2002 3284 sancti

335 3307 496 3371 Florencii
511 3310 554 3372 de
570 3309 597 3371 F
599 3309 768 3384 lorentiali,
792 3312 1075 3375 consencientibus
1092 3314 1122 3374 ei
1138 3310 1259 3374 clericis
1275 3313 1341 3374 suis
1344 3357 1537 3385 .......
1562 3331 1580 3373 e
1603 3307 1714 3394 vicu(?)
1731 3359 1737 3372 .
1762 3357 1768 3369 .
1790 3357 1797 3371 .
1813 3312 2003 3383 accedente,

334 3416 467 3459 assensu
500 3406 533 3461 et
563 3399 756 3461 auctoritate
787 3399 979 3463 venerabilis
1009 3401 1116 3464 fratris
1148 3402 1248 3463 nostri
1280 3397 1444 3484 (Tedaldi)
1463 3396 1501 3482 d),
1524 3398 1776 3462 Placentinensis
1800 3402 1953 3482 episcopi
1972 3400 2003 3482 ¹),

335 3486 377 3547 de
400 3504 532 3549 assensu
566 3487 705 3570 partium
737 3485 988 3575 intercess[erit],
1017 3491 1099 3552 sicut
1129 3490 1254 3572 absque
1285 3491 1444 3571 pravitate
1468 3489 1554 3550 lacta
1575 3497 1626 3550 est
1648 3498 1682 3552 et
1705 3484 1893 3573 [conc]epta
1917 3490 2003 3551 etin

334 3576 457 3656 scripto
487 3576 651 3639 autentico
684 3577 874 3652 continetur,
906 3581 1100 3642 auctoritate
1132 3577 1315 3661 apostolica
1345 3577 1575 3642 confirmamus
1614 3587 1647 3640 et
1677 3574 1849 3662 [presentis
1879 3577 2002 3660 scriptil

334 3665 515 3747 patrocinio
540 3667 785 3729 communimus
830 3664 1027 3744 Statuentes,
1058 3677 1094 3730 ut
1126 3666 1203 3731 nulli
1233 3669 1369 3730 omnino
1392 3666 1561 3729 hominum
1585 3667 1690 3740 liceat,
1715 3662 1822 3752 [hanc]
1847 3670 2003 3748 paginam

335 3749 468 3838 [no]stre
491 3753 746 3817 confirmationis
768 3755 943 3838 infringere
966 3757 1018 3820 vel
1042 3760 1070 3820 ei
1095 3777 1174 3820 ausu
1196 3758 1370 3818 temerario
1394 3756 1561 3818 contraire.
1606 3753 1642 3819 Si
1671 3757 1743 3836 quis
1768 3751 1903 3841 [autern]
1929 3751 2003 3839 h[oc

334 3837 505 3927 attelntare
537 3844 778 3926 presumpserit,
808 3846 1066 3926 indignationem
1098 3845 1330 3928 omnipotentis
1350 3851 1355 3925 Ι
1375 3845 1429 3907 dei
1452 3852 1485 3907 et
1515 3845 1686 3907 beatorum
1711 3839 1821 3929 [Pe]tri
1846 3853 1879 3906 et
1904 3845 2002 3918 Pauli,

334 3931 559 4013 apostolorum
583 3933 658 4008 eius,
680 3953 716 3995 se
738 3935 865 3996 noverit
888 3937 1097 3999 incursurum.
1120 3970 1164 3980 —
1186 3937 1262 3998 Dat.
1284 3929 1289 4018 Ι
1309 3932 1450 4007 Verone,
1473 3948 1524 3996 1111
1547 3931 1634 3996 Non.
1658 3932 1745 4014 Aug.

495 4045 539 4096 Or.
557 4046 583 4096 r‘n
601 4047 645 4096 dtr
661 4047 787 4096 Biblioteca
804 4049 876 4098 Realr
893 4065 923 4097 au
943 4049 1041 4098 Parma.

494 4117 562 4182 Perg.
581 4117 640 4177 rat,
658 4119 694 4168 br.
712 4122 895 4180 0,165—0,17,
913 4121 973 4184 lang
983 4121 1069 4180 0,132,
1087 4127 1163 4169 unten
1181 4122 1257 4179 0,016
1274 4118 1463 4183 umgrsclilagen‚
1484 4118 1561 4166 durclr
1578 4118 1635 4165 sauri
1645 4117 1737 4167 deher
1751 4119 1808 4182 gelat
1825 4118 1863 4166 dr'e
1878 4133 1936 4166 rosa
1953 4117 2006 4165 rand

330 4189 396 4252 gelde
415 4188 599 4248 Seidenschnur,
619 4190 690 4238 deren
708 4190 832 4255 Blrisiegel
845 4193 961 4250 verloren,
981 4191 1089 4256 Fallung
1107 4192 1151 4241 der
1167 4191 1269 4240 Brevm.
1300 4190 1356 4239 Der
1371 4189 1451 4238 Ναηκ
1468 4191 1508 4239 des
1524 4190 1594 4238 Abte:
1611 4187 1636 4238 in
1659 4189 1703 4237 der
1725 4197 1802 4238 ersten
1821 4189 1883 4238 Zeile
1907 4191 1940 4238 ist
1963 4188 2004 4237 neit

333 4261 432 4310 hellerer
448 4260 523 4310 Dr'nte
541 4261 698 4326 rr'ngrtragen,
716 4261 795 4311 eberiso
812 4262 849 4310 die
865 4263 932 4310 niclrt
948 4263 1016 4311 mehr
1032 4263 1119 4312 lesbare
1137 4261 1324 4312 Nonuninitiale
1341 4259 1382 4310 des
1400 4260 1512 4325 Birthoss
1528 4276 1576 4310 von
1597 4259 1721 4310 Ii'ocenso.

1074 4547 1139 4622 Nr.
1168 4552 1257 4624 348.

334 4677 454 4740 Lucius
477 4676 543 4740 III
561 4676 744 4760 beauftragt
764 4678 826 4742 den
841 4678 1047 4743 Prokurator
1067 4700 1128 4744 von
1152 4678 1295 4759 llicenza,
1318 4679 1380 4744 den
1395 4677 1505 4744 Kaius
1524 4676 1695 4744 Gronellus
1716 4700 1779 4744 sur
1791 4673 2002 4763 Herausgabe

576 4766 633 4830 des
647 4767 720 4830 dem
739 4766 868 4832 Kloster
882 4766 949 4832 San
967 4769 1073 4833 Pietro
1088 4769 1127 4832 di
1150 4768 1284 4832 Vicenoa
1300 4770 1499 4854 Entrogenen
1513 4791 1553 4834 zu
1568 4770 1715 4852 awingen
1731 4769 1770 4844 ¹).

875 4886 1087 4947 tiss-1185
1102 4883 1229 4966 Angrrst
1242 4888 1291 4947 18.
1332 4883 1460 4949 Verona.

492 4994 613 5059 Lucius
629 4997 809 5079 episcopus,
825 5019 936 5062 servus
952 5019 1117 5063 servorum
1135 5001 1198 5074 dei,
1214 5001 1334 5063 dilecto
1350 5000 1426 5075 filio,
1447 5003 1651 5083 procuratori
1666 4999 1840 5064 Vicentine
1856 5001 2000 5074 ecclesie,

333 5083 471 5148 salutem
503 5093 536 5146 et
565 5086 779 5167 apostolicam
812 5089 1084 5153 benedictionem.
1129 5089 1257 5153 Dilecta
1290 5093 1321 5152 in
1353 5089 1483 5154 Christo
1515 5090 1579 5153 filia
1609 5099 1735 5162 nostra,
1767 5089 1812 5151 M.
1837 5089 1999 5154 abbatissa

334 5175 437 5236 sancti
467 5173 552 5236 Petri
584 5175 626 5237 de
653 5174 809 5251 Vicentia,
833 5197 966 5259 gravem
989 5180 1031 5242 ad
1055 5199 1115 5241 nos
1139 5181 1374 5261 querimoniam
1392 5180 1573 5254 destinavit,
1596 5180 1687 5260 quod
1704 5178 1882 5243 Gronellus
1899 5177 1999 5250 Caius,

334 5282 449 5344 graves
473 5265 670 5326 monasterio
693 5266 821 5328 iniurias
844 5267 998 5342 inserens,
1022 5276 1171 5350 quartam
1196 5279 1322 5351 partem
1348 5271 1500 5346 nemoris,
1531 5268 1621 5350 quod
1652 5269 1769 5331 dicitur
1799 5269 1999 5343 Lerinorum,

334 5352 376 5414 ad
401 5352 629 5415 monasterium
654 5353 877 5435 pertinentem,
900 5357 1016 5420 invasit
1039 5367 1080 5432 et,
1104 5357 1239 5420 ecclesie
1263 5359 1305 5419 de
1323 5354 1525 5421 Grunotorto
1550 5357 1757 5421 cemeterium
1774 5358 1998 5432 intromittens,

493 5619 518 5676 a)
538 5617 570 5666 hu
597 5619 649 5682 auf
670 5619 755 5668 lr’amr
837 5621 863 5683 b)
893 5622 937 5670 das
962 5623 1068 5670 aaveiter
1093 5623 1145 5686 auf
1165 5623 1250 5671 A’asrer
1276 5639 1324 5673 von
1351 5623 1480 5673 dunklerer
1498 5623 1580 5682 Dritte,
1608 5638 1649 5672 am
1670 5623 1769 5674 Schluss
1792 5625 1879 5674 Rasur
1900 5639 1947 5672 oon
1972 5637 1997 5669 as

336 5691 360 5739 cl
381 5689 534 5736 communire
606 5691 631 5744 d)
645 5689 688 5737 drr
698 5691 967 5742 ll'arner'stunleserlr'ch
976 5694 1108 5758 geroorden.
1129 5733 1134 5736 .
1193 5699 1228 5754 ,1)
1246 5695 1344 5756 Tedald,
1359 5695 1514 5760 Bisclrosvon
1528 5695 1650 5756 Harenas,
1666 5697 1845 5746 trra-1192.
1917 5703 1942 5760 2)
1956 5693 1999 5742 Dic

334 5759 458 5822 Absrlrrv'ft
476 5759 549 5808 dieser
570 5761 686 5810 L'rlrundr
704 5763 823 5812 verdunke
838 5763 875 5812 ich
894 5765 946 5812 dem
967 5765 1049 5812 Herm
1069 5765 1137 5829 Prrff.
1157 5767 1283 5814 Bemordo
1301 5765 1425 5814 Morsu!
1429 5767 1438 5812 i
1443 5783 1461 5814 n
1480 5782 1508 5813 on
1533 5766 1638 5818 Vicensa.
