4126 6356
306 301 367 372 168

303 497 386 558 iuste
409 501 443 556 et
465 490 622 554 canonice
644 489 800 570 possidet,
832 497 950 552 terram
976 489 1017 552 de
1041 489 1199 567 Menasio‚
1231 500 1265 554 et
1295 501 1414 555 terram
1446 491 1488 553 de
1511 489 1603 554 Fara
1648 489 1864 556 Decemimus
1888 511 1977 576 ergo,

303 595 338 648 ut
370 582 448 646 nulli
480 580 614 642 omnino
645 579 815 641 hominum
846 576 956 655 liceat,
987 580 1209 661 supradictum
1243 581 1484 656 monasterium,
1518 629 1524 643 .
1556 625 1565 642 .
1597 629 1603 642 .
1635 581 1747 645 usibus
1778 583 1978 645 omnimodis

303 673 488 755 profutura,
525 668 615 731 salva
644 668 731 730 sedis
762 668 942 749 apostolice
977 671 1171 733 auctoritate
1191 667 1227 756 ²).
1272 670 1328 733 Ad
1361 670 1514 733 indicium
1551 679 1660 732 autem
1691 670 1801 748 huius,
1840 693 1860 734 a
1899 673 1977 735 sede

303 761 487 844 apostolica
504 754 534 842 b)
556 766 713 839 percepte
736 756 902 834 libertatis,
934 778 1035 821 unum
1066 759 1243 822 bizantium
1274 769 1341 822 tam
1372 769 1415 836 tu,
1442 778 1540 841 quam
1564 779 1768 824 successores
1790 763 1847 838 tui,
1881 762 1978 825 nobis

303 851 487 931 nostrisque
509 846 752 910 successoribus
775 847 868 909 annis
890 847 1025 928 singuiis
1041 848 1244 930 persolvetis.
1290 848 1325 913 Si
1350 869 1414 931 qua
1437 849 1535 930 igitur
1558 897 1612 911 ...
1636 848 1771 912 Cunctis
1794 861 1906 914 autem
1923 901 1930 914 .
1946 899 1978 915 ..

303 940 479 1004 inveniant.
526 936 645 999 Amen.
669 935 760 998 A-m.
785 935 903 999 Arnen.
927 971 970 982 -

515 1025 569 1106 (R)
592 1026 666 1107 Ego
690 1025 856 1088 Adrianus
879 1026 1040 1113 catholice
1064 1027 1199 1113 ecclesie
1223 1027 1398 1109 episcopus
1420 1047 1462 1090 ss.
1488 1021 1550 1106 ’(Μ)

514 1115 534 1197 †
558 1115 631 1196 Ego
655 1114 794 1179 Cencius
817 1115 1003 1179 Portuensis
1026 1125 1059 1178 et
1081 1126 1193 1179 sancte
1216 1117 1334 1204 Rufine
1356 1117 1533 1198 episcopus
1556 1137 1598 1178 ss.

515 1206 536 1283 †
558 1204 631 1285 Ego
656 1204 834 1286 Gregorius
857 1204 1049 1269 Sabinensis
1072 1207 1247 1287 episcopus
1270 1227 1311 1270 ss.
1336 1201 1382 1291 (7)

514 1328 559 1338 —
582 1291 603 1376 †
625 1294 699 1375 Ego
723 1293 833 1357 Guido
856 1294 1018 1376 presbiter
1041 1294 1213 1358 cardinalis
1235 1295 1284 1359 tit.
1309 1296 1413 1358 sancti
1436 1293 1612 1377 Grisogoni
1635 1315 1677 1358 ss,

516 1379 537 1464 †
559 1383 633 1464 Ego
657 1382 847 1446 Maniredus
870 1383 1032 1465 presbiter
1055 1384 1227 1447 cardinalis
1250 1385 1298 1447 tit.
1322 1394 1433 1472 sancte
1457 1384 1577 1471 Savine
1599 1405 1640 1448 ss.

515 1470 535 1553 †
559 1473 632 1553 Ego
656 1471 753 1534 Iulius
777 1472 939 1554 presbiter
961 1473 1132 1536 cardinalis
1155 1475 1204 1537 tit.
1227 1475 1331 1537 sancti
1355 1473 1500 1537 Marcelli
1522 1495 1563 1536 ss.

516 1561 537 1639 †
559 1561 633 1642 Ego
657 1561 841 1625 Bernardus
864 1563 1026 1644 presbiter
1048 1562 1222 1626 cardinalis
1245 1564 1293 1627 tit.
1317 1565 1421 1627 sancti
1446 1562 1625 1626 Clementis
1647 1581 1688 1624 ss.
1712 1557 1758 1645 (2)

516 1650 536 1734 †
558 1651 633 1732 Ego
656 1650 812 1714 Girardus
835 1652 996 1733 presbiter
1018 1652 1190 1715 cardinalis
1213 1653 1262 1716 tit.
1277 1654 1381 1716 sancti
1397 1652 1559 1735 Stephani
1575 1652 1607 1714 in
1624 1650 1715 1715 Celio
1739 1660 1854 1714 monte
1876 1672 1917 1714 ss.
1934 1647 1981 1735 (2)

516 1775 560 1784 -
583 1736 603 1822 †
627 1740 701 1821 Ego
724 1741 834 1804 Guido
860 1741 1015 1804 diaconus
1039 1742 1212 1805 cardinalis
1235 1753 1347 1805 sancte
1371 1743 1474 1805 Marie
1497 1743 1530 1804 in
1552 1741 1682 1804 Porticu
1705 1761 1746 1804 ss.

518 1825 539 1911 †
561 1830 635 1910 Ego
658 1829 820 1893 Iohannes
844 1831 1002 1894 diaconus
1025 1831 1197 1894 cardinalis
1220 1841 1406 1895 sanctorum
1430 1831 1535 1912 Sergii
1559 1839 1593 1893 et
1614 1829 1716 1892 Bachi
1739 1851 1780 1892 ss.

516 1920 538 1996 †
560 1919 634 1999 Ego
658 1917 822 1982 Gerardus
846 1920 1004 1983 diaconus
1027 1920 1200 1984 cardinalis
1222 1931 1335 2008 sancte
1358 1921 1462 2007 Marie
1485 1921 1518 1982 in
1541 1919 1606 1983 Via
1628 1919 1694 1981 lata
1716 1939 1757 1981 ss.

518 2004 538 2090 †
561 2008 635 2089 Ego
659 2009 736 2072 Odo
761 2009 917 2072 diaconus
941 2010 1114 2073 cardinalis
1136 2011 1239 2074 sancti
1263 2011 1414 2073 Nicholai
1439 2012 1472 2073 in
1496 2029 1624 2072 carcere
1646 2001 1826 2092 T[ulliano]
1850 2027 1892 2069 ss.

465 2097 542 2159 Dat.
559 2098 591 2159 in
616 2098 777 2161 territorio
797 2100 971 2162 Tiburtino
995 2101 1084 2181 apud
1107 2109 1244 2182 pontem
1259 2101 1438 2176 Lucanum,
1462 2119 1521 2181 per
1543 2118 1676 2161 manum
1691 2096 1843 2172 Rolandi‚
1868 2106 1983 2159 sancte

305 2185 456 2248 Romane
479 2186 635 2249 aecclesie
658 2188 829 2268 presbiteri
853 2189 1026 2251 cardinalis
1048 2186 1074 2274 ε)
1097 2200 1130 2252 et
1150 2186 1177 2274 ο)
1201 2189 1384 2252 cancellarii
1404 2187 1440 2274 c).
1487 2200 1539 2250 1111
1561 2188 1647 2250 Non.
1672 2186 1750 2249 Iulii.
1796 2184 1983 2248 Indictione

306 2277 409 2339 tertia.
456 2274 692 2338 lncarnationis
726 2277 889 2340 dominice
920 2299 1007 2341 anno
1039 2291 1144 2340 MCLV.
1189 2279 1402 2343 Pontificatus
1431 2299 1510 2341 vero
1544 2277 1656 2340 domni
1679 2275 1818 2339 Adriani
1848 2296 1906 2357 pp.
1930 2289 1982 2336 1111

306 2385 393 2428 anno
416 2365 534 2447 prime.
559 2401 600 2411 -

469 2479 511 2530 Or.
530 2479 563 2529 im
582 2479 695 2530 Archiur'a
713 2480 740 2528 dr‘
755 2481 822 2530 Statu
839 2497 868 2530 aru
887 2479 1009 2531 Mallaud.

467 2551 538 2616 Perg.
556 2551 616 2611 aaa,
635 2553 669 2602 br.
684 2554 769 2612 0,535‚
788 2555 849 2617 lang
866 2554 935 2613 0,55,
953 2561 1028 2602 untrn
1047 2555 1108 2612 0,04
1125 2552 1317 2619 umgrscklagen‚
1335 2553 1412 2602 durch
1430 2553 1488 2602 arrei
1504 2551 1598 2601 deher
1611 2551 1668 2617 gelu
1685 2550 1722 2600 dia
1735 2550 1813 2616 galbe,
1832 2546 1914 2596 warte
1930 2547 1987 2595 und

305 2623 439 2672 stahlblaue
456 2623 639 2685 Seidrnschnur‚
664 2625 737 2673 deren
756 2625 811 2673 Blrr'
831 2627 948 2674 verlarcn.
986 2625 1092 2690 Fallung
1115 2625 1158 2673 der
1174 2625 1271 2674 Bullrn,
1309 2626 1444 2690 Rr‘rzgkrera
1462 2625 1517 2674 uud
1536 2623 1698 2686 Underschrrfl
1721 2637 1769 2670 von
1783 2619 1889 2686 gleirker
1905 2618 1988 2667 Haud

306 2695 362 2744 und
377 2695 458 2758 Dirue,
486 2694 705 2761 Uruclrrr‘ftselrlt,
729 2695 773 2744 der
790 2696 929 2746 Inumkrer's
950 2697 982 2745 ist
1006 2697 1067 2746 ohne
1091 2696 1175 2746 Zirkcl
1194 2698 1299 2746 ziemlr'cl
1322 2697 1522 2762 ungleicamassrgr
1546 2695 1603 2744 und
1618 2692 1741 2743 theilwer'se
1757 2693 1810 2757 aus
1824 2693 1910 2739 Rasur
1927 2707 1983 2739 aus·

302 2766 412 2833 grsdhrt.
448 2767 577 2831 Datirung
598 2783 646 2815 urm
670 2768 773 2816 auderer
789 2767 869 2817 Hand
889 2769 945 2816 und
958 2767 1033 2817 Dinte
1057 2769 1094 2816 als
1117 2769 1160 2817 der
1177 2768 1354 2832 Hauptkdrper,
1379 2769 1424 2816 das
1441 2769 1463 2817 R
1482 2767 1591 2817 A'alands
1607 2767 1692 2815 kdnutr
1715 2765 1788 2814 daria
1805 2762 1984 2828 uaclgcrragerr

305 2839 362 2887 sein.
398 2837 447 2888 Dic
463 2837 643 2903 ngeufirmen
656 2839 832 2904 grir'rrrerrtluils
848 2855 896 2889 uon
914 2840 957 2888 der
974 2837 1109 2889 ndmlr'clren
1127 2839 1207 2888 Hand
1221 2841 1276 2889 und
1290 2840 1358 2890 wohl
1371 2841 1433 2889 auch
1446 2839 1551 2905 gleiclur
1566 2838 1641 2887 Dr'ruc
1658 2836 1811 2902 arugrfiu'brt.

1051 3233 1117 3308 Nr.
1150 3237 1237 3309 157.

308 3377 463 3446 Hadrian
488 3379 550 3446 IV
574 3380 727 3446 berichtet
753 3381 826 3447 dem
850 3381 1006 3462 Bisrhase
1037 3403 1098 3446 van
1124 3381 1330 3465 Augauldme,
1362 3402 1400 3445 er
1428 3380 1537 3446 werde
1562 3381 1598 3443 iu
1621 3379 1742 3442 seinem
1772 3375 1895 3440 Strer'ta
1925 3377 1989 3439 mit

308 3470 381 3536 dem
409 3471 546 3535 Klaster
576 3472 743 3554 Rancenay
772 3492 881 3554 wegen
917 3471 999 3534 Faut
1033 3470 1172 3535 Cabrone
1200 3472 1291 3535 keina
1320 3469 1565 3552 Entsclreidung
1593 3467 1643 3532 bis
1673 3487 1712 3530 au
1744 3465 1807 3529 den
1847 3463 1987 3529 Octauerr

309 3559 342 3624 S.
375 3560 519 3624 Martius
542 3561 668 3642 treffen‚
709 3582 746 3625 er
773 3561 850 3625 salle
879 3560 948 3624 sica
979 3559 1288 3733 bisgcjlltlllznsllm
1316 3559 1396 3624 adar
1425 3559 1527 3625 durch
1556 3555 1648 3622 ez'rzen
1679 3554 1986 3638 Bevallmdclrtgteu

906 3792 990 3854 1155
1005 3789 1136 3877 August
1149 3795 1202 3855 12.
1245 3789 1380 3856 Viterba.

469 3925 634 3989 Adrianus
658 3927 850 4008 episcopm,
881 3947 992 3989 servus
1023 3946 1189 3988 servorum
1214 3927 1281 4003 dei,
1313 3925 1489 3989 venerabili
1514 3925 1612 3998 fratri,
1642 3921 1888 4004 Engolismensi
1919 3920 1986 4002 epi·

310 4033 413 4096 scopo
431 4011 465 4098 ¹),
495 4015 633 4078 salutem
657 4025 690 4078 et
712 4015 930 4097 apostolicam
952 4015 1227 4078 benedictionem.
1273 4012 1365 4079 Sicut
1389 4036 1430 4078 ex
1453 4015 1612 4077 relatione
1638 4013 1750 4074 latoris
1783 4011 1986 4092 presentium

311 4103 482 4166 manifeste
506 4105 729 4186 cognovimus,
760 4105 903 4186 priorem
934 4112 968 4166 et
990 4125 1147 4167 monacos
1180 4104 1221 4168 de
1244 4105 1424 4167 Ruciniaco
1454 4125 1514 4186 pro
1539 4102 1768 4178 controversia,
1800 4120 1865 4181 que
1889 4118 1988 4180 super

311 4194 455 4273 quadam
470 4194 615 4270 ecclesia,
641 4213 703 4274 que
720 4193 836 4256 dicitur
853 4193 926 4257 sons
942 4192 1105 4269 Cobrona‚
1122 4204 1155 4256 et
1169 4214 1268 4276 super
1281 4194 1532 4275 gravaminibus,
1557 4212 1621 4274 que
1641 4192 1701 4254 tibi
1717 4189 1988 4252 irracionabiliter

311 4281 496 4358 inferantur,
520 4283 605 4345 inter
626 4290 659 4344 te
683 4292 717 4345 et
740 4303 796 4345 eos
821 4283 965 4346 noscitur
980 4283 1103 4364 agitari,
1128 4284 1160 4345 in
1184 4284 1343 4365 proximis
1368 4284 1491 4346 octavis
1521 4283 1625 4346 sancti
1649 4280 1781 4343 Martini
1805 4279 1849 4340 ad
1872 4279 1988 4341 sedem

311 4371 528 4452 apostolicam
543 4371 724 4454 appellasti.
770 4372 841 4435 Nos
864 4382 981 4449 autem,
1007 4373 1083 4452 quia
1106 4373 1174 4434 iura
1195 4380 1251 4435 tua
1274 4374 1307 4435 in
1328 4374 1416 4436 nullo
1434 4373 1493 4436 tibi
1510 4371 1610 4434 minui
1625 4370 1775 4433 volumus
1789 4367 1842 4431 vel
1859 4367 1987 4442 auferri¹

311 4461 510 4540 presentium
534 4461 726 4524 auctoritate
749 4462 927 4537 statuimus,
952 4472 1060 4524 utres
1084 4462 1116 4524 in
1140 4482 1180 4524 eo
1200 4470 1295 4538 statu,
1319 4463 1439 4544 inquo
1466 4471 1643 4542 antequam
1665 4458 1869 4541 appellatum
1892 4469 1988 4532 esset,

311 4550 528 4631 permansisse
560 4549 754 4628 dinoscitur,
786 4556 979 4632 perseveret.
1024 4550 1158 4614 lnterim
1187 4572 1284 4628 vero,
1322 4552 1349 4614 si
1387 4551 1554 4632 predictos
1583 4549 1787 4612 adversarios
1824 4558 1901 4610 tuos
1932 4555 1989 4608 aut

312 4658 425 4701 eorum
452 4639 588 4702 nuncios
619 4639 661 4701 ad
694 4659 754 4702 nos
776 4641 887 4703 venire
917 4639 1107 4721 contigerit,
1139 4640 1261 4702 nullum
1292 4661 1313 4703 a
1343 4640 1439 4704 nobis
1470 4659 1664 4721 responsum
1693 4647 1769 4701 ante
1800 4637 1989 4719 predictum

310 4729 485 4791 terminum
508 4728 732 4810 reportabunt.
778 4729 850 4791 Tua
873 4749 951 4810 ergo
981 4729 1134 4806 intererit,
1166 4731 1198 4792 in
1230 4729 1406 4793 constituto
1439 4739 1590 4811 tempore
1621 4749 1720 4809 super
1748 4727 1866 4790 eadem
1891 4741 1990 4788 causa

312 4838 371 4899 per
393 4827 426 4880 te
448 4816 501 4880 vel
522 4838 583 4899 per
605 4817 828 4899 responsalem
855 4828 955 4892 tuum,
986 4827 1192 4900 recepturum
1214 4829 1248 4882 et
1270 4818 1491 4883 exhibitumm
1515 4818 1684 4895 iusticiam,
1715 4827 1828 4879 nostro
1852 4825 1887 4878 te
1911 4835 1989 4876 con·

311 4908 437 4988 spectui
461 4916 659 4988 presentare.
681 4943 725 4952 —
748 4906 824 4970 Dat.
847 4907 986 4984 viterbi,
1009 4921 1034 4969 11
1057 4908 1133 4970 Idus
1155 4907 1306 4990 Augusti.

471 5019 596 5086 Abschrifl
610 5035 664 5070 vom
686 5024 717 5071 12
739 5021 830 5085 Jahrb.
850 5023 890 5072 des
912 5023 967 5072 Cad.
991 5022 1065 5072 Ouob.
1085 5023 1135 5074 687
1149 5030 1177 5088 p.
1197 5025 1239 5084 12,
1258 5023 1283 5073 r'n
1301 5024 1344 5073 der
1362 5023 1424 5073 Bul.
1449 5021 1565 5071 Vaticana
1582 5037 1612 5071 uu
1630 5023 1699 5071 Ram.

471 5251 496 5316 a)
516 5249 638 5301 Zwu'rcluu
656 5251 803 5302 auctoritate
820 5253 876 5302 uud
890 5252 932 5302 Ad
952 5255 1037 5302 Rauer
1053 5268 1101 5302 van
1119 5253 1205 5314 0,155,
1229 5253 1306 5303 warr'rr
1326 5253 1457 5320 gestandus
1481 5251 1525 5301 hat
1542 5257 1566 5301 et
1585 5251 1712 5303 diocesani
1731 5251 1848 5316 episcopi
1866 5249 1990 5300 canonica

312 5323 411 5374 iustitia.
448 5321 475 5372 Si
501 5337 557 5388 qua.
607 5323 752 5389 Wem'gstrus
776 5323 803 5374 Si
827 5340 876 5389 qua
900 5340 967 5374 murs
987 5324 1064 5390 glriclr
1089 5321 1221 5390 ruegradr'rt
1243 5326 1304 5386 sein,
1329 5326 1388 5375 weil
1406 5325 1492 5373 dasA
1514 5339 1562 5373 van
1586 5324 1628 5372 Ad
1650 5325 1702 5389 auf
1721 5323 1798 5372 dieser
1821 5325 1908 5370 Rarur
1930 5321 1993 5370 rtek!

313 5396 340 5460 b)
359 5393 483 5444 Dakirrter
499 5397 583 5444 Rasur
599 5396 661 5445 eures
677 5411 702 5444 m
781 5397 805 5461 c)
824 5397 876 5458 auf
887 5399 978 5447 Ramr.
994 5397 1092 5462 --.1)
1117 5396 1194 5461 Vergl.
1214 5397 1251 5446 dr'e
1271 5397 1332 5452 Urk.
1349 5413 1403 5446 vam
1425 5398 1455 5446 11
1474 5395 1606 5461 September
1624 5397 1701 5447 1165.
1775 5396 1802 5463 2)
1822 5393 1900 5459 Huga
1917 5394 1948 5442 dr
1965 5396 1992 5442 la

313 5465 516 5533 Rachrsaucauld,
534 5467 638 5533 Bisaltas
650 5483 699 5518 urm
716 5465 867 5534 Anguem,
887 5483 908 5518 c.
927 5468 1063 5518 rias-c.
1084 5469 1159 5517 1159.
