4090 6358
326 333 370 421 64

325 530 562 593 sectationibus
585 528 793 592 ecclesiarum
817 537 850 592 et
873 527 1093 593 anniversario
1118 527 1373 594 consecrationis
1403 539 1479 592 tuae
1511 525 1573 604 die,
1605 527 1695 592 cuius
1725 527 1876 591 nimirum
1900 525 1991 610 pallei

325 619 476 682 volumus
492 628 524 682 te
538 638 599 700 per
613 619 724 680 omnia
745 619 893 700 gentium
915 619 1090 682 vendicare
1108 622 1146 699 a).
1192 618 1297 682 Huius
1319 619 1482 699 siquidem
1507 618 1688 681 indumenti
1705 618 1813 680 honor
1835 617 1992 680 humilitas

327 719 426 790 atque
449 708 571 771 iustitia
593 717 658 770 est:
698 717 769 770 tota
802 728 880 790 ergo
912 716 1021 772 mente
1051 709 1234 772 fraternitas
1266 719 1322 772 tua
1353 731 1388 772 se
1418 709 1575 772 exhibere
1607 707 1739 770 festinet
1769 709 1802 770 in
1834 708 1993 789 prosperis

326 798 506 860 humillime
529 805 562 859 et
585 797 617 859 in
642 797 795 874 adversis,
819 799 846 860 si
871 798 1005 879 quando
1022 799 1196 874 evenerint,
1221 819 1295 861 cum
1319 799 1441 862 iustitia
1457 808 1607 873 erectam,
1632 798 1772 860 amicam
1797 797 1905 872 bonis,
1928 818 1992 878 per-

326 888 426 950 versis
450 886 654 963 contrariam,
686 886 802 949 nullius
826 907 970 968 unquam
1002 887 1119 951 faciem
1151 897 1266 951 contra
1292 889 1463 951 veritatem
1486 887 1675 969 suscipiens,
1707 886 1825 949 nullius
1856 905 1992 967 unquam

327 976 443 1039 faciem
475 996 536 1058 pro
558 976 697 1038 veritate
729 976 919 1058 loquentem
948 997 1128 1058 praemens,
1163 978 1405 1040 misericordiae
1438 977 1593 1059 operibus
1625 978 1716 1039 iuxta
1746 976 1898 1039 virtutem
1926 975 1992 1038 sub-

326 1067 465 1128 stantiae
496 1065 655 1142 insistens,
688 1076 798 1128 tamen
830 1067 976 1129 insistere
1007 1068 1104 1130 etiam
1136 1087 1234 1148 supra
1256 1068 1408 1130 virtutem
1440 1067 1588 1148 cupiens,
1621 1065 1755 1128 infirmis
1787 1066 1992 1147 compatiens,

325 1154 594 1218 benevalentibus
618 1156 837 1236 congaudens,
863 1155 969 1218 aliena
993 1157 1113 1218 damna
1136 1157 1270 1238 propria
1294 1157 1464 1239 deputans,
1490 1155 1531 1217 de
1555 1155 1668 1218 alienis
1688 1155 1817 1236 gaudiis
1832 1163 1993 1235 tamquam

327 1244 368 1306 de
390 1244 532 1326 propriis
555 1243 714 1321 exultans,
739 1245 771 1306 in
796 1245 995 1326 corrigendis
1018 1246 1105 1308 vitiis
1127 1247 1182 1328 pie
1205 1246 1361 1322 saeviens,
1391 1247 1423 1308 in
1448 1244 1597 1307 fovendis
1619 1243 1793 1307 virtutibus
1817 1245 1994 1306 auditorum

327 1334 454 1396 animos
478 1333 675 1410 demulcens,
706 1335 738 1395 in
771 1335 818 1396 ira
849 1334 1003 1397 iudicium
1033 1336 1102 1397 sine
1133 1337 1326 1412 iratenens,
1358 1336 1390 1398 in
1422 1335 1656 1415 tranquillitate
1679 1344 1789 1396 autem
1822 1333 1994 1396 severitatis

326 1423 429 1486 iustae
453 1442 604 1485 censuras
620 1443 687 1485 non
704 1423 866 1487 deserens.
905 1421 997 1486 Haec
1013 1433 1070 1500 est,
1095 1423 1193 1488 frater
1208 1426 1381 1502 carissime,
1406 1424 1504 1507 pallei
1528 1425 1655 1505 accepti
1679 1423 1829 1504 dignitas,
1853 1422 1995 1504 quamsi

327 1512 465 1575 sollicite
488 1513 674 1588 servaveris,
706 1513 796 1594 quod
820 1512 898 1576 foris
921 1515 1087 1595 accepisse
1111 1515 1301 1592 ostenderis,
1332 1516 1417 1578 intus
1439 1514 1588 1577 habebis.
1636 1512 1888 1576 Fraternitatem
1911 1523 1994 1575 tuan

327 1621 468 1684 superna
492 1601 645 1682 dignacio
667 1622 727 1684 per
749 1612 900 1684 tempora
923 1603 1023 1684 longa
1046 1615 1217 1667 conservet
1240 1605 1445 1667 incolumem.
1490 1602 1610 1667 Amen.
1634 1601 1753 1666 Amen.
1776 1601 1896 1665 Amen.

540 1690 595 1771 (R)
619 1691 693 1772 Ego
715 1691 835 1755 Lucius
859 1692 1042 1756 catholicae
1065 1692 1221 1756 ecclesiae
1245 1695 1422 1776 episcopus
1445 1715 1486 1756 ss.
1511 1693 1576 1776 (M)

540 1781 560 1859 †
583 1780 657 1862 Ego
680 1781 790 1846 Guido
812 1782 976 1863 presbiter
997 1782 1170 1845 cardinalis
1193 1784 1242 1848 tit.¹
1265 1795 1453 1847 sanctorum
1475 1781 1642 1846 Laurentii
1667 1792 1700 1845 et
1722 1781 1859 1844 Damasi
1882 1800 1923 1842 ss.

540 1870 562 1948 †
584 1871 658 1951 Ego
682 1870 872 1934 Manfredus
895 1871 1057 1954 presbiter
1079 1872 1251 1936 cardinalis
1275 1873 1432 1936 diaconus
1455 1883 1568 1936 sancte
1591 1871 1712 1935 Savine
1734 1893 1775 1933 ss.

487 1959 611 2022 Datum
633 1959 795 2036 Laterani,
827 1981 886 2042 per
917 1980 1048 2024 manum
1076 1962 1222 2038 Baronis‚
1254 1972 1387 2026 sanctae
1410 1963 1582 2025 Romanae
1614 1960 1771 2024 ecclesiae
1801 1956 1994 2023 subdiaconi.

328 2061 379 2111 1111
412 2047 527 2110 Nonas
557 2048 624 2111 Ian.
671 2049 854 2113 indictione
877 2061 948 2112 vm.
994 2051 1229 2115 Incarnationis
1261 2052 1445 2115 dominicae
1476 2072 1563 2114 anno
1595 2061 1738 2114 MCXle.
1791 2047 1994 2113 Pontificatus

328 2157 407 2201 vero
432 2137 544 2200 domni
567 2137 659 2200 Lucii
684 2139 818 2202 secundi
842 2160 930 2222 pape
953 2161 1040 2202 anno
1064 2155 1085 2203 1.

492 2252 534 2302 Or.
553 2251 608 2300 und
622 2253 748 2319 Abschn‘st
764 2254 804 2303 dcs
825 2253 881 2304 Cod.
903 2253 970 2319 Dipl.
988 2253 1095 2304 ccclesiae
1113 2255 1285 2316 Brundisinae,
1310 2254 1343 2305 im
1359 2253 1474 2305 Arcbiuio
1494 2254 1628 2320 Capitorare
1646 2269 1676 2302 su
1694 2253 1812 2304 Brindisi.

1089 2540 1155 2618 ΝΥ.
1188 2547 1248 2618 63.

331 2689 450 2753 Lucius
466 2687 510 2752 II
527 2685 702 2754 ribemuez‘st
719 2689 792 2754 dem
817 2687 954 2775 Kapitel
970 2713 1031 2756 von
1054 2691 1124 2759 San
1143 2693 1308 2758 Giouanni
1330 2695 1363 2758 in
1381 2693 1540 2758 Laterano
1561 2713 1601 2756 au
1618 2689 1700 2756 Rom
1720 2690 1775 2754 die
1792 2688 1913 2755 Kr'rclze
1935 2687 1994 2751 san

334 2779 498 2842 Giovanni
531 2781 648 2843 avanti
678 2779 776 2844 Porta
816 2781 936 2845 Latina
966 2782 1036 2846 und
1062 2783 1311 2952 (ZsbeZortrpjtal
1343 2783 1396 2847 bei
1425 2783 1523 2847 Porta
1555 2783 1771 2846 Lateranense
1808 2781 1871 2845 mit
1907 2779 1994 2844 allern

951 3008 1034 3069 1145
1049 3006 1185 3080 Januar
1205 3009 1257 3070 31.
1290 3005 1382 3072 Rom.

488 3147 608 3211 Lucius
624 3147 808 3229 episcopus,
825 3168 935 3210 servus
951 3169 1117 3212 servorum
1134 3145 1223 3234 (dei),
1241 3150 1368 3214 dilectis
1384 3149 1457 3212 filiis
1469 3147 1646 3225 Bernardo,
1664 3148 1763 3230 priori
1775 3144 1995 3211 Lateranensis

332 3237 481 3313 ecclesie,
514 3238 648 3318 eiusque
680 3236 839 3313 fratribus
871 3247 939 3301 tam
970 3240 1176 3320 presentibus
1212 3259 1310 3321 quam
1343 3239 1465 3315 futuris,
1497 3238 1678 3320 regularem
1707 3238 1809 3300 vitam
1840 3235 1993 3320 professis,

332 3329 581 3410 imperpetuum.
614 3325 696 3389 Cum
720 3325 875 3389 universis
892 3328 1073 3391 catholicae
1089 3329 1247 3392 ecclesiae
1262 3329 1336 3392 filiis
1352 3349 1395 3391 ex
1411 3330 1555 3391 iniuncto
1572 3328 1669 3392 nobis
1685 3349 1704 3390 a
1720 3327 1783 3390 deo
1800 3327 1995 3409 apostolatus

332 3416 441 3480 officio
466 3417 633 3480 debitores
656 3416 842 3491 existamus,
866 3417 961 3480 vobis
985 3427 1094 3480 tamen
1127 3429 1160 3481 et
1189 3429 1323 3482 sanctae
1345 3417 1557 3482 Lateranensi
1591 3416 1755 3492 ecclesiae,
1789 3436 1876 3497 quae
1908 3423 1995 3496 caput

331 3518 364 3570 et
387 3515 492 3569 mater
514 3506 660 3568 omnium
684 3505 819 3568 aliarum
842 3507 1051 3569 ecclesiarum
1078 3528 1149 3571 esse
1173 3509 1359 3584 dinoscitur,
1391 3507 1597 3589 propensiori
1621 3507 1730 3569 studio
1761 3526 1822 3568 nos
1853 3502 1995 3569 convenit

330 3596 513 3678 providere.
560 3595 755 3677 Eapropter,
787 3595 905 3658 dilecte
934 3596 966 3658 in
991 3597 1126 3660 domino
1158 3597 1211 3674 fili,
1243 3599 1285 3661 de
1314 3607 1441 3661 vestrae
1475 3597 1661 3659 devotionis
1691 3595 1800 3658 studio
1832 3596 1994 3677 plurimum

331 3684 543 3761 confidentes,
568 3684 739 3748 ecclesiam
762 3685 865 3748 sancti
882 3683 1037 3748 Iohannis
1061 3697 1137 3749 ante
1160 3697 1291 3769 portam
1306 3687 1458 3751 Latinam
1476 3685 1500 3769 ⁸)
1525 3695 1558 3749 et
1580 3684 1745 3768 hospitale
1768 3684 1860 3747 iuxta
1876 3695 1994 3766 portam

331 3775 586 3837 Lateranensem
610 3793 683 3836 cum
708 3775 861 3838 omnibus
883 3777 949 3838 suis
972 3777 1177 3856 pertinentiis
1200 3777 1243 3839 ad
1267 3776 1514 3852 meliorandum,
1546 3775 1725 3857 regendum
1750 3773 1994 3855 disponendum·

333 3883 396 3946 que
419 3864 515 3928 vobis
538 3864 782 3926 committimus
827 3864 915 3928 Nulli
940 3885 1018 3946 ergo
1043 3867 1178 3928 omnino
1202 3866 1372 3929 hominum
1397 3865 1445 3928 fas
1469 3867 1519 3942 sit,
1543 3885 1603 3928 vos
1627 3884 1725 3946 super
1747 3864 1833 3926 hanc
1861 3873 1994 3925 nostram

333 3954 598 4016 commissionem
622 3961 743 4016 temere
766 3954 957 4034 perturbare
980 3975 1037 4016 seu
1063 3955 1263 4036 quibuslibet
1290 3955 1447 4018 molestiis
1480 3952 1623 4036 fatigare.
1669 3953 1704 4017 Si
1738 3954 1808 4034 quis
1839 3945 1994 4014 autemid

332 4052 528 4124 attemptare
560 4043 802 4123 presumpserit,
833 4043 1094 4124 indignationem
1125 4045 1362 4126 omnipotentis
1394 4045 1445 4107 dei
1477 4053 1511 4106 et
1540 4043 1712 4108 beatorum
1741 4042 1827 4105 Petri
1852 4051 1886 4104 et
1908 4035 1994 4108 Pauli,

333 4132 564 4213 apostolorum
588 4131 665 4206 eius,
689 4151 724 4193 se
748 4133 876 4195 noverit
897 4133 1108 4196 incursurum.

545 4221 602 4299 (R)
625 4221 699 4301 Ego
721 4220 841 4284 Lucius
864 4222 1025 4285 catholice
1049 4221 1186 4286 ecclesie
1209 4223 1383 4305 episcopus
1405 4243 1445 4284 ss.
1470 4223 1532 4303 (M)

545 4310 566 4388 †
588 4310 662 4391 Ego
686 4306 905 4374 Theodewius
923 4307 952 4395 b)
975 4322 1088 4375 sancte
1110 4312 1228 4375 Rufine
1252 4313 1428 4394 episcopus
1451 4333 1492 4375 ss.

545 4397 566 4478 †
589 4399 662 4480 Ego
687 4397 858 4463 Conradus
881 4401 1072 4465 Sabinensis
1096 4403 1271 4483 episcopus
1294 4423 1336 4465 ss.

546 4483 567 4570 †
590 4487 663 4569 Ego
686 4488 799 4551 Petrus
822 4489 1021 4554 Albanensis
1044 4492 1180 4554 ecclesie
1204 4491 1379 4574 episcopus
1402 4512 1444 4554 ss.

545 4578 566 4654 †
589 4577 662 4658 Ego
686 4576 846 4642 Guarinus
868 4581 1074 4644 Prenestinus
1098 4582 1274 4663 episcopus
1296 4602 1337 4644 ss.

545 4664 566 4745 †
588 4667 662 4748 Ego
686 4665 862 4748 Gregorius
884 4671 1046 4752 presbiter
1069 4669 1241 4733 cardinalis
1264 4671 1312 4733 tit.
1337 4669 1455 4734 Calixti
1479 4689 1520 4731 ss.

545 4755 566 4833 †
589 4756 662 4838 Ego
686 4756 856 4821 Rainerius
879 4759 1040 4841 presbiter
1063 4758 1236 4822 cardinalis
1260 4760 1307 4822 tit.
1331 4769 1443 4823 sancte
1465 4759 1574 4822 Prisce
1597 4778 1637 4822 ss

545 4842 566 4923 †
589 4845 663 4927 Ego
686 4844 833 4910 Thomas
856 4850 1018 4929 presbiter
1041 4848 1214 4912 cardinalis
1237 4849 1285 4912 tit.
1308 4849 1445 4913 Vestine
1468 4869 1510 4910 ss.

546 4933 566 5011 †
589 4934 663 5016 Ego
687 4933 865 5000 Gilibertus
887 4939 1050 5020 presbiter
1073 4938 1246 5001 cardinalis
1270 4940 1317 5002 tit.
1343 4939 1445 5001 sancti
1471 4938 1573 5001 Marci
1597 4958 1638 5000 ss.

546 5023 567 5099 †
590 5024 663 5104 Ego
687 5023 797 5088 Guido
821 5027 984 5107 presbiter
1006 5027 1179 5091 cardinalis
1202 5028 1250 5090 tit.
1275 5038 1463 5091 sanctorum
1486 5027 1651 5090 Laurentii
1677 5037 1709 5089 et
1732 5023 1869 5088 Damasi
1893 5041 1932 5085 ss.

546 5113 567 5189 †
590 5113 663 5194 Ego
688 5113 844 5178 Nicolaus
867 5117 1029 5199 presbiter
1052 5117 1224 5179 cardinalis
1248 5117 1295 5180 tit.
1319 5117 1423 5180 sancti
1448 5115 1564 5180 Ciriaci
1588 5137 1629 5179 ss

546 5202 567 5280 †
590 5203 663 5284 Ego
688 5203 877 5269 Manfredus
899 5206 1062 5288 presbiter
1085 5205 1257 5268 cardinalis
1281 5207 1328 5268 tit.
1352 5216 1465 5268 sancte
1489 5206 1612 5270 Sabine
1635 5227 1676 5268 ss

546 5291 568 5369 †
590 5293 664 5374 Ego
688 5292 788 5376 Hugo
811 5306 924 5359 sancte
940 5297 1091 5359 Romane
1115 5294 1250 5357 ecclesie
1273 5295 1435 5376 presbiter
1458 5296 1631 5360 cardinalis
1654 5295 1702 5358 tit.
1723 5295 1826 5358 sancti
1842 5285 1992 5358 Laurentii

760 5383 793 5445 in
815 5384 942 5448 Lucina
964 5405 1005 5448 ss,

546 5469 567 5549 †
589 5469 663 5552 Ego
687 5471 797 5535 Guido
820 5474 983 5556 presbiter
1005 5473 1178 5538 cardinalis
1201 5473 1249 5536 tit.
1273 5473 1415 5537 Pastoris
1438 5496 1479 5538 ss.

577 5604 735 5612 -—-—..‚-

493 5665 519 5720 a)
544 5663 622 5730 Vergl.
646 5666 708 5714 Acta
727 5665 760 5715 II
775 5674 801 5729 p.
824 5669 877 5718 258
901 5669 931 5717 ab
1064 5669 1092 5736 b)
1110 5666 1298 5719 Theodeumus.
1317 5707 1369 5712 -..
1388 5675 1425 5736 .t)
1450 5668 1526 5735 Vergl.
1552 5671 1591 5720 die
1621 5667 1681 5720 Urk.
1706 5685 1760 5720 aum
1787 5671 1819 5720 15
1840 5668 1909 5736 Juni
1932 5662 1991 5716 1139·

336 5739 363 5799 2)
385 5731 545 5795 Crescimbr'm',
566 5735 652 5785 istoria
670 5737 733 5786 della
751 5737 828 5788 chiesa
851 5739 879 5788 di
894 5740 920 5791 S.
944 5741 1067 5792 Giovanni
1081 5739 1167 5791 avanti
1184 5739 1258 5789 Porta
1276 5739 1375 5804 Latina,
1395 5743 1470 5790 1116.
