4126 6366
1699 326 1759 391 321

79 485 273 552 dictionem.
305 488 481 570 Quoniam,
505 500 540 554 ut
568 491 613 554 ait
636 491 822 575 apostolus:
848 513 963 556 omnes
986 495 1147 560 stabimus
1171 504 1247 558 ante
1269 495 1412 560 tribunal
1428 495 1556 574 Christi,
1581 501 1763 582 suscepturi

80 587 180 658 prout
210 579 373 660 gessimus
404 579 437 643 in
467 577 620 666 corlpore
649 583 718 644 sive
748 582 872 645 bonum
903 584 971 646 sive
1001 583 1122 647 malum
1142 581 1175 668 ¹),
1206 593 1338 666 oportet
1369 605 1439 661 noa,
1470 585 1558 649 diem
1588 588 1763 653 messionis

79 675 231 731 extreme
261 668 483 732 misericordie
507 671 661 752 operibus
686 672 854 752 prevenire
878 682 911 735 et
935 682 1119 736 eternorum
1143 674 1261 736 intuitu
1284 675 1445 738 seminare
1468 675 1500 738 in
1523 677 1630 754 terris,
1662 679 1762 759 quod,

79 754 241 820 reddente
265 758 410 834 domino,
443 779 518 821 cum
548 758 765 841 multiplicato
796 761 901 824 fructu
932 761 1119 844 recolligere
1143 762 1322 826 debeamus
1347 764 1379 826 in
1408 762 1495 840 celis,
1519 765 1645 828 firmam
1669 786 1763 849 spem

79 844 303 928 fiduciamque
325 855 490 923 tenentes,
523 849 687 930 quoniam,
722 851 777 931 qui
807 870 905 933 parce
929 852 1077 929 seminat,
1107 872 1206 934 parce
1230 861 1262 915 et
1286 862 1397 928 metet,
1430 862 1463 916 ct
1487 854 1542 934 qui
1566 855 1706 918 seminat
1730 857 1762 919 in

78 935 368 998 benedictionibus
381 937 422 999 de
434 936 721 1002 benedictionibus
737 947 771 1002 et
786 950 887 1004 metet
903 942 1003 1004 vitam
1019 951 1166 1004 eternam
1183 939 1217 1026 ²).
1241 941 1348 1018 Unde,
1366 942 1442 1023 quia
1458 940 1568 1006 dilecti
1584 943 1639 1006 filii
1650 946 1761 1020 nostri,

80 1023 197 1086 fratres
221 1024 395 1106 hospitalis
420 1025 461 1088 de
485 1025 634 1108 Stangno
659 1029 749 1091 iuxta
773 1023 801 1112 ¹²)
824 1039 957 1110 portum
980 1030 1133 1094 Pisanum
1164 1039 1302 1112 pontem
1327 1032 1492 1112 quendam
1509 1041 1699 1096 constnrere
1716 1034 1761 1096 in·

78 1123 247 1194 ceperunt,
272 1115 304 1176 in
329 1134 395 1195 quo
419 1115 643 1179 universorum
665 1119 903 1181 transeuntium
926 1139 986 1201 per
1008 1119 1118 1182 locum
1142 1120 1250 1202 ipsum
1273 1119 1369 1183 saluti
1393 1119 1580 1197 consulitur,
1606 1142 1703 1203 quem
1719 1123 1761 1185 de

77 1203 222 1284 propriis
239 1201 449 1266 facultatibus
465 1204 622 1286 perficere
637 1226 846 1288 nequaquam
863 1201 1036 1292 [poss]unt,
1052 1229 1114 1270 nos
1132 1208 1338 1272 attendentes
1354 1209 1484 1272 salubre
1499 1211 1595 1273 vobis
1611 1212 1760 1287 existere,

75 1301 146 1354 tam
174 1291 234 1374 pio
258 1293 350 1374 operi
374 1293 522 1356 conferre
546 1295 737 1371 subsidium,
768 1295 1012 1359 universitatem
1035 1307 1178 1361 vestram
1203 1317 1384 1374 monemus,
1413 1299 1581 1361 hortamur
1605 1302 1760 1364 attentius

76 1390 108 1442 et
143 1383 177 1443 in
211 1381 438 1445 remissionem
469 1384 566 1446 vobis
597 1393 810 1466 peccatorum
843 1385 1049 1467 iniungimus
1083 1388 1234 1468 quatinus
1267 1407 1342 1450 cum
1375 1398 1510 1469 propter
1542 1389 1606 1451 hoc
1637 1390 1759 1453 fueritis

76 1469 243 1550 requisiti,
274 1470 399 1534 eisdem
430 1472 582 1536 fratribus
614 1473 656 1536 ad
687 1473 921 1554 perficiendum
953 1495 1036 1556 opus
1068 1476 1176 1558 ipsum
1199 1485 1324 1539 vestras
1354 1476 1551 1540 elemosinas
1582 1479 1759 1542 conseratis

75 1559 129 1634 ita,
154 1569 201 1634 ut,
233 1559 392 1641 dirigente
416 1560 561 1638 dominu,
592 1583 652 1645 per
674 1573 817 1626 vestrum
841 1573 874 1626 et
898 1561 1035 1627 aliorum
1059 1565 1250 1641 subsidium,
1281 1575 1316 1627 ut
1341 1574 1459 1647 optant
1483 1562 1521 1648 b)‚
1552 1567 1659 1631 valeat
1683 1589 1758 1630 con·

74 1650 208 1724 sumari,
238 1659 272 1712 et
294 1669 354 1712 vos
379 1669 438 1731 per
461 1650 522 1714 hec
545 1662 578 1715 et
602 1651 665 1714 alia
688 1652 786 1728 bona,
818 1672 889 1733 que,
921 1653 1057 1716 domino
1082 1654 1269 1735 inspirante,
1301 1653 1451 1729 feceritis,
1483 1655 1525 1717 ad
1555 1665 1666 1719 eterne
1691 1657 1757 1719 leli-

73 1738 186 1800 citatis
216 1739 337 1819 gaudia
365 1739 555 1804 mereamini
586 1742 763 1823 pervenire.
809 1741 880 1804 Nos
904 1762 982 1804 vero
1007 1739 1043 1827 c),
1074 1743 1116 1806 de
1146 1744 1318 1806 beatorum
1349 1744 1577 1825 apostolorum
1607 1745 1693 1808 Petri
1725 1756 1758 1808 et

73 1826 165 1890 Pauli
198 1828 392 1891 auctoritate
423 1829 553 1906 confisi,
585 1830 753 1907 omnibuS,
784 1831 839 1912 qui
870 1832 998 1912 prelato
1029 1833 1121 1915 operi
1152 1833 1193 1895 de
1224 1831 1433 1896 facultatibus
1463 1834 1530 1895 suis
1560 1829 1756 1918 subsildium

73 1916 289 1992 contulerint,
327 1928 526 1999 oportunum
564 1919 606 1982 de
643 1920 786 1983 iniuncta
815 1920 878 1982 sibi
908 1922 1089 2002 penitentia
1118 1931 1329 2004 peccatorum
1359 1941 1492 1984 suorum
1522 1922 1656 2004 triginta
1686 1925 1756 1986 dies

73 2008 272 2069 auctoritate
293 2001 297 2088 l
318 2006 502 2088 apostolica
525 2008 717 2072 relaxamus.
741 2045 785 2054 —
807 2010 885 2073 Dat.
907 2009 1049 2087 Verone,
1072 2023 1125 2074 1111
1148 2009 1201 2074 Kl.
1225 2011 1315 2074 Maii.

240 2117 282 2168 Or.
302 2119 349 2168 Nr.
370 2119 428 2179 634,
447 2122 480 2170 im
498 2122 611 2172 Archoo
633 2122 766 2186 Capitolorc
782 2139 812 2170 m
832 2121 898 2173 Piso

239 2191 307 2257 Perg.
326 2191 387 2255 rlod,
406 2192 442 2246 br.
463 2194 549 2256 0‚223,
567 2195 629 2261 ¹long
646 2197 715 2254 0,19,
734 2201 810 2244 untm
828 2195 905 2255 0,015
929 2196 1120 2262 umgeschlogm,
1146 2196 1226 2246 durch
1249 2195 1308 2246 nori
1328 2195 1421 2245 L'o'cltaer
1440 2197 1499 2262 geht
1520 2195 1558 2246 die
1584 2213 1640 2246 rosa
1659 2197 1755 2247 Seiden·

69 2262 172 2320 scimur,
192 2262 266 2312 deren
282 2263 408 2330 Bler'siegel
422 2265 539 2327 oerhrm,
558 2266 669 2331 Fol‘mg
684 2267 729 2316 der
745 2267 847 2317 Breven.

821 2551 888 2627 Nr.
914 2555 1003 2628 361.

72 2679 194 2743 Lucius
210 2679 276 2744 III
286 2681 438 2766 bestatigt
450 2681 523 2747 dem
541 2680 674 2747 Kloster
686 2681 776 2748 Sant’
790 2683 968 2770 Ambrogio
990 2683 1170 2749 do'Milono
1191 2684 1246 2748 die
1262 2683 1441 2768 Beilegnrg
1462 2685 1520 2750 des
1534 2684 1669 2750 Streites
1691 2685 1753 2750 mit

247 2769 308 2834 der
324 2769 447 2836 Kirche
460 2793 521 2836 oon
537 2771 685 2856 Bellogro
700 2773 761 2855 (D.
778 2772 947 2856 Mailand)
963 2794 1073 2858 wegen
1095 2772 1367 2839 Oniten-Zabulon
1381 2773 1451 2838 und
1461 2773 1575 2840 Acker.

708 2890 792 2952 1135
807 2887 886 2963 Juli
900 2891 950 2953 14.
991 2890 1122 2956 Verona.

234 3004 368 3069 LUCIUS
399 3005 592 3087 episcopus,
625 3025 736 3067 servus
760 3025 928 3069 servorum
952 3006 1021 3082 dei,
1055 3007 1181 3071 dilectis
1206 3006 1311 3070 filiis.
1337 3057 1343 3070 .
1367 3007 1480 3071 abbati
1511 3016 1544 3070 et
1568 3007 1747 3070 conventui

70 3093 178 3156 sancti
211 3092 382 3157 Ambrosii
415 3093 681 3169 Mediolanensis,
714 3093 852 3158 salutem
885 3105 918 3158 et
948 3095 1166 3178 apostolicam
1190 3096 1465 3160 benedictionem.
1511 3095 1594 3160 Cum
1618 3107 1748 3160 contro-

6 3247 7 3250 ,
68 3181 175 3244 versic
199 3183 320 3246 iudicio
336 3183 388 3246 vel
412 3184 589 3246 concordia
613 3183 654 3246 de
677 3184 834 3264 mandato
851 3185 1036 3266 apostolico
1060 3186 1222 3262 finiuntur,
1246 3207 1287 3248 ne
1309 3186 1343 3248 in
1359 3186 1580 3249 contentionis
1603 3181 1747 3272 scrulpu·

68 3269 137 3333 lum
161 3268 192 3354 d)
217 3271 332 3334 iterum
364 3273 567 3348 reducantur,
600 3293 710 3336 earum
733 3274 895 3336 sententie
918 3275 1141 3338 commendari
1171 3275 1329 3337 memorie
1356 3274 1534 3338 litterarum
1558 3275 1748 3357 scriptoque

68 3359 195 3423 debent
226 3360 412 3443 apostolico
443 3363 645 3425 communiri.
691 3361 783 3426 Sicut
813 3371 923 3426 autem
953 3363 985 3425 in
1016 3363 1181 3427 audientia
1210 3374 1261 3427 est
1290 3373 1402 3427 nostra
1425 3364 1642 3446 propositum,
1673 3385 1747 3428 cum

68 3449 155 3511 inter
184 3470 245 3512 vos
275 3461 307 3514 et
338 3451 538 3533 presbiteros
569 3461 601 3514 et
632 3451 767 3514 clericos
798 3451 840 3514 de
862 3449 1010 3515 Bellaxio
1028 3449 1063 3536 ⁸),
1093 3453 1282 3535 superiore
1312 3453 1539 3516 decimationis
1570 3453 1681 3516 oliveti
1705 3453 1748 3516 de

66 3538 233 3602 Lemonte
248 3536 275 3622 ⁴)
298 3550 331 3604 et
355 3541 470 3603 decem
494 3549 527 3603 et
550 3549 677 3622 septem
701 3541 851 3604 sextariis
875 3540 1041 3616 olivarum,
1075 3562 1158 3623 quos
1182 3542 1309 3605 rusticis
1333 3542 1435 3624 ipsius
1459 3541 1523 3605 loci
1547 3542 1634 3606 idem
1658 3562 1746 3625 pres·

68 3627 164 3690 biteri
196 3638 230 3690 et
259 3627 366 3692 clerici
396 3628 555 3693 violenter
585 3629 794 3706 abstulerant,
826 3632 954 3711 questio
984 3637 1169 3708 verteretur,
1197 3650 1270 3694 eam
1294 3631 1488 3695 venerabilis
1513 3632 1612 3694 frater
1634 3641 1747 3710 noster¹

67 3715 247 3792 Hubertus,
278 3718 536 3781 Mediolanensis
567 3719 833 3801 archiepiscopus
850 3717 885 3803 ⁵),
907 3720 957 3782 tit.
981 3721 1086 3783 sancti
1109 3720 1274 3782 Laurentii
1305 3719 1338 3782 in
1361 3720 1509 3783 Damaso
1533 3721 1696 3803 presbiter
1718 3717 1746 3804 e)

67 3805 252 3880 cardinalis
276 3815 354 3869 tunc
378 3807 560 3889 apostolice
584 3807 671 3870 sedis
695 3807 831 3889 legatuS,
854 3809 980 3870 vocatis
1003 3808 1151 3891 partibus
1167 3808 1210 3871 ad
1232 3809 1432 3890 presentiam
1456 3828 1547 3871 suam
1573 3809 1747 3873 diffinitiva

67 3896 233 3958 sententia
256 3896 450 3972 terminavit,
474 3896 666 3973 decernens,
692 3897 740 3958 ius
765 3897 992 3960 decimationis
1016 3897 1127 3960 oliveti
1151 3897 1322 3980 prescripti
1346 3908 1379 3961 et
1402 3896 1561 3960 olivarum
1584 3899 1746 3962 sextarios

66 3983 259 4066 prescriptis
283 3985 395 4048 abbati
419 3995 452 4048 et
475 3985 646 4048 monachis
669 3985 892 4066 resignandos
924 4006 943 4048 a
967 4006 1031 4067 qua
1054 3987 1167 4068 utique
1196 3987 1359 4050 sententia
1382 3987 1447 4049 iam
1471 3987 1549 4055 dicti
1573 3987 1745 4068 presbiteri

67 4073 110 4135 ad
141 4082 289 4137 nostram
325 4074 523 4138 audientiam
558 4074 771 4158 appellarunt.
817 4070 953 4158 Unde(?)
984 4095 1045 4137 nos
1075 4077 1182 4157 primo
1211 4074 1388 4139 venerabili
1418 4075 1508 4138 fratri
1538 4085 1652 4139 nostro
1692 4127 1698 4141 .
1738 4127 1745 4140 .

66 4163 263 4226 Novariensi
286 4164 446 4246 episcopo
470 4173 503 4227 et
526 4164 614 4227 bone
630 4164 786 4227 memorie
802 4165 1062 4227 Murimundensi
1078 4165 1190 4227 abbati
1207 4164 1294 4228 idem
1310 4160 1559 4250 commisim[us]
1576 4167 1744 4247 negotium

66 4251 257 4316 finiendum.
287 4253 420 4330 Verum,
444 4254 520 4334 quia
544 4253 631 4316 idem
656 4254 759 4317 abbas
783 4263 859 4315 ante
883 4253 1084 4317 decisionem
1107 4254 1229 4335 negotii
1254 4263 1304 4317 est
1324 4275 1367 4316 ex
1390 4255 1451 4316 hac
1467 4258 1534 4317 vita
1549 4255 1744 4331 subtractus,

66 4340 207 4404 dilectus
236 4341 319 4404 filius
342 4353 456 4404 noster
479 4393 485 4406 .
511 4393 517 4405 .
541 4393 548 4418 ,
572 4343 759 4425 prepositus
783 4342 1017 4418 MortariensiS,
1041 4342 1116 4406 loco
1149 4344 1250 4425 ipsius
1283 4342 1413 4406 abbatis
1446 4353 1496 4407 est
1528 4344 1744 4426 postmodum

65 4431 272 4495 substitutus.
318 4430 377 4506 Et,
412 4432 568 4513 quoniam
601 4431 688 4494 idem
721 4432 908 4512 prepositus
941 4433 983 4495 ab
1017 4432 1118 4495 altera
1150 4432 1291 4514 partium
1324 4431 1455 4494 habitus
1489 4442 1538 4495 est
1562 4443 1743 4516 suspectus

65 4520 236 4601 negotium
259 4521 367 4602 ipsum
390 4520 451 4582 soli
475 4531 592 4602 postea
607 4520 802 4583 Novariensi
825 4521 985 4602 episcopo
1002 4521 1043 4584 de
1066 4521 1250 4603 apostolico
1274 4530 1324 4582 est
1348 4520 1505 4584 mandato
1522 4523 1743 4598 commissum,

66 4610 131 4690 qui,
156 4609 276 4673 auditis
292 4610 472 4672 rationibus
497 4619 530 4673 et
553 4609 803 4690 allegationibus
827 4609 977 4692 partium,
1001 4612 1198 4673 sententiam
1221 4611 1393 4692 prescripti
1410 4610 1583 4674 cardinalis
1600 4611 1744 4675 decrevit

65 4709 171 4761 ratam
203 4697 398 4762 habendam.
444 4699 496 4760 Ne
533 4699 629 4780 igitur
665 4699 827 4762 sententia
857 4698 911 4761 illa
941 4719 1000 4780 per
1029 4697 1162 4762 alicuius
1193 4699 1299 4781 possit
1329 4694 1571 4785 temerita[tem]
1603 4701 1742 4783 infringi,

64 4807 149 4862 eam,
189 4787 273 4850 sicut
302 4787 540 4851 rationabiliter
569 4786 635 4851 lata
664 4797 714 4850 est
744 4797 777 4850 et
801 4788 834 4849 in
858 4782 999 4872 scripti[s
1023 4783 1185 4873 pu]blicis,
1215 4787 1336 4850 exinde
1359 4787 1463 4863 sactis,
1487 4787 1615 4871 plenius
1639 4791 1742 4853 conti·

65 4887 169 4952 netur,
194 4878 388 4940 auctoritate
404 4875 588 4958 apostolica
613 4876 844 4940 confirmamus
867 4873 894 4961 s)
918 4886 951 4939 et
975 4878 1134 4958 presentis
1150 4877 1262 4958 scripti
1287 4877 1472 4959 patrocinio
1492 4879 1742 4943 communimus

65 4965 154 5028 Nulli
178 4987 257 5048 ergo
280 4967 416 5030 omnino
440 4966 611 5028 hominum
635 4966 739 5042 liceat,
771 4965 855 5028 hanc
885 4967 1040 5048 paginam
1070 4976 1181 5030 nostre
1205 4965 1462 5030 confirmationis
1494 4967 1667 5049 infringere
1690 4968 1743 5032 vel

64 5056 92 5118 ei
118 5076 199 5118 ausu
222 5057 396 5119 temerario
420 5056 589 5119 contraire.
622 5055 749 5137 Siquis
774 5065 883 5119 autem
907 5055 971 5118 hoc
995 5064 1192 5137 attemptare
1215 5057 1458 5138 presumpserit,
1483 5057 1741 5138 indignationem

66 5141 319 5230 omnilpotentis
350 5145 403 5208 dei
427 5153 460 5207 et
484 5144 655 5207 beatorum
678 5145 763 5208 Petri
788 5154 820 5207 et
843 5144 942 5220 Pauli,
968 5144 1195 5226 apostolorum
1219 5145 1297 5221 eius,
1321 5165 1357 5207 se
1381 5144 1508 5208 noverit
1532 5147 1742 5210 incursurum.

64 5269 106 5278 -
130 5235 209 5297 Dat.
231 5234 373 5310 Verone,
397 5249 422 5295 11
447 5233 523 5296 Idus
547 5234 626 5296 Iulii.

65 5395 157 5402 ..κς-.-
161 5395 385 5401 -..,...---..-
391 5395 461 5401 --q-
467 5394 489 5401 -.

223 5451 251 5520 a)
270 5459 328 5504 uxta
400 5453 428 5520 b)
446 5454 499 5518 oras
512 5455 597 5503 Rasur
667 5457 691 5514 c]
711 5453 790 5504 diver
807 5470 834 5504 ro
854 5455 939 5503 Rasur
957 5453 1019 5503 eines
1036 5469 1048 5502 s
1065 5455 1117 5502 also
1134 5454 1330 5520 urspringliches
1347 5461 1445 5506 vestros
1462 5455 1520 5504 oder
1536 5470 1582 5504 vos
1654 5456 1681 5510 dl
1700 5471 1741 5506 um

63 5527 115 5591 oros
125 5527 212 5574 Rosur
283 5534 308 5585 e)
326 5540 375 5575 von
393 5525 421 5575 tit
439 5542 474 5576 on
491 5524 699 5592 durchgestrickm
717 5525 773 5575 mid
787 5541 835 5576 von
852 5525 970 5575 vr'elleiclrt
982 5524 1153 5590 gleichzeitrger
1170 5525 1355 5576 Komleihand:
1379 5526 1495 5576 Romane
1520 5527 1628 5576 ecclesie
1647 5528 1742 5594 iiierge·

62 5598 180 5648 sember
253 5596 275 5662 i)
293 5597 432 5662 apostolica
457 5612 506 5647 con
529 5599 582 5662 auf
592 5599 684 5646 Ronrr.
703 5635 756 5642 -
775 5602 812 5661 n)
831 5599 900 5646 Rom.
921 5598 1031 5644 14-10.
1114 5597 1141 5661 2)
1161 5597 1194 5646 II
1210 5597 1263 5646 Cor.
1282 5599 1360 5646 9-0.
1442 5601 1468 5662 3)
1487 5598 1596 5662 Bellogio
1619 5615 1661 5648 om
1687 5599 1742 5665 logo

64 5670 90 5718 di
109 5669 188 5719 Com.
262 5673 291 5730 4)
312 5669 424 5718 Limam
442 5677 515 5718 etwas
531 5668 625 5718 sildlicll
642 5683 691 5718 von
703 5668 819 5734 Bellogr'o,
838 5685 880 5718 om
891 5670 946 5734 logo
964 5668 991 5716 di
1000 5668 1080 5717 Lecco.
1155 5671 1182 5733 5)
1201 5669 1303 5729 Hubert,
1321 5668 1466 5734 Endirclrof
1479 5684 1527 5720 von
1539 5668 1657 5720 Mallond
1674 5674 1741 5720 11⁸5

69 5741 173 5804 Jmor
190 5740 225 5789 bis
242 5739 382 5800 November,
399 5741 442 5791 seir
460 5743 527 5791 1183
549 5739 623 5790 (iord.
638 5741 760 5806 presbyter
777 5741 813 5790 rit.
832 5741 859 5794 S.
878 5737 1008 5789 Lanrmtii
1025 5741 1050 5790 in
1069 5741 1186 5790 Damaso.

116 5851 137 5878 v.
154 5838 452 5888 Psinablimlung,
469 5837 524 5878 nera
538 5838 582 5878 lll.
1506 5834 1538 5883 4¹
