4090 6358
297 319 340 367 20

297 493 475 556 assertione
499 489 626 553 firmari.
674 489 745 552 Nos
769 487 865 569 igitur
888 505 999 550 eorum
1024 485 1191 550 devotioni
1220 495 1408 561 annuentes,
1439 484 1585 548 alodium
1617 483 1725 566 ipsum
1757 494 1790 547 et
1814 484 1978 568 quicquid

298 583 339 646 de
371 602 430 645 suo
468 582 536 643 iure
563 588 672 642 vestro
710 577 909 640 monasterio
947 575 1169 651 contulerunt,
1209 576 1354 658 quietum
1385 594 1516 656 semper
1546 583 1579 637 et
1608 573 1769 656 integrum
1801 574 1834 636 in
1864 584 1978 638 vestra

296 681 544 752 vestrorumque
566 687 789 731 successorum
811 665 1020 749 possessione
1037 685 1075 728 ac
1091 664 1239 728 dominio
1255 685 1446 747 permanere
1463 663 1675 727 decernimus.
1704 662 1857 726 Preterea
1872 664 1978 728 altare

297 772 331 825 et
354 761 435 824 duas
457 768 625 842 presentes
649 757 776 819 decime
807 754 916 819 altaris
947 755 988 818 de
1017 754 1207 837 supradicta
1228 753 1313 830 villa,
1344 755 1428 817 sicut
1458 774 1478 815 a
1500 752 1662 828 Baldric0,
1695 753 1783 816 bone
1814 753 1978 816 memorie

298 850 511 914 Noviomensi
535 846 694 928 episcopo
712 843 746 925 ¹),
769 845 865 908 vobis
889 865 1044 908 concesse
1067 853 1150 919 sunt,
1180 843 1307 926 quietas
1330 853 1364 907 et
1386 843 1528 925 integras
1551 841 1693 905 cenobio
1708 852 1817 906 vestro
1841 862 1979 905 manere

296 940 467 1013 sancimus
492 957 572 1019 quas
590 935 743 999 videlicet
758 935 848 997 Boso
865 933 966 1010 miles,
990 955 1064 997 curn
1087 953 1123 996 se
1147 943 1262 996 contra
1284 933 1444 996 iusticiam
1468 932 1609 995 tenuisse
1630 931 1846 1014 cognovisset,
1871 931 1977 994 divini

298 1029 422 1092 timoris
451 1027 604 1090 instinctu
636 1025 668 1087 in
706 1044 821 1087 manus
860 1023 1006 1086 eiusdem
1037 1022 1185 1105 episcopi
1217 1021 1377 1086 refutavit.
1431 1021 1466 1086 Si
1510 1022 1581 1102 quis
1621 1031 1730 1085 autem
1771 1021 1833 1084 hec
1864 1031 1978 1084 vestre

298 1117 505 1181 fraternitatis
536 1114 647 1178 usibus
677 1113 868 1177 subtrahere
897 1111 948 1175 vel
989 1112 1114 1176 auferre
1151 1112 1375 1195 temptaverit,
1416 1111 1574 1176 canonice
1611 1111 1806 1174 austeritatis
1848 1109 1977 1173 ultione

297 1208 459 1290 plectatur
488 1215 521 1268 et
552 1215 587 1267 ut
618 1203 775 1285 sacrilega
807 1203 1022 1265 iudicetur.—
1037 1203 1161 1266 Datum
1184 1201 1354 1278 Laterani,
1386 1222 1445 1284 per
1480 1220 1612 1264 manum
1644 1197 1798 1264 Iohannis
1832 1200 1977 1263 diaconi.

297 1295 463 1360 Kalendas
486 1293 689 1358 Decembris
735 1293 918 1356 Indictione
943 1303 1013 1355 vlll.

455 1407 581 1472 Abschnyr
596 1422 651 1456 vom
672 1408 704 1458 13
725 1407 811 1473 Jarrr
836 1406 876 1456 des
897 1405 962 1456 cm.
982 1406 1010 1456 de
1028 1405 1121 1473 tyron,
1140 1403 1196 1456 Mr.
1218 1406 1259 1456 lat.
1280 1407 1358 1465 seso,
1369 1405 1419 1469 soz.
1440 1405 1479 1466 rb,
1504 1403 1530 1454 a
1554 1405 1595 1454 der
1614 1403 1677 1454 aere.
1696 1403 1823 1455 nnuma
1840 1419 1871 1454 m
1893 1402 1977 1455 ease.

1054 1795 1120 1872 Nr.
1152 1800 1214 1872 24.

462 1931 633 2052 Pasc'balr'r
649 1931 693 1995 II
704 1931 853 2014 bestiitigt
865 1930 938 1995 dem
956 1928 1088 1995 Kloster
1101 1928 1269 1995 St.-Aubin
1283 1927 1446 2014 dAngers
1461 1931 1548 1995 seine
1563 1929 1806 1994 Besitztlzbmer.

884 2067 965 2129 1101
986 2063 1119 2130 October
1131 2067 1185 2128 20.
1218 2063 1383 2128 Benevent.

456 2199 525 2248 Nous
542 2215 618 2248 avem
635 2215 664 2248 en
682 2206 737 2249 cette
753 2197 830 2250 aetnr'e
850 2214 898 2248 une
914 2200 977 2250 bulle
996 2200 1025 2249 de
1044 2198 1152 2249 Pascbol
1166 2199 1199 2248 II
1211 2199 1255 2264 qui
1277 2199 1338 2249 n'est
1352 2199 1441 2265 qu'une
1463 2198 1629 2265 confirmation
1646 2200 1686 2249 des
1702 2198 1766 2249 biens
1783 2207 1808 2248 el
1824 2201 1867 2248 des
1890 2200 1977 2264 depen-

295 2289 382 2336 dances
399 2289 428 2336 de
446 2287 587 2347 sr-Aubin,
612 2287 670 2336 dent
685 2289 728 2336 elle
744 2289 801 2352 fail
820 2289 842 2337 le
859 2285 1061 2348 de'nombrement,
1086 2303 1173 2337 comm
1197 2289 1252 2338 celle
1273 2288 1302 2337 de
1323 2290 1389 2338 1097
1404 2286 1432 2356 ²),
1451 2303 1480 2338 en
1504 2289 1633 2354 arIJ'outm
1655 2289 1784 2353 rependant
1807 2288 1979 2354 daramprei

295 2393 325 2425 ne
342 2392 366 2427 se
381 2383 492 2426 troicum
503 2383 551 2440 pas
568 2375 631 2425 dans
648 2377 673 2425 la
687 2373 811 2440 premiire.
854 2376 955 2426 Voicile
972 2374 1050 2426 de'tail
1063 2378 1092 2427 de
1109 2377 1211 2427 celle-ci:

458 2465 494 2527 ln
517 2465 747 2530 Andecavensi
777 2487 866 2549 pago
895 2467 1067 2531 ecclesiam
1093 2468 1326 2531 Treverensem
1358 2488 1432 2531 cum
1463 2467 1668 2549 pertinentiis
1698 2465 1772 2542 suis,
1804 2466 1977 2530 ecclesiam

298 2556 401 2618 sancti
425 2553 587 2632 Iohannis,
621 2575 685 2636 que
715 2577 734 2618 3
762 2557 1061 2620 Vindocinensibus
1078 2553 1106 2641 ³)
1139 2557 1308 2621 monachis
1346 2579 1407 2640 pro
1439 2557 1577 2620 ecclesia
1604 2556 1707 2619 sancti
1732 2554 1911 2619 Clementis
1936 2557 1979 2620 de

299 2645 427 2708 Creona
449 2645 564 2708 vestris
587 2645 738 2708 fratribus
762 2655 964 2710 commutata
986 2657 1043 2723 est,
1071 2667 1146 2710 cum
1169 2646 1275 2728 burgo
1299 2656 1332 2710 et
1355 2646 1618 2729 possessionibus
1640 2646 1743 2709 sancti
1767 2645 1909 2726 Remigii
1936 2647 1979 2709 de

299 2735 452 2798 Varenna
471 2735 509 2814 a),
542 2734 645 2798 sancti
669 2731 784 2797 Albini
816 2735 858 2798 de
880 2734 1020 2812 Alodiis,
1050 2736 1154 2799 sancti
1177 2735 1326 2800 Albinini
1359 2735 1400 2799 de
1432 2735 1530 2800 Sacio
1549 2733 1589 2813 b),
1620 2735 1724 2798 sancti
1756 2733 1902 2798 Gervasii
1935 2735 1979 2800 de

298 2824 442 2898 Brionio,
467 2824 571 2886 sancti
587 2822 701 2886 Iovimi
725 2822 766 2886 de
782 2824 904 2900 Lusdo,
928 2835 1041 2888 sancte
1054 2825 1215 2888 Columbe
1239 2846 1312 2889 curn
1329 2825 1466 2888 dimidio
1490 2824 1596 2907 burgo
1619 2835 1653 2888 et
1668 2823 1825 2887 ecclesiae
1847 2823 1980 2887 decima

299 2912 444 2988 dimidia,
474 2913 645 2976 ecclesiam
677 2911 854 2994 Sarmagie,
888 2915 990 2978 sancti
1014 2912 1170 2978 Audoeni
1202 2924 1235 2977 et
1262 2921 1374 2978 sancte
1398 2913 1500 2978 Marie
1532 2914 1573 2978 de
1596 2915 1699 2988 Tissa,
1730 2912 1903 2976 ecclesiam
1935 2915 1978 2977 de

299 3001 499 3077 Comburno,
522 3001 676 3077 Caleium,
694 3002 953 3079 Munsteriolum,
978 3004 1131 3079 Nimerla,
1147 3004 1330 3086 Peregrina,
1346 3003 1535 3080 Artiseium,
1553 3002 1781 3078 Cartiniacum,
1797 3002 1978 3078 Pinceium,

298 3091 401 3154 sancti
429 3090 575 3155 Gervasii
607 3090 649 3154 de
679 3090 761 3155 Goiz
792 3112 864 3155 cum
897 3092 1033 3156 decimis
1064 3093 1167 3156 sancti
1198 3092 1313 3156 Albini
1345 3092 1387 3156 de
1422 3093 1554 3156 Pinceio
1593 3112 1667 3156 cum
1699 3111 1833 3154 nemore
1869 3094 1977 3156 sancti

298 3181 451 3244 Iohannis
475 3179 516 3243 de
540 3190 646 3244 castro
671 3180 818 3245 Gunterii
854 3201 927 3245 curn
959 3183 1163 3264 pertinentiis
1194 3183 1268 3258 suis,
1300 3184 1403 3248 sancti
1428 3183 1560 3246 Martini
1593 3182 1635 3246 de
1657 3181 1759 3245 Leeio
1791 3201 1864 3244 cum
1898 3202 1979 3264 pos·

298 3269 498 3332 sessionibus
522 3271 595 3346 suis,
619 3270 809 3334 Primarium
834 3291 908 3333 cum
932 3280 1026 3354 parte
1049 3271 1140 3354 sylve
1163 3271 1311 3348 Chacias,
1335 3273 1418 3336 sicut
1441 3274 1526 3336 inter
1555 3271 1754 3335 monasteria
1785 3280 1977 3334 sanctorum

297 3358 413 3422 Albini
442 3368 475 3421 et
497 3359 625 3422 Nicolai
643 3357 681 3441 ⁴),
714 3359 934 3423 mediantibus
957 3360 1204 3425 Andecavensis
1235 3361 1371 3426 ecclesie
1404 3360 1536 3437 clericis,
1569 3360 1685 3424 divisio
1717 3359 1863 3423 eiusdem
1894 3361 1979 3424 silve

299 3449 506 3512 concorditer
530 3449 615 3511 lacta
638 3459 704 3524 est;
728 3450 761 3511 in
783 3451 965 3512 Pictavensi
989 3471 1077 3533 pago
1101 3451 1272 3514 ecclesiam
1307 3452 1411 3515 sancti
1435 3450 1549 3514 Albini
1583 3450 1625 3514 de
1649 3451 1800 3513 Mairono
1832 3459 1865 3512 et
1895 3449 1976 3512 Bru-

299 3538 421 3612 ceium;
450 3538 483 3600 in
507 3538 761 3601 Cinomannensi
785 3558 873 3621 pago
897 3540 1000 3602 sancti
1023 3539 1178 3604 Audoeni
1212 3541 1255 3604 de
1281 3539 1511 3616 Cenomannis,
1541 3539 1645 3603 sancti
1674 3539 1759 3603 Petri
1792 3538 1833 3602 de
1856 3539 1976 3616 Ulmis,

298 3628 401 3690 sancti
425 3627 539 3690 Albini
571 3627 612 3690 de
635 3629 811 3704 Locanei0,
843 3629 945 3692 sancti
976 3630 1062 3693 Petri
1096 3629 1137 3692 de
1161 3629 1282 3713 Cripta‚
1315 3631 1418 3694 sancti
1450 3629 1596 3695 Gervasii
1628 3628 1669 3692 de
1693 3628 1836 3704 Colonis‚
1868 3630 1976 3691 sancti

297 3715 417 3792 Gaudi,
451 3724 562 3780 sancte
586 3718 688 3780 Marie
720 3717 762 3780 de
794 3718 825 3780 la
847 3719 992 3800 Bazogia
1023 3717 1206 3794 Gunduini;
1238 3721 1270 3781 in
1295 3720 1510 3783 Namnatensi
1542 3739 1630 3802 pago
1662 3717 1830 3782 ecclesiam
1861 3727 1977 3781 sancte

298 3807 479 3888 Oportune,
503 3807 607 3870 sancti
631 3805 794 3884 Iohannis,
817 3806 921 3870 sancti
937 3809 1077 3886 Briveni,
1100 3810 1205 3872 sancti
1229 3808 1358 3872 Nicolai
1383 3808 1425 3872 de
1448 3808 1599 3873 Salliaco.

456 3895 579 3958 Datum
600 3895 627 3973 c)
658 3895 846 3972 Beneventi,
877 3917 937 3978 per
966 3917 1099 3961 manum
1130 3897 1299 3974 Iohannis,
1340 3907 1453 3962 sancte
1482 3899 1634 3962 Romane
1674 3897 1810 3960 ecclesie
1842 3896 1976 3961 diaconi

298 3983 479 4048 cardinalis.
517 3999 581 4048 xm
596 3985 764 4048 Kalendas
781 3986 989 4050 Novembris.
1034 3987 1218 4051 Indictione
1241 3999 1274 4049 x.
1305 3984 1407 4051 Anno
1430 3987 1641 4070 pontificatus
1672 3987 1785 4050 domni
1807 3986 1978 4050 Paschalis

297 4073 430 4136 secundi
454 4094 543 4157 pape
566 4088 613 4137 111.

456 4187 582 4254 Abscbrijt
597 4189 638 4238 des
656 4187 712 4241 MS.
732 4190 775 4238 lat.
794 4189 880 4241 1266&
893 4191 944 4254 fol.
967 4190 1026 4250 169,
1045 4188 1072 4238 in
1089 4189 1133 4239 der
1149 4189 1211 4239 Bibl.
1230 4189 1359 4240 Narmle
1376 4205 1406 4240 zu
1426 4191 1504 4241 Parti.

457 4260 495 4309 Es
512 4259 543 4309 ist
557 4260 618 4309 norb
635 4261 750 4310 bemerkt:
768 4258 856 4311 Scelle'e
873 4261 902 4311 de
912 4262 995 4326 plomb
1012 4277 1042 4311 en
1059 4263 1124 4328 lacqs
1142 4261 1240 4327 desuye
1250 4263 1338 4328 jaune.

1052 4652 1119 4728 Nr.
1150 4656 1212 4730 25.

298 4784 471 4850 Pascbalis
487 4784 532 4848 II
544 4782 695 4868 bestdtr'gt
713 4783 787 4848 dem
810 4782 889 4848 Abte
914 4783 1063 4850 Wilhelm
1085 4807 1145 4851 von
1169 4787 1558 4874 Mentmajour-les-Arles
1581 4791 1636 4854 die
1652 4788 1890 4854 Besitstbrimer
1907 4790 1979 4854 und

299 4874 416 4939 Recbte
439 4874 545 4938 seines
568 4871 727 4950 Klosters,
755 4875 861 4954 wefie'r
884 4874 1131 5030 033333ίόῑαὶἵῖ
1145 4873 1317 5047 ίῖζιζξὼἢε
1342 4876 1477 4960 Abgabe
1501 4900 1545 4943 an
1571 4879 1626 4943 die
1653 4878 1911 4943 Lateranbircbe
1935 4900 1977 4943 eu

980 5084 1066 5145 1102
1082 5078 1229 5146 Februar
1240 5084 1295 5146 25.

456 5216 619 5281 Paschalis
635 5219 818 5302 episcopus,
835 5240 946 5282 servus
961 5236 1128 5282 servorum
1145 5216 1207 5292 dei,
1230 5217 1351 5282 dilecto
1367 5217 1433 5282 filio
1447 5219 1631 5297 Guilielmo,
1649 5220 1762 5284 abbati
1778 5221 1976 5284 venerabilis

298 5307 495 5382 monasterii,
529 5307 619 5387 quod
642 5308 675 5370 in
699 5308 824 5374 honore
847 5309 965 5372 beatae
989 5307 1112 5370 Mariae
1141 5325 1272 5388 semper
1298 5307 1433 5391 virginis
1462 5317 1496 5372 et
1518 5309 1606 5374 beati
1629 5310 1715 5373 Petri
1745 5309 1976 5393 apostolorum

428 5505 483 5584 ’3)
502 5504 557 5553 c’est
573 5505 594 5552 le
611 5501 747 5588 nrc'meuque
762 5501 909 5586 'Chiriacum
928 5503 999 5585 deba
1020 5502 1084 5585 balle
1101 5501 1130 5551 de
1149 5503 1226 5552 1097.
1263 5501 1399 5552 Randnotis
1499 5503 1527 5568 b)
1544 5502 1603 5552 oder
1619 5502 1688 5552 Salio
1790 5504 1815 5586 c)
1834 5510 1889 5553 cette
1911 5505 1976 5554 bulle

296 5573 1144 5710 tid-”lbmaliffbthbbntmtrbbbi
1160 5589 1208 5694 r:
1225 5575 1469 5710 ”ltb’pnlffl
1483 5575 1975 5714 “·2)¹⁰J⁶be‚⁸li}f't‘ln²⁰tt22l;f

298 5719 324 5784 3)
344 5717 501 5767 Ste.-Trinite'
519 5719 547 5770 dr
570 5714 692 5768 Vendbme.
764 5721 792 5784 4)
812 5717 1113 5782 ΕΛ-ΜιαΙω-Ιιι-Αηξινε.
1186 5718 1213 5782 5)
1238 5717 1316 5783 Vergl.
1335 5717 1461 5779 Mabillon,
1482 5719 1548 5769 Ann.
1568 5717 1619 5768 ord.
1639 5719 1699 5768 Beer.
1724 5718 1783 5784 Vp.
1804 5720 1865 5770 4⁵4.
