4090 6358
310 327 348 382 10

305 509 474 590 praedicto
498 505 678 572 Anianensi
703 503 866 573 coenobio
891 501 1036 586 contulit,
1066 519 1099 572 et
1122 506 1212 591 quod
1236 507 1293 592 pia
1317 506 1450 572 devotio
1474 503 1619 570 fidelium
1644 501 1763 566 obtulit
1782 497 1814 584 ἃ)
1837 489 1890 563 vel
1913 489 1985 562 col·

304 599 409 660 latura
431 608 489 674 est,
512 619 677 679 omneque
695 598 726 682 b)
758 599 853 675 illud,
886 599 975 679 quod
999 599 1032 661 in
1048 600 1210 681 praesenti
1227 599 1279 662 vel
1296 600 1328 660 in
1345 607 1513 680 posterum
1529 596 1573 659 ad
1587 592 1771 677 praefatum
1787 589 1986 653 Auianense

305 689 538 751 monasterium
560 689 723 770 pertinere
745 688 797 751 vel
827 689 998 771 possidere
1030 709 1050 750 a
1080 699 1112 752 te
1141 689 1269 771 tibique
1290 688 1318 764 ε)
1351 688 1533 751 commissis
1564 683 1750 758 dinoscitur,
1782 690 1818 743 ut
1853 678 1987 760 absque

305 778 393 839 omni
418 777 642 858 inquietudine
673 778 904 860 cuiuscumque
934 779 1107 860 potestatis
1130 779 1182 841 vel
1213 779 1411 845 conditionis
1443 777 1566 839 intacta
1596 773 1742 846 retinere,
1775 769 1985 840 distribuere,

304 867 455 929 ordinare
477 877 533 929 aut
556 878 757 932 commutare
781 888 841 949 pro
865 867 929 930 loci
953 867 1092 930 utilitate
1106 867 1226 945 valeas,
1250 868 1461 930 concedimus
1484 875 1518 928 et
1540 874 1652 927 nostra
1673 860 1848 923 autoritate
1871 877 1985 920 corro-

303 955 467 1018 boramus
500 957 556 1040 El
579 957 657 1037 quia
679 956 871 1019 ineffrenata
889 955 919 1040 d)
944 957 1107 1038 cupiditas
1130 957 1338 1038 haeresisque
1361 956 1541 1019 simoniaca
1563 951 1652 1035 apud
1667 959 1826 1013 vestrates
1842 947 1985 1010 omnino

303 1046 540 1126 temperantiae
564 1045 835 1127 discretionisque
859 1045 995 1108 modum
1018 1047 1155 1128 ignorat,
1188 1057 1224 1109 ut
1246 1047 1387 1122 liberiuS,
1420 1065 1504 1126 quae
1534 1040 1756 1125 speculativae
1786 1038 1874 1100 vitae
1905 1047 1987 1098 sunt

304 1154 455 1218 congrua,
481 1155 631 1198 exercere
649 1134 792 1210 valeatis,
816 1134 1085 1216 subrogationem
1101 1135 1232 1198 abbatis
1246 1156 1328 1198 sana
1343 1133 1608 1216 congregationis
1623 1130 1784 1193 electione
1799 1126 1985 1189 secundum

304 1223 392 1286 beati
415 1224 585 1287 Benedicti
609 1244 759 1287 normam
783 1223 993 1288 concedimus
1017 1233 1057 1301 et,
1087 1234 1123 1287 ut
1146 1225 1234 1288 idem
1257 1223 1484 1308 subrogandus
1508 1222 1551 1285 ab
1575 1223 1744 1304 episcop0,
1778 1235 1877 1298 quem
1911 1215 1985 1276 reli-

303 1313 453 1396 giosioris
476 1315 564 1376 vitae
587 1314 739 1377 meritum
763 1313 1051 1394 commendaverit,
1076 1314 1290 1378 benedicatur
1323 1315 1503 1395 fratresque
1525 1312 1588 1375 sibi
1613 1307 1780 1373 commissi
1804 1306 1847 1367 ad
1870 1323 1986 1366 sacros

303 1402 434 1465 ordines
458 1412 722 1484 promoveantur.
768 1404 812 1466 Et
834 1414 869 1466 ut
892 1402 963 1486 ipse
986 1403 1091 1466 abbas
1113 1404 1279 1488 religionis
1294 1405 1460 1467 tramitem
1484 1401 1583 1483 digne
1598 1411 1632 1462 et
1646 1395 1854 1462 laudabiliter
1868 1405 1985 1494 tenere

302 1493 389 1554 visus
413 1491 517 1568 fuerit,
543 1492 708 1555 licentiam
732 1493 877 1555 donandi
903 1493 1140 1574 paenitentiam
1163 1494 1390 1576 undecumque
1414 1492 1457 1554 ad
1482 1511 1518 1554 se
1534 1489 1697 1553 humiliter
1712 1482 1986 1548 concurrentibus

304 1581 680 1663 excommunicandique
703 1602 874 1664 perversos
898 1590 1098 1664 potestatem
1121 1580 1244 1647 habeat
1267 1593 1301 1646 et
1323 1581 1471 1646 solvendi
1503 1579 1756 1654 satisfacientes,
1781 1573 1985 1673 authoritate

303 1670 487 1752 apostolica
502 1671 717 1752 indulgemus.
749 1670 849 1752 Quod
864 1673 891 1734 si
909 1671 1002 1748 forte,
1019 1672 1134 1754 populi
1159 1673 1330 1754 iniquitate
1346 1681 1379 1734 et
1395 1670 1519 1734 malitia
1539 1670 1700 1750 exigente,
1725 1683 1859 1727 necesse
1875 1661 1984 1735 fuerit,

303 1761 506 1842 provinciam
535 1761 883 1824 excommunicationis
905 1760 958 1823 vel
981 1762 1177 1825 anatematis
1199 1762 1310 1844 gladio
1334 1761 1437 1837 ferire,
1461 1769 1599 1842 paterna
1621 1755 1827 1837 indulgemus
1857 1751 1985 1832 pietate

303 1859 336 1912 et
359 1849 543 1932 apostolica
567 1849 764 1913 authoritate
787 1850 1027 1927 confirmamus,
1061 1862 1096 1915 ut
1126 1851 1215 1914 idem
1245 1852 1336 1915 locus
1358 1849 1557 1914 Anianensis
1589 1845 1741 1910 immunis
1772 1851 1906 1904 maneat
1939 1839 1984 1902 ab

303 1940 393 2001 omni
416 1939 547 2002 vinculo
571 1940 929 2021 excommunicationis,
954 1951 989 2002 ut
1013 1941 1135 2017 fratres
1160 1940 1240 2003 inibi
1265 1941 1430 2023 degentes
1454 1959 1516 2022 pro
1536 1947 1649 2000 nostra
1665 1934 1831 2013 totiusque
1845 1938 1984 1992 sauctae

303 2029 541 2110 Romanaeque
560 2030 589 2110 ‘l
612 2029 776 2114 ecclesiae¹
791 2030 896 2093 salute
916 2039 949 2093 et
965 2031 1184 2112 prosperitate
1199 2030 1334 2093 licenter
1348 2027 1568 2111 omnipotenti
1585 2027 1648 2088 deo
1665 2043 1779 2106 preces
1794 2019 1985 2103 persolvere

302 2117 435 2180 valeant
463 2119 751 2200 poenitentesque,
785 2119 839 2200 qui
872 2119 915 2182 ad
939 2118 1027 2202 diem
1051 2119 1169 2183 festum
1193 2120 1448 2183 consecrationis
1479 2116 1713 2188 confluxerint,
1745 2113 1816 2194 ipsa
1838 2119 1983 2208 tantum:

304 2207 406 2270 modo
439 2206 492 2270 die
520 2205 729 2271 absolutione
759 2218 870 2272 nostra
901 2209 1095 2285 releventur,
1127 2219 1162 2272 ut
1194 2209 1324 2274 uberius
1357 2208 1543 2272 devotionis
1574 2225 1632 2268 sua
1662 2213 1741 2265 vota
1771 2199 1983 2299 propitiatori

303 2297 451 2360 omnium
474 2297 654 2361 exsolvant.
693 2296 900 2379 Quicumque
915 2318 994 2360 vero
1011 2298 1167 2361 laudabili
1184 2299 1272 2362 fama
1287 2299 1338 2362 vel
1355 2296 1509 2379 exemplo
1526 2294 1686 2378 praedicti
1702 2291 1765 2355 loci
1781 2288 1983 2351 Anianensis

302 2396 501 2469 provocatus
525 2387 675 2450 tumulari
698 2408 734 2450 se
757 2389 790 2451 in
813 2388 983 2470 praedicto
1008 2387 1083 2450 loco
1107 2389 1238 2469 petierit
1260 2398 1317 2452 aut
1338 2387 1557 2470 possessionis
1583 2406 1640 2448 seu
1670 2379 1874 2444 substantiae
1902 2396 1984 2439 suae

304 2476 576 2558 qualemcumque
600 2477 817 2558 quantitatem
840 2478 906 2539 iarn
930 2477 1020 2539 dicto
1044 2478 1208 2540 coenobio
1232 2477 1433 2560 erogandam
1458 2475 1664 2557 delegaverit,
1688 2469 1778 2533 nullo
1802 2477 1902 2551 pacto
1927 2465 1981 2568 vel

303 2567 477 2628 occasione
506 2564 720 2648 prohibeatur
742 2566 785 2628 ab
808 2567 977 2648 episcopo,
1009 2567 1099 2630 cuius
1129 2566 1202 2648 ipsa
1234 2587 1375 2649 persona
1399 2566 1501 2642 fuerit,
1534 2573 1686 2645 excepto,
1719 2561 1745 2623 si
1776 2578 1838 2640 pro
1868 2575 1982 2638 pravis

304 2655 427 2718 meritis
449 2655 781 2718 excommunicationi
804 2657 929 2738 proprii
953 2655 1102 2738 episcopi
1125 2656 1258 2738 publice
1277 2656 1484 2720 subiacuerit.
1529 2655 1573 2716 Et
1589 2673 1630 2717 ne
1645 2668 1781 2732 parvam
1798 2644 1983 2729 quamlibet

304 2745 513 2808 occasionem
536 2746 696 2831 praedicti
720 2745 784 2808 loci
807 2747 1020 2827 congregatio
1045 2745 1234 2810 adinveniat
1257 2746 1361 2809 minus
1385 2743 1579 2828 exequendi,
1605 2761 1689 2823 quae
1711 2747 1826 2801 sancta
1848 2746 1925 2798 sunt
1948 2744 1984 2797 et

304 2834 388 2897 iusta
411 2844 444 2898 et
466 2844 599 2897 sanctae
622 2833 753 2917 regulae
776 2855 929 2917 congrua,
953 2834 1014 2897 sub
1039 2835 1139 2898 divini
1163 2835 1305 2898 nominis
1328 2836 1537 2898 attestatione
1560 2830 1781 2914 prohibemus,
1805 2846 1847 2889 ne
1869 2825 1983 2906 aliqua

305 2923 478 2987 mundialis
507 2934 681 3006 postestas,
717 2944 828 3002 comes
857 2924 1011 2988 videlicet
1041 2934 1097 2987 aut
1127 2926 1301 3001 comitissa,
1335 2925 1600 3007 archiepiscopus
1631 2930 1688 2983 aut
1719 2918 1895 3000 episcopus
1921 2935 1982 2976 seu

306 3012 472 3094 quaelibet
494 3013 647 3076 secularis
669 3033 812 3094 persona
834 3023 1022 3095 praesumat
1045 3014 1153 3077 eidem
1175 3014 1326 3096 praefato
1356 3013 1556 3077 monasterio
1586 3020 1655 3073 arte
1677 3008 1729 3071 vel
1760 3005 1892 3087 ingenio
1923 3013 1983 3066 aut

306 3102 449 3184 maligna
472 3103 646 3166 occasione
661 3103 727 3165 vim
751 3103 868 3166 inferre
883 3102 936 3166 vel
960 3103 1116 3167 molestus
1132 3125 1203 3167 esse
1218 3125 1274 3166 seu
1292 3104 1462 3186 quippiam
1479 3104 1521 3166 de
1537 3100 1633 3164 rebus
1647 3097 1699 3161 vel
1715 3094 1983 3180 possessionibus

305 3191 430 3254 auferre
453 3201 509 3254 aut
532 3192 682 3268 alienare,
705 3203 761 3255 aut
783 3193 925 3274 aliquem
949 3193 1181 3275 cuiuscumque
1203 3194 1329 3257 servicii
1354 3213 1487 3256 censum
1511 3201 1626 3255 contra
1649 3189 1697 3251 fas
1720 3185 1772 3249 vel
1795 3185 1982 3246 monastico

305 3280 411 3343 ordini
442 3283 475 3343 in
508 3282 619 3364 aliquo
651 3282 848 3344 contrarium
879 3282 1020 3363 exigere.
1065 3281 1133 3346 Sed
1165 3285 1362 3365 quicumque
1394 3283 1502 3345 eidem
1533 3279 1704 3362 praedicto
1735 3276 1810 3338 loco
1842 3283 1875 3336 et
1903 3293 1981 3336 con·

304 3370 486 3452 gregationi
507 3369 540 3451 f)
565 3371 703 3434 devotus
727 3371 878 3448 extiterit,
910 3382 944 3434 et
973 3371 1108 3454 aliquod
1140 3372 1328 3454 suffragium
1352 3371 1454 3435 verbo
1488 3381 1543 3434 aut
1575 3389 1676 3450 opere
1699 3376 1755 3428 aut
1777 3362 1983 3427 substantiae

304 3480 382 3522 suae
406 3461 596 3541 erogatione
620 3460 808 3536 contulerit,
841 3481 861 3522 a
884 3461 941 3542 pio
966 3470 1208 3525 remuneratore
1236 3462 1382 3524 omnium
1407 3462 1470 3524 deo
1493 3477 1654 3542 supernae
1683 3453 1924 3519 benedictionis
1948 3463 1983 3515 et

304 3557 436 3611 nostrae
458 3546 649 3612 humilitatis
677 3550 816 3631 gratiam
839 3550 1031 3631 percipiant
1077 3551 1184 3633 Super
1206 3551 1319 3614 omnia
1340 3571 1418 3614 vero
1442 3551 1533 3632 pacis
1566 3559 1598 3610 et
1630 3545 1828 3609 concordiae
1849 3541 1982 3605 vinculo

305 3638 512 3700 consulentes
535 3648 568 3702 et
590 3638 767 3721 litigiorum
791 3639 940 3703 fomitem
962 3639 1117 3703 radicitus
1145 3640 1277 3704 abolere
1308 3641 1485 3722 cupientes,
1517 3638 1578 3701 sub
1610 3635 1806 3699 atestatione
1838 3633 1983 3695 nominis

303 3727 422 3790 summi
446 3727 498 3790 dei
522 3727 728 3790 obtestamur
755 3737 788 3791 et
811 3729 1142 3806 excommunicamus,
1176 3751 1217 3793 ne
1241 3732 1273 3793 in
1297 3729 1372 3792 loco
1397 3727 1585 3794 Gellonensi
1611 3725 1774 3807 quispiam
1804 3722 1983 3804 episcopus

304 3817 459 3879 abbatem
482 3816 677 3880 benedicere
706 3828 910 3900 praesumat,
943 3819 1020 3899 quia
1047 3820 1089 3881 ad
1113 3840 1206 3882 aures
1229 3829 1361 3883 nostrae
1384 3819 1533 3900 pervenit
1562 3814 1769 3888 clementiae,
1803 3811 1984 3893 antiquitus

304 3905 420 3969 cellam
443 3907 646 3988 praedictam
670 3907 746 3970 iuris
771 3906 868 3970 fuisse
891 3907 1090 3971 Anianensis
1122 3909 1284 3985 coenobii,
1317 3909 1376 3971 sed
1408 3908 1514 3970 omnis
1546 3905 1710 3969 ordinatio
1741 3913 1774 3965 et
1806 3902 1982 3982 dispositio

303 3995 571 4077 possibilitasque
594 3997 659 4058 iarn
676 3996 754 4059 dicti
771 3996 1188 4068 Gellonensismonasterii
1208 3999 1237 4078 s)
1261 3999 1294 4060 iu
1311 4017 1444 4060 manum
1468 3996 1627 4058 consistat
1649 3991 1780 4056 abbatis
1803 4010 1982 4072 congrega·

303 4085 468 4166 tionisque
490 4084 698 4150 Anianensis.
750 4084 785 4149 Si
825 4087 896 4167 quis
936 4097 1046 4149 autem
1086 4085 1181 4150 huius
1227 4088 1329 4150 nostri
1362 4086 1522 4168 privilegii
1557 4086 1760 4148 sanctionem
1798 4090 1831 4143 et
1873 4100 1982 4144 corro-

303 4173 511 4236 borationem
527 4175 559 4236 in
576 4173 687 4255 aliquo
704 4174 865 4256 refragare
880 4174 932 4237 vel
948 4174 1123 4257 infringere
1138 4177 1319 4252 tentaverit,
1344 4175 1386 4238 ab
1411 4175 1630 4257 omnipotenti
1655 4176 1719 4237 deo
1742 4180 1836 4252 patre
1857 4178 1890 4231 et
1913 4171 1982 4234 filio

304 4272 337 4326 et
369 4264 484 4345 spiritu
510 4274 625 4326 sancto
656 4273 817 4346 perpetua
848 4264 1079 4327 maledictione
1110 4266 1282 4329 damnetur
1313 4274 1347 4327 et
1378 4285 1399 4326 a
1428 4275 1561 4328 sanctae
1591 4262 1727 4348 ecclesie
1762 4261 1887 4344 gremio
1926 4281 1984 4323 ex·

304 4353 415 4434 pulsus
438 4373 513 4415 cum
536 4352 645 4434 impiis
669 4363 703 4415 et
720 4349 750 4437 h)
774 4353 948 4415 homicidis
972 4353 1106 4416 diabolo
1130 4355 1283 4430 tradatur,
1308 4355 1507 4437 perennibus
1529 4351 1700 4436 gehennae
1723 4350 1882 4413 incendiis
1906 4371 1983 4413 con-

304 4442 507 4505 cremandus.
554 4441 619 4522 Qui
643 4462 720 4504 vero
750 4440 844 4504 huius
873 4443 973 4505 nostri
1003 4443 1164 4526 privilegii
1187 4454 1398 4507 conservator
1429 4444 1584 4520 extiterit,
1616 4463 1690 4506 cum
1715 4441 1858 4521 benigno
1890 4461 1982 4503 sanc-

304 4541 412 4593 torum
436 4531 583 4593 omnium
607 4531 746 4614 collegio
771 4551 853 4613 euge
877 4542 1039 4595 mereatur
1061 4534 1239 4616 percipere.

463 4709 588 4771 Datum
618 4709 759 4784 Romae,
790 4723 842 4773 1111
873 4709 988 4773 Nonas
1020 4711 1115 4787 Maii,
1148 4731 1209 4793 per
1240 4731 1373 4774 manum
1405 4621 1580 4786 Bern(ardi‚
1616 4720 1728 4797 sanctp
1751 4707 1982 4772 Praenestinae

305 4797 439 4884 ecclesie
463 4797 621 4879 episcopi.
666 4797 767 4861 Anno
791 4799 833 4861 ab
858 4800 1082 4863 incarnatione
1106 4799 1230 4863 domini
1256 4802 1356 4864 nostri
1381 4802 1452 4863 lesu
1477 4799 1595 4864 Christi
1615 4799 1645 4885 i)
1662 4812 1770 4862 MLXL.
1817 4797 1918 4860 Anno
1942 4813 1983 4862 111

304 4886 514 4968 pontificatus
538 4884 691 4949 Nicholai
710 4886 739 4967 1ί)
764 4909 851 4976 pape
874 4889 1018 4953 secundi.
1065 4890 1248 4953 lndictione
1271 4903 1356 4954 X1111.

462 4999 616 5066 Absclrrsscn
634 5002 680 5051 der
696 5000 753 5051 MS.
771 5003 814 5052 lat.
835 5003 920 5052 13816
929 5004 981 5068 sol.
1001 5005 1033 5052 67
1053 5001 1104 5068 (A),
1129 5003 1347 5068 und12777fhl.
1367 5007 1400 5054 82
1421 5003 1475 5070 (B),
1500 5003 1527 5054 in
1552 5005 1596 5054 der
1618 5003 1681 5053 Bibl.
1699 5001 1827 5052 nationale
1850 5017 1880 5048 au
1901 5000 1981 5050 Puris.

462 5074 524 5121 Rota
549 5073 605 5121 und
628 5072 797 5139 Monogramm
824 5073 883 5122 sind
905 5073 1073 5139 bergeteiclmet,
1102 5081 1186 5124 ersfere
1215 5075 1261 5124 mi!
1285 5077 1330 5125 der
1355 5076 1492 5141 Umsclrr'st
1507 5073 1544 5146 -l-
1565 5075 1693 5126 Confirma
1720 5076 1770 5124 hoc
1797 5080 1838 5122 elc.
1862 5073 1919 5121 und
1939 5073 1983 5122 der

302 5143 411 5194 iibliclen
430 5143 555 5210 Inschrr‘ft,
575 5147 676 5196 letrteres
693 5146 718 5195 r'n
736 5146 780 5195 der
796 5145 922 5210 einfaclrm
939 5153 1011 5196 untrr
1027 5145 1147 5196 Mkolaus
1161 5147 1193 5195 II
1206 5146 1315 5197 illlichm
1332 5151 1388 5200 Art.

305 5263 538 5270 -..—--—---.-
559 5265 617 5270 ——
629 5265 699 5272 *-

462 5325 488 5388 ει)
507 5323 611 5372 contulit
631 5324 661 5374 B.
745 5324 773 5386 b)
793 5339 868 5374 omne
887 5327 918 5374 B.
1003 5327 1028 5390 c)
1048 5323 1144 5388 tuisque
1163 5325 1193 5373 B.
1275 5325 1304 5390 d)
1322 5325 1441 5376 effrenata
1459 5327 1490 5377 B.
1575 5329 1603 5392 e)
1621 5327 1750 5376 Romanae
1770 5327 1800 5376 B.
1873 5325 1894 5388 f)
1913 5325 1981 5375 dicto

303 5393 508 5457 congregationis
530 5395 588 5444 loco
606 5396 636 5444 B.
745 5394 774 5464 g)
784 5396 855 5460 fehlt
881 5396 908 5444 in
925 5399 956 5446 Α.
1064 5396 1092 5462 h)
1112 5397 1136 5444 in
1163 5395 1214 5444 alio
1239 5395 1296 5462 lege
1322 5397 1454 5462 sacrilegis
1481 5399 1542 5448 steht
1562 5400 1588 5450 in
1605 5400 1629 5447 Α
1646 5415 1686 5448 am
1705 5399 1811 5458 Raude„
1817 5395 1887 5461 fehlt
1903 5397 1930 5446 r‘n
1949 5397 1981 5448 B.

302 5463 321 5530 i)
340 5465 395 5514 Iesu
415 5465 508 5516 Christi
518 5465 587 5532 selrlt
604 5467 629 5516 in
648 5467 677 5518 B.
750 5467 778 5534 k)
796 5467 897 5517 Nicolai
916 5468 947 5516 B.
