4142 6366
537 472 557 552 †
580 472 653 553 Ego
675 471 836 533 Iohannes
858 471 1019 550 presbiter
1041 471 1212 533 cardinalis
1235 471 1282 533 tit.
1306 483 1418 535 sancte
1441 471 1616 536 Anastasie
1639 492 1679 534 ss.
1703 467 1749 556 (1)

538 558 558 641 †
581 560 654 641 Ego
678 558 868 622 Theodinus
890 559 1052 640 presbiter
1074 559 1247 622 cardinalis
1269 562 1373 622 sancti
1396 559 1516 623 Vitalis
1539 563 1586 624 tit.
1610 561 1746 624 Vestine
1768 583 1809 624 ss.
1833 557 1881 644 (2)

537 650 559 726 †
580 650 654 730 Ego
677 647 834 710 Vivianus
856 648 1018 729 presbiter
1032 649 1204 711 cardinalis
1227 649 1274 711 tit.
1299 650 1402 712 sancti
1419 646 1578 730 Stephani
1602 651 1634 712 in
1651 649 1742 713 Celio
1759 658 1874 712 monte
1889 670 1933 711 ss,
1952 646 2001 731 (1)

539 735 559 818 †
582 738 654 819 Ego
677 735 785 799 HUGO
808 737 969 819 presbiter
992 735 1164 800 cardinalis
1187 738 1235 801 tit.
1259 740 1362 801 sancti
1386 738 1565 803 Clementis
1588 759 1628 800 ss.

538 827 558 910 †
581 826 653 908 Ego
677 824 843 888 Arduinus
866 826 1026 907 presbiter
1048 826 1219 889 cardinalis
1242 827 1289 889 tit.
1312 835 1424 890 sancte
1449 826 1559 891 Crucis
1582 823 1640 910 (in)
1663 828 1835 890 Ierusalem
1861 847 1903 890 ss.

538 950 581 960 -
604 916 624 995 †
646 915 719 996 Ego
742 911 908 999 Iac(intus)
931 916 1087 978 diaconus
1111 916 1282 980 cardinalis
1306 927 1417 979 sancte
1441 917 1543 978 Marie
1567 917 1599 979 in
1623 915 1804 997 Cosmidyn
1828 937 1871 978 ss.
1895 911 1945 996 (1)

538 1002 558 1085 †
581 1005 654 1085 Ego
676 1003 845 1067 Laborans
870 1005 1024 1067 diaconus
1047 1004 1220 1067 cardinalis
1243 1014 1354 1067 sancte
1378 1005 1480 1068 Marie
1504 1006 1535 1066 in
1558 1005 1687 1067 Porticu
1711 1027 1751 1066 ss.

538 1091 558 1173 †
582 1094 654 1174 Ego
677 1092 846 1156 Rainerius
869 1093 1026 1156 diaconus
1049 1093 1220 1156 cardinalis
1243 1095 1345 1156 sancti
1369 1094 1501 1176 Georgii
1525 1095 1567 1156 ad
1588 1092 1706 1156 Velum
1731 1113 1864 1156 aureum
1889 1113 1931 1153 ss.

538 1181 653 1263 †Ego
676 1179 838 1244 lohannes
862 1182 1015 1250 diaconus
1038 1182 1209 1245 cardinalis
1232 1184 1335 1244 sancti
1359 1182 1478 1264 Angeli
1500 1205 1542 1246 ss.

539 1267 558 1352 †
581 1271 654 1352 Ego
677 1271 846 1334 Rainerius
869 1271 1025 1334 diaconus
1048 1271 1219 1334 cardinalis
1242 1272 1345 1335 sancti
1369 1269 1506 1334 Adriani
1530 1293 1569 1334 ss.

537 1359 558 1440 †
580 1360 653 1441 Ego
677 1360 827 1423 Matheus
849 1371 960 1423 sancte
985 1360 1087 1423 Marie
1109 1361 1205 1423 Nove
1229 1361 1384 1423 diaconus
1408 1361 1580 1424 cardinalis
1603 1381 1642 1422 ss.
1667 1356 1713 1442 (3)

486 1447 561 1511 Dat.
583 1450 744 1524 Laterani,
768 1470 827 1532 per
849 1469 982 1512 manum
997 1446 1136 1524 Alberti,
1160 1459 1271 1512 sancte
1293 1451 1444 1512 Romane
1467 1449 1603 1512 ecclesie
1626 1449 1795 1530 presbiteri
1820 1448 2004 1510 cardinalis

328 1550 361 1602 et
383 1538 573 1601 cancellarii.
615 1551 692 1600 V1111
713 1536 767 1600 Kl.
792 1539 878 1600 Mali.
923 1539 1105 1601 Indictione
1127 1552 1187 1600 ΧΗ.
1232 1537 1464 1601 Incarnationis
1488 1539 1653 1601 dominice
1675 1558 1761 1600 anno
1785 1549 2003 1598 ntCLxxvml.

327 1626 537 1691 Pontificatus
558 1648 634 1689 vero
660 1628 771 1689 domni
795 1627 1010 1690 ALEXANDRI
1034 1647 1089 1708 pp.
1114 1641 1151 1689 111
1175 1647 1261 1689 anno
1285 1641 1343 1689 xx.

489 1739 530 1788 Or.
548 1740 604 1790 und
620 1741 743 1806 Absclrrr'fl
759 1740 792 1790 im
810 1741 921 1790 Arrhivio
942 1741 1074 1804 Capitolare
1091 1757 1121 1788 su
1144 1741 1250 1790 Volterra

487 1811 554 1876 Perg.
573 1811 632 1870 tat,
650 1813 686 1860 br.
706 1815 774 1871 0,59,
793 1814 853 1877 lang
871 1814 957 1871 omo,
986 1814 1157 1871 111111ηοβὲὶῖ
1183 1811 1377 1876 umgesclrlagm,
1403 1813 1480 1862 durch
1498 1815 1513 1860 2
1532 1812 1625 1860 Lh'clm
1645 1813 1702 1876 geli!
1717 1811 1755 1861 ein
1773 1811 1850 1860 Str'ick
1868 1825 1925 1859 rosa
1946 1809 2007 1857 und

323 1883 594 1950 gelberSeidensclmur,
613 1883 737 1948 Bleiriegel
750 1885 866 1933 verloren.
902 1883 1008 1948 Fallung
1024 1884 1068 1932 der
1084 1883 1181 1934 Bullen.
1220 1883 1295 1932 Ueber
1312 1883 1349 1931 die
1370 1883 1429 1932 Cm·
1446 1884 1501 1932 und
1514 1884 1678 1946 Unrersclmfl
1698 1884 1776 1932 nichts
1793 1883 1909 1932 Sitheres.
1946 1881 2004 1928 Da-

326 1955 412 2020 tirung
435 1971 490 2004 vom
517 1955 810 2018 Hauptkirprrschreiber,
838 1957 862 2004 A
888 1956 979 2004 Albertr
1002 1956 1075 2004 dorin
1099 1957 1165 2004 well
1188 1955 1369 2020 nachgerragen.
1407 1956 1455 2003 Die
1481 1955 1661 2020 Zeugmfimen
1689 1971 1743 2002 zum
1771 1961 1882 2020 grisstm
1917 1952 1947 2000 Τ
1942 1952 2004 2000 heile

327 2043 374 2076 von
388 2025 492 2092 gleicher
508 2025 592 2076 Hand.

1065 2309 1131 2386 Nr.
1161 2313 1248 2386 287.

328 2442 512 2510 Alexander
522 2443 587 2508 III
608 2443 736 2528 befielelt
759 2439 821 2506 den
855 2442 1022 2526 Templem
1047 2465 1106 2506 von
1129 2441 1320 2516 Jerusalem
1345 2440 1414 2504 siclt
1439 2461 1548 2522 wegen
1575 2439 1705 2523 einiger
1729 2461 1790 2504 von
1813 2439 1910 2504 r'lmen
1937 2445 2008 2521 aus

299 2571 305 2585 ι
331 2535 493 2598 Genueser
510 2533 627 2598 Grund
648 2532 717 2596 und
729 2532 836 2596 Boden
858 2531 909 2596 bei
928 2530 989 2596 der
1008 2531 1103 2595 stadt
1116 2529 1242 2594 Archas
1257 2529 1477 2614 (Grafsclzaft
1505 2531 1667 2612 Tripolis)
1688 2530 1837 2592 erbauten
1862 2529 2007 2593 Hc'z'user

516 2621 576 2687 mit
589 2624 661 2687 dem
678 2619 888 2702 Erabz'sclzose
904 2620 976 2685 und
987 2622 1048 2684 den
1065 2619 1272 2684 Kanonikern
1287 2641 1347 2682 von
1366 2617 1477 2682 Genua
1492 2640 1532 2682 au
1548 2619 1745 2700 vergleicizen
1764 2621 1800 2698 ¹J.

934 2738 1017 2799 1179
1032 2734 1133 2818 April
1143 2738 1197 2798 26.
1228 2735 1380 2799 Lateran.

487 2852 678 2918 Alexander
706 2855 889 2936 episcopus,
919 2873 1029 2916 servus
1059 2871 1224 2915 servorum
1249 2850 1310 2925 dei,
1340 2850 1466 2914 dilectis
1489 2849 1571 2924 filiis,
1603 2849 1759 2931 magistro
1783 2861 1817 2913 et
1841 2847 2004 2913 fratribus

330 2945 446 3006 domus
469 2944 582 3007 militie
605 2943 727 3024 templi,
758 2942 895 3004 salutern
918 2950 952 3004 et
974 2941 1190 3023 apostolicam
1213 2939 1486 3003 benedictionem.
1532 2939 1737 3002 Venerabilis
1761 2938 1859 3001 irater
1884 2953 2005 3003 noster

329 3032 592 3113 archiepiscopus
622 3041 655 3094 et
686 3031 793 3094 dilecti
823 3031 878 3093 filii
910 3032 1020 3106 nostri,
1050 3030 1199 3092 canonici
1222 3030 1404 3105 Ianuenses,
1435 3029 1606 3110 proposita
1635 3029 1731 3090 nobis
1754 3030 2004 3109 conquestione

330 3131 557 3195 monstrarunt,
581 3121 671 3201 quod
694 3139 753 3182 vos
777 3131 868 3183 extra
890 3119 1054 3182 civitatem
1077 3118 1259 3182 Archarum
1276 3114 1301 3201 ²)
1324 3119 1357 3181 in
1380 3118 1515 3200 proprio
1539 3117 1640 3179 fundo
1664 3117 1830 3181 Ianuensis
1855 3118 2003 3180 ecclesie

330 3212 448 3273 domos
464 3210 631 3290 quasdam,
656 3209 745 3290 quod
760 3208 855 3271 vobis
876 3229 942 3270 non
967 3205 1088 3293 licui(t),
1112 3207 1305 3270 auctoritate
1327 3209 1461 3289 propria
1484 3207 1716 3269 construxistis.
1762 3206 1873 3287 Quum
1899 3208 2004 3288 igitur

329 3301 376 3362 sic
398 3299 493 3363 vobis
524 3298 648 3362 deferre
669 3298 826 3368 volumus,
857 3309 892 3360 ut
922 3297 993 3361 aliis
1015 3298 1048 3360 in
1071 3318 1129 3360 sua
1152 3297 1273 3360 iustitia
1301 3316 1367 3358 non
1398 3297 1559 3378 patiamur
1590 3295 1737 3358 iniuriam
1769 3297 1916 3376 irrogari,
1952 3298 2003 3358 di·

329 3387 481 3452 scretioni
503 3397 609 3450 vestre
632 3407 691 3469 per
713 3387 895 3468 apostolica
917 3388 1039 3468 scripta
1061 3387 1253 3448 mandamus
1281 3396 1379 3467 atque
1402 3385 1608 3466 precipimus
1633 3395 1798 3464 quatenus
1823 3385 1849 3446 si
1877 3405 1929 3447 res
1956 3387 2003 3448 ita

329 3476 496 3551 sehabet,
527 3496 600 3539 curn
624 3476 758 3557 prefatis
780 3475 1028 3557 archiepiscopo
1051 3484 1084 3538 et
1107 3475 1271 3538 canonicis
1294 3495 1392 3557 supra
1416 3475 1481 3536 iarn
1505 3473 1598 3535 dictis
1622 3473 1774 3536 domibus
1804 3473 1861 3536 tali
1893 3475 2002 3536 modo

330 3566 503 3628 convenire
526 3566 651 3640 curetis,
675 3565 765 3646 quod
788 3566 849 3647 ipsi
873 3585 939 3628 non
963 3565 1091 3646 possint
1113 3563 1233 3627 habere
1257 3565 1374 3627 iustam
1392 3563 1560 3626 materiam
1576 3562 1796 3642 conquerendi
1822 3583 1886 3625 nec
1901 3565 2003 3626 vobis

331 3655 451 3718 debeat
474 3655 589 3717 merito
614 3655 771 3736 derogari.
795 3689 837 3698 —-
860 3653 984 3716 Datum
1008 3653 1168 3728 Laterani,
1193 3666 1229 3714 vl
1251 3651 1418 3717 Kalendas
1442 3653 1519 3715 Maii
1537 3648 1570 3734 ³).
1662 3697 1664 3700 -

491 3767 534 3818 Or.
552 3767 684 3831 (Geschmt
702 3769 741 3818 des
762 3769 856 3833 Grasen
875 3767 969 3832 araus),
988 3768 1013 3817 in
1031 3767 1074 3817 der
1091 3767 1216 3817 Br'hlioteca
1237 3766 1412 3816 Universitaria
1429 3782 1459 3814 ru
1481 3767 1574 3815 Genua.

1068 4049 1134 4128 Nr.
1165 4053 1251 4128 288.

330 4182 513 4249 Alexander
528 4183 592 4248 III
602 4184 786 4269 beaustragt
804 4185 858 4248 die
874 4183 1022 4266 Biscliiife
1037 4203 1097 4249 ven
1118 4181 1276 4268 Chioggia
1298 4181 1367 4248 und
1384 4181 1506 4264 Caorle,
1529 4182 1631 4264 daflir
1642 4203 1682 4248 eu
1701 4203 1825 4268 sorgen,
1849 4185 1930 4250 dass
1946 4187 2003 4250 die

340 4275 467 4338 Wittwe
481 4273 539 4338 des
553 4275 731 4338 Walconius
744 4275 805 4338 der
813 4273 852 4337 K
851 4274 937 4338 irclte
953 4274 1020 4338 San
1036 4273 1203 4338 Salvatore
1218 4276 1257 4338 di
1274 4273 1407 4338 Venesia
1422 4274 1486 4339 den
1500 4274 1837 4357 schuldigenZelznten
1851 4276 1952 4339 salle
1961 4281 2002 4350 ⁴).

932 4393 1014 4452 1179
1030 4391 1106 4453 Mai
1118 4394 1168 4453 11.
1200 4389 1340 4454 Lateran
1357 4390 1394 4470 ⁵).

488 4499 679 4568 Alexander
701 4504 884 4589 episcopus,
915 4525 1024 4571 servus
1047 4525 1213 4571 servorum
1236 4508 1298 4584 dei,
1324 4502 1564 4571 venerabilibus
1588 4501 1747 4582 fratribus,
1772 4504 1942 4588 Clugiensi
1968 4519 2002 4570 et

330 4593 516 4676 Carpulano
532 4593 557 4679 ⁶)
580 4595 753 4677 episcopis,
776 4596 914 4659 salutem
938 4606 970 4659 et
993 4596 1209 4678 apostolicam
1232 4597 1505 4661 benedictionem.
1550 4596 1725 4678 Proposuit
1746 4595 1845 4658 nobis
1861 4597 2002 4660 dilectus

330 4683 412 4746 filius
443 4693 568 4759 noster,
600 4683 690 4764 prior
711 4683 814 4748 sancti
837 4679 1014 4748 Salvatoris
1037 4683 1079 4749 de
1101 4686 1270 4761 Rivoalto,
1303 4686 1401 4768 quod,
1433 4706 1507 4749 cum
1530 4683 1738 4760 Vualconius,
1771 4705 1838 4747 non
1871 4685 2002 4750 habens

330 4772 530 4836 domicilium
545 4774 722 4854 proprium,
746 4773 779 4836 in
803 4775 957 4856 parochia
979 4777 1158 4857 prescripte
1181 4777 1317 4839 ecclesie
1339 4776 1472 4839 biennio
1488 4774 1676 4849 habitasset,
1700 4773 1755 4835 ubi
1776 4773 1866 4836 diem
1883 4775 2002 4837 clausit

330 4872 512 4938 estremum,
536 4863 594 4924 sed
617 4863 729 4928 relicta
751 4863 851 4944 ipsius
875 4883 965 4939 uxor,
994 4865 1053 4939 cui,
1077 4866 1156 4926 dum
1179 4873 1290 4946 ageret
1312 4867 1343 4926 in
1367 4865 1522 4940 estremiS,
1547 4865 1694 4926 universa
1718 4863 1910 4940 commissit,
1935 4884 2001 4945 que

330 4969 390 5031 pro
407 4951 514 5013 anima
528 4971 587 5014 sua
603 4962 694 5014 erant
710 4953 852 5016 ecclesiis
868 4962 902 5015 et
917 4953 1114 5034 pauperibus
1130 4954 1305 5035 eroganda,
1328 4955 1454 5017 solvere
1478 4953 1655 5035 prescripte
1671 4950 1807 5015 ecclesie
1824 4953 1998 5026 decimam

329 5039 413 5102 sicut
427 5049 477 5102 est
490 5041 742 5116 consuetudinis,
765 5041 967 5116 contradicit,
991 5062 1188 5123 proponens,
1213 5043 1312 5124 quod,
1336 5041 1412 5106 licet
1433 5042 1481 5105 vir
1504 5063 1578 5105 suus
1595 5041 1627 5103 in
1641 5039 1800 5122 parochia
1815 5043 1999 5124 prescripta

331 5129 529 5204 decessisset,
562 5131 777 5211 parochianus
805 5140 874 5194 turn
897 5133 1076 5212 prescripte
1099 5132 1234 5195 ecclesie
1258 5152 1325 5194 non
1349 5130 1463 5196 debuit
1486 5129 1627 5204 iudicari,
1658 5149 1733 5193 cum
1756 5129 1800 5191 ibi
1826 5133 1997 5213 proprium

490 5309 513 5364 1)
536 5305 648 5353 Gr'onrale
665 5305 784 5370 Ligustico
805 5308 870 5354 1884
885 5313 911 5369 p.
932 5308 988 5364 161,
1011 5306 1063 5354 dem
1082 5306 1156 5356 dr'eser
1174 5307 1260 5357 Druck
1277 5314 1434 5356 mritommen.
1454 5335 1486 5344 -
1512 5306 1588 5372 Vergl.
1611 5307 1720 5357 ironam.
1740 5305 1809 5354 Hist.
1832 5305 1888 5356 Pae.
1906 5307 1969 5370 Jur.
1985 5306 2003 5353 I

324 5383 352 5439 p.
372 5377 431 5425 309.
539 5383 565 5438 2)
585 5375 694 5425 Nitens
719 5376 831 5426 Giomale
853 5377 973 5443 Ligustico
988 5384 1012 5440 p.
1033 5379 1089 5426 163.
1198 5393 1225 5443 3)
1244 5380 1276 5428 In
1300 5379 1343 5428 der
1369 5379 1427 5428 Urk.
1453 5379 1495 5427 der
1513 5377 1581 5428 Mori.
1600 5379 1634 5428 H.
1656 5378 1684 5427 P.
1713 5379 1778 5442 (oben
1797 5379 1872 5427 Anu.
1895 5385 1920 5434 1)
1940 5393 1995 5426 von

325 5447 431 5512 gleichen
454 5445 516 5511 Tage
540 5447 571 5496 ist
593 5447 636 5496 der
661 5446 743 5512 Kdnig
758 5450 883 5498 Anium
905 5451 942 5497 als
962 5450 1083 5514 gestorbm
1106 5453 1222 5502 erudiunt.
1259 5451 1299 5498 Er
1320 5451 1385 5498 sturb
1403 5468 1443 5500 am
1462 5455 1492 5498 11
1515 5450 1576 5514 Juli
1593 5451 1665 5509 1173,
1692 5466 1743 5499 was
1769 5449 1865 5498 Ankale
1884 5450 1938 5512 srir
1961 5451 1998 5496 die

328 5517 457 5581 Datimng
472 5517 543 5566 br'eret.
661 5523 689 5582 4l
714 5520 791 5584 Vergl.
818 5521 855 5570 die
876 5521 992 5570 Urleunde
1008 5536 1064 5569 vom
1082 5525 1098 5569 4
1117 5521 1188 5572 Mein
1208 5523 1385 5571 not-1158.
1492 5527 1518 5586 5)
1538 5523 1603 5570 Dass
1621 5519 1657 5570 die
1679 5521 1797 5570 Uramde
1817 5523 1886 5570 1179
1903 5522 1995 5586 gebin,

329 5589 414 5654 ergiebt
441 5588 491 5637 sich
515 5605 561 5638 arcs
584 5588 721 5640 Humidus
751 5592 851 5650 Comer,
879 5593 969 5641 Ecclcs.
1001 5593 1096 5641 Venetae
1120 5595 1187 5644 XIV
1199 5602 1225 5658 p.
1246 5596 1304 5652 102,
1333 5609 1369 5641 tuo
1392 5591 1441 5640 sich
1469 5593 1516 5641 das'
1536 5593 1634 5642 ludike!
1666 5593 1709 5642 der
1732 5593 1909 5657 Beaustragim
1942 5607 1996 5640 nrm

330 5663 363 5710 21
386 5659 455 5726 Jum·
470 5662 534 5709 1179
545 5661 632 5726 findet.
704 5663 731 5728 6)
754 5663 907 5713 Geiuilmlicle
926 5663 1057 5728 Caprulae.
