4090 6358
838 513 903 588 Nr.
935 518 997 590 32.

78 660 254 726 Paschalis
271 660 315 724 II
325 659 474 744 bestdtigt
486 661 560 724 dem
576 660 659 726 Abte
684 662 834 727 Wiltelm
849 687 910 729 von
926 664 1123 747 St-Chaffre
1137 665 1197 747 (D.
1214 668 1301 750 Puy)
1321 667 1376 730 die
1393 667 1629 732 Besitatlutmer
1650 671 1754 734 seims

138 747 295 826 Klosters,
319 751 427 830 wrfir
439 749 628 836 essthrliclz
636 752 728 832 fiinf
735 752 900 818 Solidian
915 755 976 818 den
992 756 1299 821 Lateranensisclzen
1315 756 1430 820 Palast
1442 777 1482 822 au
1496 757 1612 822 zallen
1627 759 1692 824 hat.
1749 821 1751 826 .

689 889 771 950 1105
786 887 884 952 Mc'z'ra
902 891 957 952 24.
1003 889 1154 954 Lateran.

10 1087 11 1100 χ
239 1016 403 1083 Paschalis
435 1021 624 1101 episcopus,
656 1041 768 1083 servus
800 1042 967 1087 servorum
998 1023 1068 1098 dei,
1109 1021 1298 1086 charissimo
1328 1021 1394 1086 filio
1426 1021 1607 1099 Wllierm0,
1639 1024 1752 1089 abbati

76 1106 270 1170 venerabilis
303 1109 488 1172 monasterii
520 1111 623 1172 sancti
647 1110 828 1175 Theoiredi
855 1113 888 1190 ¹),
919 1112 1010 1194 quod
1041 1115 1072 1175 in
1104 1132 1191 1195 pago
1216 1111 1383 1175 Aniciensi
1406 1113 1501 1176 situm
1526 1121 1584 1188 est,
1616 1116 1750 1194 eiusque

76 1198 322 1260 successoribus
352 1197 542 1281 regulariter
576 1202 820 1280 promovendis,
847 1201 878 1264 in
903 1210 1107 1285 perpetuum.
1153 1199 1246 1264 Sicut
1269 1203 1386 1264 iniusta
1409 1202 1622 1284 poscentibus
1650 1202 1753 1267 nullus

77 1293 125 1349 est
139 1285 336 1349 tribuendus
358 1287 501 1364 effectus,
524 1291 572 1351 sic
593 1287 739 1372 legitima
761 1290 1008 1355 disiderantium
1032 1313 1097 1354 non
1114 1300 1163 1354 est
1178 1291 1359 1353 differenda
1382 1292 1505 1374 petitio.
1545 1290 1624 1354 Tuis
1648 1295 1752 1375 igitur,

76 1374 288 1438 dilectissime
312 1376 364 1451 fili,
396 1379 485 1439 iustis
510 1377 722 1459 petitionibus
746 1389 933 1456 annuentes,
964 1381 1021 1443 tibi
1052 1383 1181 1463 tuisque
1211 1379 1364 1462 legitimis
1396 1381 1638 1443 successoribus
1661 1382 1751 1445 beati

76 1466 232 1546 martyris
247 1464 426 1529 Theofredi
444 1469 676 1531 monasterium
694 1476 728 1530 et
743 1488 969 1551 quaecumque
985 1470 1026 1534 ad
1044 1470 1132 1533 idem
1155 1471 1318 1553 pertinent
1333 1469 1364 1530 in
1387 1468 1476 1532 cellis
1492 1478 1525 1532 et
1547 1470 1578 1531 in
1602 1470 1752 1548 ecclesiis,

75 1555 104 1616 in
128 1552 224 1628 villis,
248 1554 354 1635 sylvis,
378 1559 490 1639 pratis,
513 1559 599 1640 agris
623 1557 717 1620 cultis
741 1565 774 1620 et
797 1559 935 1635 incultis
959 1562 991 1622 in
1016 1561 1108 1639 aquis
1124 1578 1347 1641 aquarumque
1364 1559 1562 1634 decursibus,
1586 1568 1751 1641 potestate

76 1644 176 1706 nostri
202 1643 305 1708 officii
329 1645 568 1709 confirmamus.
608 1645 677 1710 ·Per
700 1657 905 1728 praesentem
938 1650 1034 1730 igitur
1064 1651 1166 1712 nostri
1197 1647 1354 1732 privilegii
1386 1648 1538 1731 paginam
1572 1649 1752 1730 apostolica

76 1731 275 1796 authoritate
305 1737 490 1810 statuimus,
525 1743 568 1812 ut,
600 1755 827 1820 quaecumque
858 1737 959 1801 hodie
990 1739 1077 1802 idem
1108 1737 1305 1801 coenobium
1334 1741 1417 1800 iuste
1447 1737 1595 1820 possidet
1624 1738 1691 1801 sive
1720 1740 1752 1801 in

76 1823 252 1885 crastinum
284 1825 495 1887 concessione
527 1824 734 1908 pontificum,
768 1826 958 1890 liberalitate
990 1828 1173 1910 principum
1204 1827 1257 1890 vel
1290 1826 1459 1890 oblatione
1492 1825 1637 1890 fidelium
1668 1830 1752 1891 iuste

74 1919 172 1991 atque
196 1914 355 1976 canonice
378 1914 499 1996 poterit
520 1914 667 1996 adipisci,
700 1913 793 1978 firma
816 1916 875 1979 tibi
897 1919 1028 1997 tuisque
1050 1917 1293 1980 successoribus
1322 1924 1355 1979 et
1385 1915 1509 1979 illibata
1531 1927 1751 1998 permaneant.

76 2000 291 2066 Decemimus
309 2021 397 2085 ergo,
423 2011 457 2066 ut
481 2003 560 2067 nulli
585 2005 718 2067 omnino
741 2005 910 2069 hominum
935 2005 1040 2082 liceat,
1063 2006 1151 2068 idem
1170 2007 1402 2068 monasterium
1419 2013 1543 2068 temere
1560 2007 1751 2088 perturbare

10 2095 11 2100 ’
76 2097 129 2152 aut
150 2091 224 2153 eius
248 2095 474 2174 possessiones
501 2093 628 2156 auferre
658 2093 710 2156 vel
734 2094 858 2158 ablatas
887 2098 1040 2168 retinere,
1074 2095 1218 2158 minuere
1240 2094 1292 2158 vel
1321 2095 1502 2158 temerariis
1524 2096 1752 2159 vexationibus

10 2201 11 2256 g
76 2179 222 2261 fatigare,
247 2180 305 2243 sed
324 2183 433 2245 omnia
448 2183 573 2264 integra
588 2193 821 2246 conserventur
836 2205 958 2260 eorum,
975 2205 1037 2266 pro
1053 2203 1193 2264 quorum
1208 2185 1446 2247 sustentatione
1462 2204 1500 2247 ac
1516 2184 1752 2266 gubernatione

10 2287 12 2330 ι
76 2288 235 2332 concessa
256 2277 338 2345 sunt,
370 2270 481 2335 usibus
508 2273 707 2336 omnimodis
730 2273 910 2355 profutura.
956 2274 1013 2337 Ad
1045 2273 1127 2337 haec
1156 2273 1328 2336 adicimus:
1368 2273 1537 2337 ecclesiam
1570 2275 1611 2335 de
1644 2282 1751 2337 castro

10 2349 12 2430 ἓ
76 2355 250 2422 Severiaco
273 2362 375 2422 sancti
400 2358 576 2424 Salvatoris
600 2381 674 2424 cum
698 2363 763 2424 suis
786 2363 1026 2446 dependentiis,
1058 2365 1142 2426 sicut
1173 2361 1417 2426 aRuthenensi
1434 2362 1458 2442 ²)
1489 2364 1748 2445 episcopocum

10 2451 11 2518 ξ
75 2447 267 2512 clericorum
283 2469 416 2513 suorum
433 2451 640 2514 conniventia
655 2451 743 2514 urbis
759 2472 917 2515 concessa
934 2462 996 2528 est;
1020 2452 1191 2516 ecclesiam
1215 2472 1348 2534 quoque
1365 2452 1408 2515 de
1423 2451 1582 2526 Cervaria,
1601 2473 1685 2533 quae
1702 2460 1753 2514 est

10 2539 11 2622 ᾗ
75 2538 104 2600 in
120 2539 316 2620 episcopatu
333 2538 524 2604 Taurinensi
541 2540 579 2619 ³),
602 2549 745 2603 vestrum
763 2545 996 2605 monasterium
1013 2543 1123 2622 quiete
1146 2561 1278 2624 semper
1292 2541 1460 2624 libereque
1475 2541 1645 2625 possideat
1660 2541 1751 2604 alias·

10 2647 12 2710 ζ
75 2647 136 2709 que
159 2627 318 2690 ecclesias
340 2628 430 2692 salva
452 2630 483 2691 in
507 2629 660 2694 omnibus
683 2631 923 2713 episcoporum,
946 2633 978 2693 in
1003 2651 1142 2711 quorum
1166 2631 1353 2694 diocesibus
1376 2630 1563 2704 consistunt,
1595 2631 1751 2693 canonica

75 2717 272 2793 reverentia,
309 2717 469 2798 siquidem
502 2718 653 2782 catholici
686 2719 805 2782 suerint
835 2728 870 2783 et
898 2720 1035 2803 gratiam
1068 2729 1100 2783 et
1131 2720 1395 2783 communionem
1425 2718 1630 2802 apostolicae
1661 2720 1749 2783 sedis

74 2803 255 2869 habuerint
293 2806 366 2869 Vos
387 2808 490 2890 igitur,
514 2807 568 2871 filii
591 2809 623 2871 in
640 2807 770 2872 Christo
795 2808 979 2884 charissimi,
1005 2818 1137 2891 oportet
1153 2808 1307 2892 regularis
1324 2809 1514 2891 disciplinae
1530 2810 1748 2872 institutiones

75 2894 243 2958 sollicitius
266 2917 305 2960 ac
333 2897 485 2960 devotius
515 2898 676 2974 insudare,
709 2907 753 2974 ut,
786 2908 910 2979 quanto
933 2920 952 2961 a
976 2899 1177 2963 secularibus
1200 2899 1277 2962 estis
1300 2898 1491 2962 tumultibus
1519 2897 1621 2976 liberi,
1656 2907 1749 2961 tanto

75 2984 250 3048 studiosius
274 2985 404 3068 placere
426 2988 491 3050 deo
513 2989 592 3051 totis
615 2987 733 3051 mentis
756 2996 789 3050 et
813 2990 940 3052 animae
964 2988 1133 3052 virtutibus
1155 2987 1324 3052 anheletis.
1370 2989 1548 3070 Praecipue
1571 2989 1749 3065 studentes,

10 3133 12 3180 ³
76 3072 244 3138 Romanae
272 3074 429 3139 ecclesiae
458 3076 637 3140 reverenda
667 3077 800 3140 decreta
830 3097 967 3152 servare,
998 3080 1089 3141 cuius
1121 3079 1304 3160 patrocinio
1335 3079 1412 3140 estis
1446 3098 1465 3139 a
1496 3079 1573 3159 iugo
1605 3078 1749 3140 omnium

75 3163 263 3240 viventium,
294 3174 457 3230 annuente
481 3165 554 3242 deo,
586 3168 770 3248 premuniti.
817 3166 872 3230 Ad
903 3167 1055 3230 indicium
1086 3175 1194 3230 autern
1228 3175 1405 3249 perceptae
1433 3165 1529 3229 huius
1558 3165 1750 3229 aRomana

10 3263 11 3324 j
76 3251 211 3317 ecclesia
234 3253 394 3319 libertatis
418 3275 477 3338 per
507 3275 610 3318 annos
637 3255 783 3338 singulos
806 3277 849 3319 ex
871 3265 980 3319 vestro
1006 3257 1204 3320 monasterio
1228 3257 1379 3320 vestratis
1404 3263 1556 3319 monetae
1580 3268 1603 3316 v
1625 3255 1750 3319 solidos

75 3341 286 3406 lateranensi
309 3344 431 3427 palatio
456 3344 655 3428 persolvatis.
703 3343 790 3409 Sane
812 3348 839 3408 si
863 3348 936 3427 quis
958 3347 990 3409 in
1014 3348 1190 3409 crastinum
1210 3345 1477 3428 archiepiscopus
1493 3353 1549 3408 aut
1565 3347 1749 3428 episcopus,

10 3475 12 3506 5
76 3431 257 3514 imperator
278 3441 334 3496 aut
357 3453 423 3508 rex,
448 3433 598 3516 princeps
622 3443 679 3498 aut
701 3435 779 3511 dux,
802 3455 914 3498 comes
937 3442 993 3498 aut
1015 3435 1198 3499 vicecomes
1222 3443 1277 3498 aut
1300 3435 1402 3498 iudex
1417 3443 1473 3497 aut
1488 3454 1629 3516 persona
1652 3453 1749 3513 quae·

10 3535 11 3602 ᾗ
76 3519 153 3585 libet
181 3543 284 3604 parva
313 3522 365 3585 vel
396 3543 526 3605 magna,
558 3531 679 3606 potens
710 3533 766 3588 aut
794 3527 970 3608 impotens,
1000 3523 1095 3587 huius
1125 3527 1228 3588 nostri
1261 3524 1421 3607 privilegii
1453 3524 1604 3606 paginam
1636 3524 1749 3598 sciens,

10 3647 12 3722 p
76 3619 185 3674 contra
210 3631 283 3675 eam
307 3621 432 3675 temere
454 3613 563 3676 venire
586 3615 766 3690 tentaverit,
795 3614 941 3678 secundo
964 3617 1109 3678 terciove
1132 3614 1360 3687 commonitus,
1387 3615 1414 3675 si
1439 3633 1505 3676 non
1528 3612 1749 3676 satisfactione

77 3719 220 3782 congrua
251 3703 481 3777 emendaverit,
513 3701 673 3767 aChristi
705 3711 739 3766 et
769 3704 927 3767 ecclesiae
952 3723 1092 3786 corpore
1116 3724 1190 3766 cum
1214 3701 1412 3766 authoritate
1436 3702 1618 3786 apostolica
1641 3721 1749 3784 segre-

10 3809 12 3890 ψ
76 3809 197 3870 gamus.
247 3790 522 3855 Conservantibus
546 3800 655 3855 autem
680 3813 747 3875 pax
771 3814 790 3856 a
814 3794 878 3857 deo
902 3801 935 3855 et
950 3793 1170 3856 misericordia
1186 3791 1411 3876 praesentibus
1427 3813 1466 3855 ac
1482 3791 1598 3854 suturis
1614 3791 1748 3854 saeculis

10 3911 11 3966 3
77 3889 293 3943 conservetur.
339 3879 458 3944 Amen.
482 3878 713 3965 —Scriptum
745 3903 805 3965 per
836 3903 966 3946 manum
994 3884 1132 3960 loannis,
1163 3883 1327 3959 scriniarii,
1360 3882 1529 3964 regionarii
1560 3901 1599 3943 ac
1632 3882 1748 3944 notarii

10 3969 12 4056 Ῐ
77 3971 154 4032 sacri
178 3970 302 4054 palatii.

233 4085 358 4151 Absclmfl
373 4084 413 4134 des
434 4085 544 4136 ctortul.
563 4085 592 4136 de
609 4085 872 4152 Morusticr-m·Velay,
893 4087 950 4138 MS.
968 4089 1011 4140 lat.
1030 4089 1101 4137 5466
1118 4089 1148 4136 Α.
1159 4088 1211 4153 jol.
1232 4090 1272 4148 11,
1291 4087 1317 4136 in
1335 4087 1378 4137 der
1395 4087 1457 4136 Br'bl.
1476 4084 1605 4136 Nationale
1622 4103 1651 4135 su
1669 4084 1748 4134 Paria

240 4157 376 4206 vmera:
401 4155 526 4223 ‚aalma
544 4165 579 4207 at
594 4158 621 4207 a
636 4158 775 4224 orginalis.
813 4159 876 4207 aaa
893 4158 1043 4208 aerumma
1052 4159 1122 4224 faa
1137 4159 1164 4208 a
1182 4160 1224 4210 aa
1241 4159 1291 4209 ma
1307 4158 1464 4209 uersantem
1481 4157 1613 4222 uscunfl.
1651 4159 1749 4206 aava·

10 4199 11 4226 ³
72 4226 126 4289 feld
139 4228 243 4278 hemeras
263 4225 342 4294 Jaffi,
369 4231 426 4295 Reg.
447 4231 516 4278 6016
531 4236 592 4293 pro:
615 4230 675 4278 Dat.
697 4239 743 4294 per
759 4246 861 4278 marsum
883 4231 985 4297 Aquilai,
1013 4230 1104 4297 agentis
1127 4231 1202 4281 vicem
1227 4231 1378 4292 camellarii,
1406 4230 1533 4296 legendum
1557 4237 1604 4279 est:
1628 4230 1688 4279 Dat.
1704 4235 1751 4294 per

10 4315 11 4318 ¹
78 4315 174 4348 mm
194 4299 296 4366 Eqrn'eii,
315 4307 356 4361 cet,
370 4301 500 4364 praebetur
517 4300 543 4350 ivr
560 4301 662 4351 eiusdem
679 4301 825 4352 bibliothecae
844 4301 900 4352 MS.
920 4305 962 4353 lar.
984 4305 1069 4354 ratos
1078 4303 1130 4368 jot
1150 4305 1193 4354 54.

834 4675 900 4752 ΝΥ.
928 4679 990 4750 33.

10 4767 11 4772 ,
84 4807 187 4874 Calin
202 4809 247 4874 II
256 4809 408 4893 bestc'itigt
429 4810 503 4874 dem
519 4810 655 4893 Propste
669 4807 777 4872 Adam
801 4831 862 4910 pon
879 4807 1094 4977 r{garaihtlglatu
1116 4810 1155 4874 di
1172 4809 1329 4874 Cremona
1351 4808 1405 4874 die
1423 4807 1525 4873 Gater
1545 4807 1750 4872 und‘chhte

10 4957 12 4964 ,
763 4919 870 4962 semer
918 4921 1006 4964 arce
1053 4949 1060 4964 .

589 5013 856 5098 1122Apri115.
888 5014 935 5079 St.
951 5015 1048 5078 Peter
1064 5036 1124 5078 von
1141 5014 1233 5078 Rom.

233 5149 378 5215 Calixtus
406 5151 591 5233 episcopus,
622 5169 733 5213 servus
764 5169 932 5213 servorum
962 5149 1024 5226 dei,
1055 5149 1178 5213 dilecto
1208 5148 1277 5212 filio
1300 5149 1386 5235 nde,
1410 5151 1581 5231 preposito
1613 5147 1750 5237 ecclesie

79 5247 185 5304 sancte
207 5239 368 5323 Agathos,
401 5260 465 5336 quq¹
496 5238 657 5303 Cremone
687 5240 750 5302 sita
781 5247 846 5315 est,
877 5241 1012 5319 eiusque
1042 5238 1284 5302 successoribus
1316 5239 1473 5302 canonice
1503 5238 1748 5318 substituendis,

79 5327 108 5390 in
129 5350 218 5413 ppm.
242 5366 286 5377 --
306 5329 311 5414 Ι
333 5328 444 5393 Officii
469 5329 568 5391 nostri
599 5349 659 5392 nos
691 5327 840 5393 hortatur
869 5331 1053 5404 auctoritas,
1084 5350 1146 5412 pro
1177 5327 1386 5392 ecclesiarum
1418 5336 1503 5391 statu
1535 5336 1682 5410 satagere
1706 5337 1748 5406 et,

10 5447 11 5490 3
80 5436 139 5504 que
162 5427 249 5483 recte
265 5426 387 5483 statuta
402 5425 485 5494 sunt,
508 5417 662 5481 stabilire.
709 5415 816 5499 Quam
841 5418 885 5483 ob
908 5439 986 5495 rem,
1010 5418 1129 5482 dilecte
1153 5419 1185 5480 in
1209 5417 1338 5482 Christo
1362 5417 1412 5496 fili,
1437 5415 1548 5481 Adam
1573 5419 1749 5501 preposite,

84 5577 334 5588 -——..-........

236 5668 261 5730 ι)
279 5666 349 5716 Auca
366 5667 420 5726 „Le
437 5665 593 5726 Monarh'ef‘,
618 5665 916 5733 „alonmueramVelayr
937 5667 995 5718 oder
1011 5668 1166 5735 „Camffl
1180 5667 1306 5734 geleissrn.
1382 5667 1425 5731 Υ2)
1443 5666 1527 5716 Roda.
1610 5669 1638 5736 3)
1661 5668 1748 5734 rma,

86 5735 176 5788 raam.
248 5741 278 5808 4)
302 5739 382 5805 Vergl.
401 5737 439 5788 die
460 5737 577 5788 Urbmdc
593 5753 647 5788 vom
667 5740 700 5788 16
722 5739 782 5805 fili
800 5741 877 5789 1148.

1511 5819 1552 5890 4*
