4090 6358
1058 514 1127 589 ΝΥ.
1157 520 1219 590 87.

309 649 422 734 Eugen
445 647 510 712 III
535 648 682 730 bestdtigi
703 647 776 710 dem
807 644 887 709 Abte
916 645 1047 710 Anselm
1079 669 1140 710 von
1168 646 1237 711 San
1263 648 1372 711 Pietro
1401 643 1442 709 dr·
1475 643 1562 708 Cielo
1584 642 1686 708 a'Oro
1715 644 1755 707 di
1784 643 1889 706 Pania
1921 641 1974 704 die

732 733 971 801 Besitztlzz'c'mer
991 737 1061 799 und
1081 737 1199 800 Rechte
1218 738 1321 800 ser'nes
1347 733 1494 798 Klosters
1513 738 1544 816 ¹).

930 873 1014 932 1148
1029 869 1106 944 Julz'
1122 871 1150 933 7.
1188 869 1354 932 Cremona.

469 1001 634 1086 Eugenius
650 1005 834 1086 episcopus,
858 1022 968 1065 servus
984 1024 1153 1068 servorum
1169 1006 1232 1081 dei,
1248 1004 1368 1067 dilecto
1385 1003 1451 1067 filio
1467 1004 1637 1078 Anselmo,
1660 1002 1773 1065 abbati
1791 999 1974 1064 monasterii

309 1093 411 1155 sancti
434 1093 528 1167 Petri,
553 1094 642 1173 quod
667 1093 784 1154 dicitur
808 1091 921 1154 Celum
945 1113 1087 1170 aureum,
1110 1095 1242 1174 eiusque
1265 1093 1506 1156 successoribus
1531 1091 1719 1173 regulariter
1741 1089 1974 1153 substituendis

309 1195 348 1245 IN
378 1192 454 1243 PPM.
482 1217 526 1226 —
559 1181 564 1268 )
601 1181 683 1245 Cum
714 1183 858 1244 omnium
890 1181 1097 1246 ecclesiarum
1130 1186 1230 1263 quieti
1263 1191 1296 1245 et
1326 1183 1453 1245 utilitati
1485 1202 1527 1243 ex
1559 1184 1702 1243 iniuncto
1735 1181 1831 1243 nobis
1863 1199 1882 1241 a
1912 1179 1976 1240 deo

310 1271 513 1354 apostolatus
538 1270 647 1334 officio
672 1279 806 1353 patema
828 1269 1043 1334 sollicitudine
1070 1273 1239 1335 intendere
1267 1271 1456 1346 debeamus,
1480 1270 1605 1333 illarum
1626 1281 1735 1333 tamen
1759 1269 1976 1338 ecclesiarum,

311 1380 375 1440 que
398 1369 510 1422 sancte
533 1361 680 1423 Romane
704 1357 838 1422 ecclesie
861 1359 936 1422 iuris
963 1363 1114 1435 existunt,
1146 1369 1239 1424 tanto
1270 1361 1411 1444 amplius
1432 1357 1436 1444 )
1457 1381 1566 1422 curam
1599 1379 1712 1441 gerere
1743 1378 1804 1420 nos
1837 1363 1977 1439 oportet,

311 1457 433 1532 quanto
456 1448 629 1531 specialius
653 1451 722 1535 ipse
746 1447 927 1536 apostolice
950 1450 1021 1513 sedi
1049 1451 1206 1513 adherere
1229 1459 1414 1512 noscuntur.
1458 1449 1608 1523 Proinde,
1639 1447 1757 1510 dilecte
1787 1450 1821 1508 in
1844 1445 1977 1507 domino

311 1538 364 1612 fili,
395 1536 553 1601 Anselme
585 1537 705 1612 abbas,
735 1541 799 1600 tuis
827 1538 917 1600 iustis
949 1539 1224 1621 postulationibus
1256 1540 1448 1602 clementius
1479 1546 1674 1612 annuentes,
1707 1537 1978 1620 predecessorum

311 1636 505 1701 nostrorum,
529 1627 630 1690 felicis
652 1629 809 1690 memorie
833 1627 1025 1690 PASCHALIS
1044 1629 1076 1709 ²),
1101 1627 1245 1691 CAL1xT1
1263 1628 1298 1708 ³),
1321 1638 1355 1690 et
1375 1628 1586 1690 INNOCENTH
1602 1629 1635 1706 ⁴),
1659 1626 1883 1696 Romanorum
1900 1643 1979 1705 pon·

312 1716 452 1791 tificum,
483 1714 661 1778 inherendo
693 1717 834 1798 vestigiis
865 1716 953 1780 beati
975 1718 1071 1794 Petri,
1102 1716 1327 1800 apostolorum
1358 1719 1529 1799 principis,
1559 1718 1799 1792 monasterium,
1832 1715 1884 1775 cui
1916 1713 1978 1774 deo

312 1814 445 1868 auctore
474 1806 635 1886 presides,
669 1806 758 1885 quod
790 1808 903 1887 utique
934 1807 1021 1869 beati
1053 1806 1243 1889 Augustini,
1274 1807 1421 1869 doctoris
1445 1806 1581 1887 egregii,
1618 1803 1779 1887 corporali
1817 1803 1980 1886 presentia

312 1895 491 1971 illustratur,
523 1895 680 1976 presentis
710 1895 820 1976 scripti
851 1895 1020 1977 privilegio
1051 1898 1299 1959 communimus
1352 1894 1538 1959 Statuentes
1569 1895 1669 1970 enim,
1707 1902 1743 1956 ut
1773 1909 1980 1974 quecumque

311 1984 408 2058 bona,
431 2003 637 2063 quecumque
660 1984 782 2065 predia,
806 1985 929 2047 urbana
951 1987 1019 2047 sive
1043 1989 1170 2063 rustica,
1194 1985 1281 2047 culta
1302 1983 1354 2047 vel
1376 1985 1506 2058 inculta,
1530 2002 1737 2064 quecumque
1756 1983 1981 2064 possessiones

314 2077 345 2136 in
368 2071 458 2148 villis,
480 2071 577 2148 silvis,
601 2075 709 2155 pratis,
733 2071 876 2148 coloniis,
901 2076 1001 2136 servis
1024 2083 1057 2137 et
1086 2074 1209 2138 ancillis
1236 2094 1294 2136 seu
1323 2073 1517 2148 aldionibus,
1549 2075 1580 2135 in
1604 2073 1758 2160 ecclesiis,
1790 2073 1822 2133 in
1846 2069 1980 2132 decimis

314 2162 455 2224 omnium
487 2161 605 2241 ubique
634 2171 791 2225 terrarum
825 2164 1032 2239 rusticorum,
1065 2164 1326 2226 domnicatorum
1358 2172 1391 2225 et
1422 2163 1625 2225 familiarium
1665 2162 1733 2224 sive
1766 2160 1917 2242 primitiis
1940 2156 1980 2218 ad

311 2258 454 2313 vestrum
486 2251 656 2314 cenobium
689 2254 904 2314 concessione
934 2252 1142 2333 pontificum,
1174 2252 1347 2334 largitione
1379 2271 1491 2334 regum
1516 2252 1568 2314 vel
1591 2252 1783 2332 principum,
1815 2249 1980 2312 oblatione

314 2338 458 2402 fidelium
481 2359 538 2402 seu
561 2340 628 2403 aliis
647 2341 735 2402 iustis
761 2341 866 2420 modis
889 2342 920 2403 in
936 2343 1169 2423 presentiarum
1187 2343 1350 2425 pertinent
1365 2342 1466 2403 autin
1483 2341 1633 2414 futurum,
1657 2339 1814 2422 largiente
1836 2338 1981 2408 domino,

313 2430 402 2492 idem
426 2431 658 2492 monasterium
682 2431 765 2492 iuste
789 2432 911 2512 poterit
933 2430 1076 2513 adipisci,
1099 2430 1193 2493 firma
1215 2431 1275 2494 tibi
1298 2430 1426 2510 tuisque
1449 2430 1691 2492 successoribus
1714 2438 1748 2492 et
1771 2427 1897 2490 illibata
1912 2445 1979 2507 per-

314 2525 473 2581 maneant.
520 2516 673 2582 Obeunte
696 2539 774 2581 vero
797 2527 839 2594 te,
863 2540 946 2583 nunc
971 2521 1116 2582 eiusdem
1134 2519 1198 2584 loci
1214 2521 1343 2596 abbate,
1367 2519 1419 2582 vel
1433 2528 1563 2581 tuorum
1580 2518 1730 2599 quolibet
1744 2535 1979 2590 successorum,

314 2608 421 2670 nullus
445 2607 490 2670 ibi
514 2607 662 2686 qualibet
683 2610 894 2691 surreptionis
918 2612 1036 2672 astutia
1058 2629 1115 2672 seu
1138 2609 1292 2672 violentia
1315 2617 1524 2691 preponatur,
1547 2609 1607 2670 nisi
1631 2627 1729 2688 quem
1754 2606 1870 2669 fratres
1895 2625 1980 2668 com·

315 2699 405 2760 muni
428 2715 597 2772 consensu,
620 2695 671 2760 vel
693 2697 827 2760 fratrum
852 2718 928 2779 pars
951 2697 1076 2762 consilii
1099 2700 1244 2774 sanioris,
1268 2700 1447 2760 secundum
1472 2698 1524 2760 dei
1548 2699 1700 2760 timorem
1724 2705 1756 2758 et
1775 2695 1864 2758 beati
1880 2695 1981 2758 Bene·

316 2787 394 2849 dicti
424 2786 569 2868 regulam
600 2787 800 2869 providerint
829 2787 1024 2869 eligendum.
1070 2787 1201 2850 Electus
1232 2796 1340 2851 autern
1372 2788 1414 2850 ad
1438 2786 1621 2849 Romanum
1655 2785 1841 2868 pontificem
1869 2803 1981 2846 conse

316 2875 454 2938 crandus
486 2875 630 2938 accedat.
682 2875 842 2952 Chrisma,
874 2876 982 2939 oleum
1015 2886 1178 2952 sanctum,
1209 2879 1471 2939 consecrationes
1501 2876 1649 2939 altarium
1680 2896 1736 2938 seu
1768 2873 1981 2946 basilicarum,

316 2965 536 3027 ordinationes
567 2964 803 3028 monachorum
834 2985 891 3028 seu
924 2969 1153 3028 canonicorum
1184 2975 1376 3041 vestrorum,
1409 2967 1464 3045 qui
1496 2966 1537 3028 ad
1567 2985 1678 3028 sacros
1706 2965 1827 3027 luerint
1850 2963 1981 3026 ordines

315 3053 542 3136 promovendi,
572 3074 591 3115 a
623 3073 831 3135 quocumque
854 3054 1030 3118 malueritis
1060 3053 1219 3118 catholico
1249 3054 1428 3137 suscipiatis
1460 3056 1627 3137 episc0p0,
1659 3055 1820 3134 siquidem
1845 3054 1980 3134 gratiam

316 3143 404 3206 sedis
429 3141 612 3230 apostolice
634 3141 793 3206 habuerit.
840 3143 955 3207 Missas
979 3164 1112 3224 quoque
1135 3144 1283 3226 publicas
1307 3144 1337 3206 in
1362 3144 1480 3206 eodem
1512 3146 1709 3207 monasterio
1740 3143 1897 3206 celebrari
1931 3147 1983 3202 aut

314 3233 489 3295 stationem
512 3240 567 3295 aut
589 3232 753 3313 synodum
775 3231 827 3294 vel
851 3234 1086 3297 ordinationem
1110 3234 1249 3314 aliquam
1273 3242 1383 3315 preter
1405 3233 1532 3294 abbatis
1547 3233 1747 3296 voluntatem
1764 3233 1807 3294 ab
1822 3233 1981 3313 episcopo

317 3320 462 3404 quolibet
485 3321 552 3384 fieri
576 3320 797 3403 prohibemus.
841 3321 898 3384 Ad
922 3321 984 3411 hec
1008 3326 1153 3406 presenti
1177 3322 1320 3405 capitulo
1351 3323 1529 3384 adicientes
1561 3321 1742 3410 dalmatice,
1775 3323 1881 3394 mitre,
1911 3339 1981 3382 san-

317 3410 477 3474 daliorum
508 3431 568 3472 nec
597 3432 662 3474 non
692 3410 941 3493 cyrothecarum
972 3433 1064 3474 usum
1096 3420 1130 3475 et
1155 3413 1238 3474 inter
1259 3412 1476 3474 itinerandum
1496 3415 1525 3492 ³)
1548 3413 1674 3493 insigne
1696 3409 1900 3474 tintinnabuli
1925 3408 1981 3471 tibi

316 3501 445 3580 tuisque
460 3500 708 3576 successoribus,
732 3509 765 3564 et
788 3503 819 3563 in
834 3521 915 3584 sepe
931 3501 1018 3564 dicto
1043 3504 1241 3564 monasterio
1264 3501 1462 3584 baptismum
1478 3501 1509 3563 in
1524 3499 1669 3583 paschali
1691 3500 1937 3580 sollempnitate
1955 3495 1982 3581 b)

316 3609 377 3672 per
405 3589 569 3652 subiectos
599 3590 694 3653 vobis
726 3589 860 3654 clericos
893 3590 961 3653 fieri
990 3592 1079 3653 iuxta
1110 3593 1379 3673 predecessorum
1403 3599 1588 3653 nostrorum
1616 3598 1736 3653 statuta
1763 3589 1981 3662 concedimus,

317 3678 428 3760 sicque
450 3678 493 3741 ab
517 3679 605 3741 omni
628 3680 703 3762 iugo
727 3699 784 3743 seu
807 3681 931 3742 ditione
954 3682 1187 3762 cuiuscumque
1209 3700 1350 3768 persone
1374 3688 1517 3742 vestrum
1546 3679 1718 3742 cenobium
1749 3678 1889 3742 liberum
1914 3697 1981 3760 per·

318 3787 449 3830 manere
471 3768 641 3842 sancimus,
664 3776 700 3830 ut
721 3768 781 3832 soli
797 3777 908 3832 sancte
924 3769 1073 3833 Romane
1096 3778 1129 3832 et
1152 3768 1333 3856 apostolice
1356 3767 1492 3831 ecclesie
1515 3768 1680 3831 subditum
1704 3765 1873 3832 habeatur.
1921 3769 1981 3830 De

318 3859 478 3920 cernimus
508 3877 596 3940 ergo,
628 3865 663 3920 ut
692 3857 768 3920 nulli
800 3861 935 3922 omnino
967 3859 1136 3922 hominum
1167 3860 1276 3934 liceat,
1308 3859 1573 3941 prenominatum
1603 3861 1835 3921 monasterium
1859 3867 1981 3921 temere

318 3946 508 4027 perturbare
540 3954 596 4010 aut
626 3947 692 4009 eius
724 3949 950 4034 possessiones
979 3947 1105 4012 auferre
1136 3949 1188 4012 vel
1220 3947 1344 4011 ablatas
1367 3949 1523 4023 retinere,
1557 3948 1701 4010 minuere
1737 3956 1793 4011 aut
1823 3946 1982 4028 aliquibus

317 4034 545 4099 vexationibus
569 4035 714 4118 fatigare,
741 4045 792 4099 set
814 4039 924 4099 omnia
946 4037 1071 4118 integra
1094 4047 1323 4100 conserventur
1346 4057 1468 4112 eorum,
1499 4057 1560 4118 pro
1584 4057 1723 4119 quorum
1746 4036 1982 4119 gubernatione

318 4132 351 4186 et
373 4125 609 4189 sustentatione
633 4144 790 4187 concessa
812 4133 894 4200 sunt,
919 4126 1027 4189 usibus
1052 4127 1248 4190 omnimodis
1273 4125 1450 4209 profutura,
1473 4125 1563 4189 salva
1587 4128 1620 4188 in
1636 4126 1786 4189 omnibus
1802 4127 1982 4212 apostolice

318 4214 405 4276 sedis
427 4215 628 4277 auctoritate.
673 4211 708 4276 Si
731 4234 797 4294 qua
819 4215 914 4296 igitur
935 4215 1125 4278 infuturum
1150 4214 1369 4279 ecclesiastica
1384 4213 1578 4302 secularisve
1598 4235 1747 4297 persona,
1770 4215 1854 4278 hanc
1876 4225 1982 4278 nostre

319 4305 559 4366 constitutionis
582 4304 735 4385 paginam
758 4305 872 4379 sciens,
896 4312 1010 4367 contra
1033 4325 1105 4368 eam
1134 4313 1260 4368 temere
1290 4304 1399 4366 venire
1422 4307 1639 4386 temptaverit,
1671 4305 1815 4394 secundo
1846 4307 1983 4368 tertiove

319 4395 528 4468 commonita,
550 4392 576 4454 si
600 4413 666 4455 non
688 4391 909 4455 satisfactione
932 4413 1075 4476 congrua
1098 4394 1325 4470 emendaverit,
1349 4395 1523 4476 potestatis
1546 4394 1744 4475 honorisque
1765 4396 1813 4458 sui
1830 4393 1983 4475 dignitate

319 4491 429 4544 careat
458 4501 613 4562 reamque
643 4501 679 4544 se
713 4482 822 4544 divino
855 4483 974 4546 iudicio
1007 4485 1149 4546 existere
1180 4484 1223 4546 ile
1253 4490 1441 4565 perpetrata
1473 4485 1644 4564 iniquitate
1677 4492 1872 4567 cognoscat,
1907 4493 1940 4547 et
1967 4502 1983 4544 a

318 4571 535 4634 sacratissimo
559 4589 697 4653 corpore
720 4591 759 4633 ac
781 4571 936 4654 sanguine
963 4573 1016 4635 dei
1041 4581 1074 4635 et
1097 4573 1229 4647 domini,
1253 4573 1471 4654 redemptoris
1501 4576 1603 4636 nostri
1626 4575 1697 4636 lesu
1722 4573 1851 4648 Christi,
1884 4573 1984 4636 aliena

318 4658 383 4735 fiat,
412 4669 512 4740 atque
534 4660 564 4722 in
588 4669 737 4722 extremo
761 4661 910 4725 examine
932 4662 1079 4725 districte
1110 4662 1224 4725 ultioni
1247 4662 1422 4725 subiaceat.
1443 4659 1447 4744 Ι
1469 4660 1599 4724 Cunctis
1623 4671 1741 4740 autem,
1771 4663 1879 4727 eidem
1914 4663 1983 4726 loco

319 4768 378 4811 sua
401 4751 470 4812 iura
492 4749 705 4824 servantibus,
737 4752 779 4812 sit
809 4771 876 4832 pax
905 4751 1030 4815 domini
1055 4752 1156 4814 nostri
1178 4752 1250 4814 lesu
1274 4749 1400 4826 Christi,
1431 4751 1580 4831 quatinus
1604 4751 1712 4814 ethic
1736 4753 1876 4816 fructum
1902 4752 1983 4816 bone

319 4838 454 4901 actionis
483 4839 663 4922 percipiant
693 4847 728 4901 et
757 4841 845 4922 apud
873 4840 1058 4904 districtum
1082 4841 1222 4904 iudicem
1247 4841 1371 4923 premia
1395 4849 1505 4926 eterne
1528 4844 1617 4922 pacis
1648 4843 1819 4906 inveniant,
1844 4877 1890 4890 -
1913 4841 1982 4904 Am.

319 4926 396 4989 Am.
418 4927 494 4991 Am.

531 5014 584 5098 (R)
605 5015 678 5098 Ego
703 5013 868 5099 Eugenius
893 5016 1052 5106 catholice
1075 5019 1212 5107 ecclesie
1236 5021 1411 5102 episcopus
1434 5040 1474 5082 ss.
1499 5017 1560 5102 (M)

531 5141 576 5150 -
597 5106 619 5184 †
641 5107 714 5187 Ego
738 5105 910 5170 Hubaldus
934 5109 1095 5190 presbiter
1119 5109 1291 5171 cardinalis
1314 5111 1361 5170 tit.
1384 5117 1496 5171 sancte
1519 5109 1675 5172 Praxedis
1697 5128 1739 5171 ss.

531 5191 551 5276 †
573 5193 646 5276 Ego
670 5193 841 5259 Hubaldus
865 5197 1027 5278 presbiter
1048 5198 1218 5261 cardinalis
1241 5201 1290 5260 tit.
1314 5201 1416 5260 sancti
1439 5197 1592 5262 iohannis
1615 5207 1649 5261 et
1673 5197 1762 5262 Pauli
1785 5217 1827 5262 ss.
1853 5201 1902 5280 (2)

530 5282 551 5366 †
574 5283 647 5366 Ego
670 5281 768 5367 Hugo
793 5285 953 5368 presbiter
976 5286 1147 5350 cardinalis
1170 5287 1215 5348 tit
1239 5289 1272 5348 in
1294 5285 1416 5350 Lucina
1438 5307 1478 5348 ss.
1503 5289 1550 5367 (3)

530 5371 552 5454 †
574 5373 646 5455 Ego
669 5372 829 5439 Iordanus
852 5375 1015 5458 presbiter
1037 5376 1209 5440 cardinalis
1232 5377 1278 5438 tit.
1302 5384 1415 5439 sancte
1439 5374 1585 5464 Susanne
1608 5396 1648 5439 ss

479 5569 505 5634 a)
523 5573 573 5617 nte.
592 5569 716 5618 itinerand
735 5568 857 5620 ther'lwnlre
874 5570 926 5633 auf
939 5571 1024 5619 Ramr
1039 5585 1087 5620 von
1105 5570 1235 5618 dunklmr
1250 5569 1326 5619 Dirae
1395 5571 1423 5636 b)
1442 5569 1630 5634 sollempnitati.
1649 5609 1701 5616 „a
1720 5571 1756 5632 .1)
1788 5570 1866 5636 Vergl.
1893 5569 1931 5621 dic
1940 5569 1986 5636 sol·

317 5639 392 5704 gande
413 5640 537 5701 Urhmdc,
555 5641 611 5690 arrd
625 5641 662 5690 die
679 5657 734 5689 vom
754 5644 785 5690 11
804 5640 880 5705 April
893 5643 969 5691 1120.
1054 5643 1081 5708 2)
1103 5639 1187 5708 Jaffe',
1213 5643 1270 5707 Reg.
1291 5643 1368 5692 4487.
1453 5646 1481 5706 3)
1503 5639 1582 5708 Jaffe',
1607 5643 1665 5708 Reg.
1689 5641 1847 5691 ccchl·
1870 5640 1987 5709 (venatu

320 5709 363 5760 har
370 5712 468 5777 fiditer
491 5713 541 5762 eine
557 5713 644 5763 andm
661 5713 734 5762 Bulla
754 5713 845 5762 Colirts
863 5713 897 5761 II
908 5713 1018 5780 enslin).
1088 5718 1116 5778 4)
1139 5710 1216 5780 Jaffe',
1236 5716 1294 5780 Reg.
1313 5715 1404 5764 64181.
