4142 6366
819 484 886 559 Nr.
918 489 1002 560 189.

71 613 232 676 Hadrian
263 612 325 676 IV
341 614 514 678 dberweist
541 615 615 678 dem
650 613 780 679 Klaster
809 615 877 680 San
902 618 1070 681 Benedetta
1101 619 1147 681 Pa
1177 619 1237 698 (l).
1269 619 1440 703 Mantaaa)
1465 616 1526 682 das
1557 619 1748 683 admischem

72 701 191 766 Rachle
213 703 410 768 unterstellte
431 702 586 786 Haspa'tal
615 704 645 768 T
639 706 702 767 atti
717 707 731 768 i
745 704 842 770 Santi
856 707 915 786 (D.
933 709 1115 793 Montana),
1137 709 1243 788 wcafia
1255 707 1407 790 ja'lzrlicla
1425 709 1604 790 zwle‘alte
1619 708 1750 773 Denara

481 793 704 857 Maildndiscla
721 817 764 858 an
776 796 831 859 die
848 795 952 859 Kurz'e
966 818 1006 861 aa
1022 797 1196 860 entriclrten
1211 797 1290 860 sind
1304 799 1344 874 ¹).

692 913 773 973 1159
789 910 876 985 June·
889 915 943 975 25.
985 911 1125 995 Anagm'.

232 1027 399 1094 Adrianus
415 1027 600 1109 episcopus
618 1049 728 1091 servus
744 1049 911 1091 servorum
927 1028 989 1104 dei,
1014 1027 1140 1092 dilectis
1157 1030 1230 1092 filiis
1247 1027 1414 1109 Gervasi0,
1431 1029 1543 1092 abbati
1561 1031 1750 1094 monasterii

71 1120 175 1182 sancti
214 1117 384 1183 Benedicti
424 1137 522 1198 supra
558 1117 700 1192 Padum,
747 1119 882 1199 eiusque
920 1118 1089 1195 fratribuS,
1135 1130 1204 1182 tam
1240 1118 1447 1201 presentibus
1488 1140 1587 1201 quam
1626 1119 1749 1197 futuris,

71 1210 291 1273 monasticam
315 1207 417 1268 vitam
439 1206 604 1287 professis,
629 1220 667 1269 ΙΝ
686 1219 764 1269 PPM.
788 1243 832 1252 ——
852 1207 857 1288 Ι
877 1209 913 1270 ln
938 1208 1120 1289 apostolice
1143 1209 1229 1271 sedis
1253 1209 1395 1291 specula,
1420 1209 1530 1271 divina
1554 1209 1751 1291 disponente

70 1300 257 1374 elementia,
282 1293 471 1382 [constituti
500 1290 554 1380 ad]
578 1298 763 1359 universum
788 1297 996 1360 ecclesiarum
1020 1318 1138 1379 corpus
1161 1299 1396 1361 sollecitudinis
1419 1309 1527 1360 nostre
1549 1293 1553 1382 l
1575 1320 1684 1361 curam
1708 1320 1751 1363 ex

72 1390 220 1451 iniuncto
239 1385 433 1451 nobisadeo
451 1385 704 1467 dispensationis
721 1387 831 1449 officio
848 1408 908 1449 nos
925 1398 1058 1467 oportet
1073 1388 1251 1450 extendere
1264 1398 1297 1451 et
1312 1389 1354 1450 de
1367 1388 1492 1450 illarum
1502 1398 1588 1451 statu
1600 1410 1661 1470 per
1670 1409 1730 1451 nos
1744 1385 1747 1454 l

72 1489 104 1540 et
113 1478 202 1541 filios
214 1487 344 1540 nostros
355 1475 462 1537 taliter
474 1475 627 1556 cogitare,
645 1497 686 1537 ne
696 1477 890 1538 sevientium
907 1475 1063 1538 fluctuum
1076 1487 1110 1542 et
1118 1497 1294 1559 pravorum
1305 1477 1484 1551 hominum,
1500 1479 1751 1559 superveniente

72 1567 230 1649 procella,
253 1566 396 1648 opprimi
421 1564 565 1627 debeant
580 1564 632 1627 vel
655 1567 783 1640 vastari,
808 1565 867 1627 sed
891 1576 1003 1628 nostro
1027 1563 1237 1650 (patrocinio)
1262 1567 1295 1628 in
1319 1565 1433 1628 melius
1457 1577 1589 1628 auctore
1614 1566 1750 1629 domino

71 1657 272 1738 promoveri.
317 1655 469 1719 Ceterum
493 1652 534 1716 de
559 1654 685 1716 illarum
708 1657 927 1735 promotione,
952 1675 1016 1735 que
1039 1657 1082 1718 ad
1106 1657 1154 1718 ius
1169 1656 1258 1718 beati
1274 1655 1360 1718 Petri
1380 1655 1565 1736 specialiter
1587 1657 1752 1737 pertinent

70 1758 103 1809 et
128 1747 192 1810 sub
218 1753 330 1809 nostra
351 1743 485 1825 speciali
510 1745 648 1806 tuitione
671 1745 860 1820 consistunt,
886 1746 1092 1827 propensiori
1117 1740 1219 1830 cu[ra]
1242 1766 1303 1807 nos
1327 1746 1480 1807 convenit
1504 1745 1648 1826 cogitare
1672 1753 1706 1807 et
1723 1742 1751 1829 ει)

69 1856 186 1899 earum
210 1835 403 1898 utilitatibus
432 1832 548 1909 modis,
580 1833 699 1914 quibus
722 1854 905 1914 possumus
936 1835 1091 1897 attentius
1121 1834 1303 1915 providere.
1351 1834 1456 1896 Huius
1479 1834 1591 1915 itaque
1618 1836 1752 1898 rationis

70 1927 192 1988 intuitu
223 1924 393 2006 provocati
424 1933 457 1984 et
488 1923 603 1984 vestris
636 1924 727 1986 iustis
757 1923 1051 2004 postulationibus,
1090 1923 1199 1986 dilecti
1233 1923 1265 1986 in
1299 1923 1434 1985 domino
1468 1923 1541 1998 filii,
1572 1924 1752 2005 benignum

69 2015 300 2096 impertientes
316 2031 492 2086 assensum,
517 2011 682 2093 hospitale
705 2013 853 2075 omnium
876 2023 1071 2088 sanctorum,
1097 2014 1129 2074 in
1146 2013 1327 2075 Mantuano
1343 2013 1505 2075 territorio
1529 2013 1636 2088 situm,
1661 2012 1752 2094 quod

70 2105 148 2166 iuris
174 2113 208 2166 et
232 2103 441 2184 proprietatis
464 2100 553 2163 beati
579 2099 663 2164 Petri
688 2103 807 2176 existit,
832 2123 906 2164 cum
930 2102 1083 2164 omnibus
1113 2103 1317 2183 pertinentiis
1345 2103 1410 2164 suis
1442 2102 1537 2164 vobis
1571 2104 1753 2184 vestrisque

1 2193 2 2196 ’
69 2194 316 2256 successoribus
340 2190 559 2254 ordinandum
584 2190 892 2273 disponendumque
916 2212 990 2254 cum
1015 2192 1151 2254 consilio
1176 2191 1382 2272 quorundam
1406 2191 1539 2253 fratrum
1566 2203 1753 2255 nostrorum

70 2283 228 2346 duximus
251 2280 516 2356 concedendum,
555 2291 590 2342 ut
613 2301 673 2363 per
696 2280 949 2344 sollicitudinem
973 2282 1117 2345 studium
1140 2291 1283 2344 vestrum
1307 2290 1375 2343 tam
1398 2281 1628 2362 spiritualibus,
1654 2301 1752 2363 quam

70 2372 321 2454 temporalibus
351 2371 482 2433 iuvante
506 2369 651 2446 domino,
679 2370 839 2452 proficere
863 2371 985 2434 debeat
1008 2372 1224 2434 incrementis
1271 2369 1469 2446 Statuentes
1503 2380 1539 2432 ut
1561 2370 1751 2447 monachos

71 2481 253 2525 conversos
286 2471 318 2523 et
349 2459 540 2534 familiares,
574 2459 618 2522 ibi
653 2460 799 2540 ponendi
832 2461 990 2542 priorem,
1025 2461 1214 2523 instituendi
1246 2469 1279 2522 et
1309 2460 1548 2522 transmutandi
1572 2461 1753 2523 secundum

70 2553 221 2634 regulam
258 2550 348 2613 beati
384 2547 555 2612 Benedicti
585 2559 618 2611 et
657 2549 807 2612 ordinem
846 2550 1033 2613 monasterii
1070 2551 1167 2612 vestri
1206 2548 1343 2611 liberam
1374 2549 1523 2612 habeatis
1564 2550 1605 2612 de
1644 2561 1753 2614 cetero

72 2640 274 2714 facultatem,
298 2639 388 2702 salvo
413 2649 523 2700 tamen
548 2639 757 2720 proprietatis
780 2640 847 2702 iure
870 2640 970 2702 beato
993 2640 1090 2702 Petro
1114 2650 1147 2702 et
1169 2638 1319 2702 Romane
1343 2639 1479 2702 ecclesie
1503 2649 1536 2701 et
1559 2660 1658 2702 censu
1674 2640 1754 2702 duo·

72 2730 183 2793 decim
208 2729 416 2792 denariorum
439 2739 585 2790 veterum
610 2728 866 2791 Mediolanensis
890 2736 1030 2804 monete,
1060 2729 1207 2804 avobis,
1237 2725 1352 2790 vestris
1384 2729 1626 2792 successoribus
1658 2730 1754 2793 nobis

1 2821 2 2824 ’
71 2821 261 2900 nostrisque
291 2818 533 2880 successoribus
568 2818 661 2879 annis
692 2818 827 2899 singulis
858 2817 1089 2899 persolvendo.
1135 2819 1183 2882 Ut
1206 2828 1316 2880 autem
1347 2817 1409 2880 hec
1439 2829 1552 2881 nostra
1584 2819 1754 2882 concessio

1 2901 2 2904 '
71 2910 244 2991 perpetuis
267 2906 472 2988 temporibus
495 2906 726 2969 inviolabiliter
749 2906 947 2982 observetur,
980 2917 1013 2970 et
1040 2907 1158 2970 nullius
1181 2927 1337 2987 umquam
1361 2909 1545 2970 temeritate
1566 2907 1674 2970 valeat
1698 2909 1755 2970 im·

73 2999 203 3073 mutari,
228 3018 288 3059 nos
312 3016 385 3059 eam
409 2996 602 3058 auctoritate
626 2995 810 3078 apostolica
833 2995 1064 3059 confirmamus
1088 3007 1121 3058 et
1151 2997 1312 3077 presentis
1334 2997 1446 3078 scripti
1470 2995 1642 3078 privilegio
1666 3017 1755 3060 com·

72 3088 251 3151 munimus.
297 3085 512 3148 Decemimus
540 3105 627 3166 ergo,
660 3095 695 3148 ut
726 3085 803 3147 nulli
837 3087 972 3148 omnino
1003 3086 1174 3148 hominum
1206 3086 1311 3160 liceat,
1341 3086 1427 3148 hanc
1456 3087 1614 3168 paginam
1645 3098 1756 3150 nostre

73 3177 300 3240 concessionis
324 3185 357 3238 et
384 3174 641 3237 confirmationis
672 3195 750 3238 ausu
782 3176 974 3237 temeritatis
1006 3175 1179 3256 infringere
1202 3175 1254 3237 vel
1287 3176 1315 3237 ei
1350 3175 1554 3256 aliquatenus
1585 3177 1755 3239 contraire.

73 3267 109 3330 Si
142 3267 218 3347 quis
250 3275 358 3326 autem
390 3264 454 3326 hoc
485 3274 681 3345 attemptare
713 3265 949 3345 presumpserit
985 3275 1033 3340 et,
1066 3264 1212 3326 secundo
1244 3265 1381 3327 tertiove
1415 3266 1651 3341 commonitus,
1685 3287 1756 3347 pre-

73 3356 300 3436 sumptionem
317 3373 409 3416 suam
434 3373 578 3434 congrua
600 3353 822 3415 satisfactione
846 3374 913 3416 non
937 3355 1128 3428 correxerit,
1164 3354 1338 3434 potestatis
1354 3354 1555 3436 honorisque
1577 3356 1625 3416 sui
1648 3366 1757 3418 careat

74 3446 239 3526 dignitate
272 3463 428 3525 reumque
450 3463 485 3505 se
510 3442 621 3504 divino
645 3442 766 3504 iudicio
801 3444 941 3505 existere
972 3443 1014 3505 de
1045 3453 1235 3525 perpetrata
1267 3443 1439 3524 iniquitate
1472 3455 1652 3525 cognoscat
1682 3455 1756 3508 eta

70 3535 295 3598 sacratissimo
319 3553 457 3613 corpore
481 3552 519 3594 ac
542 3533 700 3613 sanguine
725 3533 777 3594 dei
802 3543 834 3594 et
858 3532 992 3607 domini,
1017 3532 1235 3613 redemptoris
1259 3533 1362 3594 nostri
1385 3532 1457 3595 Iesu
1479 3532 1607 3608 Christi,
1632 3534 1756 3597 alienus

72 3624 139 3698 fiat,
156 3635 259 3705 atque
274 3623 308 3684 in
325 3633 472 3685 extremo
489 3621 641 3683 examine
657 3622 802 3684 districte
818 3622 932 3683 ultioni
948 3621 1124 3684 subiaceat.
1165 3621 1298 3684 Cunctis
1314 3633 1432 3698 autem,
1454 3643 1527 3684 eam
1543 3623 1754 3698 servantibus,

1 3763 2 3766 ,
72 3715 114 3776 sit
134 3710 140 3798 Ι
161 3733 232 3795 pax
256 3712 381 3775 domini
406 3712 506 3773 nostri
530 3710 601 3773 Iesu
626 3709 754 3786 Christi,
789 3711 940 3792 quatinus
964 3721 997 3773 et
1026 3711 1079 3773 hic
1112 3711 1251 3773 fructum
1281 3711 1371 3773 bone
1403 3713 1542 3774 actionis
1572 3713 1756 3793 percipiant

72 3815 106 3866 et
130 3803 223 3884 apud
248 3801 429 3864 districtum
453 3800 595 3862 iudicem
618 3800 744 3882 premia
768 3811 878 3862 eterne
901 3801 993 3881 pacis
1017 3801 1192 3862 inveniant.
1239 3800 1359 3864 Amen.
1382 3800 1473 3862 A-m.
1496 3801 1616 3864 Amen.
1639 3837 1683 3846 -

292 3886 349 3972 (R)
372 3890 446 3970 Ego
470 3889 636 3951 Adrianus
660 3889 821 3952 catholice
845 3889 981 3952 ecclesie
1005 3890 1181 3971 episcopus
1204 3911 1245 3952 ss
1269 3890 1335 3972 (M)

291 3973 311 4060 †
334 3979 408 4060 Ego
431 3977 606 4041 Hubaldus
629 3979 814 4041 Hostiensis
838 3979 1013 4061 episcopus
1037 3999 1077 4041 ss

291 4069 312 4146 †
334 4069 407 4150 Ego
431 4067 616 4131 Bernardus
639 4068 825 4131 Portuensis
849 4077 882 4130 et
906 4079 1018 4130 sancte
1042 4067 1160 4130 Rufine
1184 4067 1360 4150 episcopus
1383 4089 1423 4131 ss.

290 4155 311 4236 †
333 4158 407 4239 Ego
431 4157 595 4222 Galterius
617 4157 818 4221 Albanensis
841 4157 1017 4239 episcopus
1040 4179 1081 4220 ss.
1105 4151 1152 4240 (1)

291 4281 334 4292 -
356 4246 377 4328 †
400 4247 473 4329 Ego
497 4247 713 4310 Ildebrandus
736 4247 898 4328 presbiter
922 4247 1094 4310 cardinalis
1118 4246 1252 4334 basilice
1275 4261 1326 4310 ΧΗ
1349 4246 1590 4330 Apostolorum
1614 4270 1655 4312 ss.

290 4371 334 4381 -
357 4334 377 4419 †
400 4337 474 4418 Ego
498 4337 576 4400 Odo
600 4337 758 4400 diaconus
781 4335 953 4399 cardinalis
976 4337 1079 4399 sancti
1103 4336 1255 4399 Nicholai
1279 4337 1312 4399 in
1335 4357 1464 4400 carcere
1487 4336 1639 4401 Tulliano
1663 4359 1703 4402 ss.

291 4424 312 4506 †
334 4426 407 4507 Ego
431 4425 569 4489 Ardicio
595 4427 752 4489 diaconus
776 4426 950 4489 cardinalis
972 4427 1076 4488 sancti
1100 4424 1268 4489 Theodori
1291 4447 1332 4489 ss.

290 4512 311 4595 i
333 4517 407 4597 Ego
431 4515 520 4578 Boso
545 4515 703 4578 diaconus
728 4515 900 4578 cardinalis
923 4526 1111 4578 sanctorum
1135 4513 1255 4578 Cosme
1279 4526 1311 4579 et
1333 4515 1487 4579 Damiani
1511 4537 1552 4579 ss.

291 4601 312 4687 †
335 4605 408 4686 Ego
432 4607 544 4669 Petrus
569 4605 727 4667 diaconus
751 4605 923 4667 cardinalis
947 4605 1051 4667 sancti
1067 4604 1235 4667 Eustachii
1260 4605 1351 4668 iuxta
1371 4605 1531 4687 templum
1546 4606 1698 4688 Agrippe
1714 4629 1755 4670 ss.

237 4693 313 4756 Dat
330 4693 492 4776 Anagnie,
516 4715 576 4776 per
599 4714 732 4756 manum
751 4693 903 4769 Rolandi,
928 4705 1040 4756 sancte
1055 4694 1206 4756 Romane
1230 4695 1365 4758 ecclesie
1389 4695 1560 4775 presbiteri
1584 4697 1756 4758 cardinalis

73 4793 106 4846 et
137 4783 334 4846 cancellarii.
388 4796 438 4846 V11
468 4785 521 4847 Kl.
554 4784 633 4847 Iulii.
679 4783 863 4847 Indictione
899 4795 957 4845 V11.
1011 4784 1246 4846 lncarnationis
1277 4783 1440 4847 dominice
1479 4805 1566 4846 anno
1597 4796 1756 4848 Mch1111.

73 4872 289 4936 Pontificatus
312 4893 390 4936 vero
416 4874 528 4936 domni
551 4873 711 4936 ADRIANI
735 4893 792 4954 pp.
816 4889 867 4934 1111
891 4893 977 4935 anno
1002 4873 1126 4954 quinto.

241 4977 283 5026 Or.
304 4977 336 5025 im
355 4977 469 5026 Archiaio
487 4978 514 5026 di
531 4977 597 5026 Siata
615 4993 644 5026 au
663 4977 786 5026 Mailand.

239 5049 310 5114 Perg.
328 5049 389 5108 irat,
407 5050 444 5099 br.
464 5051 533 5112 0,52,
553 5051 614 5115 lang
631 5053 699 5110 O,65,
718 5057 792 5098 untcn
811 5051 890 5108 0,024
908 5048 1099 5113 umgescklagen,
1119 5049 1197 5097 durch
1214 5049 1272 5098 awai
1288 5048 1383 5098 L'o'clnr
1404 5049 1466 5116 ging
1482 5049 1520 5098 die
1539 5049 1645 5110 Schnnr,
1671 5049 1757 5100 welche

74 5121 119 5169 aad
140 5121 195 5169 dem
213 5121 340 5186 Bleisiegel
361 5123 477 5170 verlarm.
513 5121 624 5188 Faltnng
645 5123 688 5170 der
705 5123 803 5170 Bullen.
840 5121 977 5186 Ringkrnn
1001 5121 1056 5168 und
1072 5121 1093 5169 E
1112 5121 1155 5169 der
1177 5120 1339 5186 blaersclrn'fl
1364 5137 1411 5169 aon
1437 5122 1567 5170 dunklerer
1591 5122 1674 5182 Dinte,
1693 5123 1761 5170 woh!

74 5193 118 5241 der
131 5193 242 5258 gleichen
260 5193 301 5241 des
318 5192 340 5240 R
358 5193 468 5242 Rolands
490 5193 516 5242 in
541 5193 584 5244 der
600 5195 732 5258 Dalirung
753 5193 811 5241 oder
827 5192 870 5241 der
886 5193 1014 5242 Dinkarnn
1034 5193 1130 5240 Ardin'a
1148 5192 1203 5240 und
1218 5193 1286 5241 Basa.
1322 5193 1370 5242 Die
1395 5193 1476 5258 ddn'gn
1497 5192 1663 5257 Unlerscdnfl
1681 5192 1760 5242 Hand

73 5264 129 5312 rard
143 5265 221 5314 Dina
238 5265 293 5329 sair
314 5263 372 5322 sict,
401 5264 538 5330 Uanrdn'st
560 5267 615 5315 und
630 5266 761 5329 Datimng
776 5279 859 5314 ausser
875 5264 898 5312 R
914 5279 962 5313 von
980 5264 1023 5312 der
1045 5263 1185 5329 alaram
1203 5265 1279 5312 Dinte
1303 5264 1343 5314 des
1359 5264 1548 5328 Hauptkdrpers.
1585 5265 1633 5313 Die
1651 5263 1755 5329 Zeugen·

67 5335 168 5401 meen,
188 5351 276 5386 messer
292 5336 391 5384 Ardicio
407 5337 463 5386 nard
478 5337 546 5396 Basa,
565 5339 621 5387 'aaa
638 5337 797 5386 rathbrauner
813 5336 889 5385 Dina
906 5337 962 5384 und
976 5335 1086 5402 aſj‘nnbar
1103 5336 1146 5384 der
1163 5335 1301 5384 ndrnlirken
1312 5336 1397 5395 Hand,
1417 5337 1476 5386 diest
1494 5336 1573 5384 fridm
1590 5351 1637 5384 van
1655 5335 1757 5384 dunkel-

71 5423 166 5474 grauer
183 5409 261 5458 Diade
284 5407 341 5456 und
361 5415 433 5458 anter
456 5407 506 5457 siclt
530 5411 649 5459 ahernrals
670 5407 776 5475 gleicher
792 5406 877 5470 Hand,
903 5423 953 5457 nur
975 5407 1019 5456 das
1036 5409 1051 5470 †
1069 5407 1180 5456 Ardicabs
1196 5407 1320 5456 theinueise
1337 5409 1382 5456 mit
1399 5408 1442 5458 der
1459 5407 1622 5459 rathbraunan
1635 5405 1754 5472 gemacht,

74 5481 185 5546 ap'mbar
206 5480 252 5528 hat
273 5479 316 5528 der
338 5488 396 5530 crde
414 5480 536 5530 Sckreiber
558 5482 597 5530 ein
613 5481 694 5530 Kreua
708 5481 763 5545 sir'r
785 5480 851 5528 dnm
869 5480 974 5528 anderen
992 5477 1122 5528 Diakanen
1140 5480 1299 5545 eingetragen,
1325 5481 1407 5529 dassen
1424 5479 1514 5530 Firma
1533 5479 1600 5528 darm
1618 5479 1675 5527 aber
1691 5479 1759 5527 nicht

67 5553 154 5618 solgte,
173 5552 280 5618 normas
293 5552 337 5602 der
352 5552 430 5602 swein
448 5552 569 5604 Schrciber
587 5552 689 5602 dasselbe
698 5553 753 5616 fiir
769 5551 867 5600 Ardicia
884 5551 1031 5600 umdnderte.

239 5733 265 5798 a)
284 5733 317 5782 ln.
338 5771 390 5778 -..
410 5738 446 5797 ,1)
465 5733 544 5800 Vergl.
562 5735 600 5783 die
622 5732 682 5782 Urk.
701 5746 755 5779 vam
777 5731 809 5778 13
829 5729 898 5794 Juni
916 5732 989 5778 1151.

129 5830 458 5882 v.1’lln3k·llsrttung,
475 5830 531 5870 Acte
545 5831 587 5870 111.
