4126 6356
322 339 382 401 132

318 507 561 574 successoribus
594 513 627 569 et
656 503 780 568 illibata
810 503 1031 584 permaneant.
1084 497 1240 560 Decimas
1268 496 1432 560 novalium
1462 503 1645 561 vestrorum
1672 499 1769 563 vobis
1797 501 1999 564 auctoritate

319 598 500 683 apostolica
528 595 768 659 confirmamus.
814 590 851 653 ln
882 587 1021 652 ecclesia
1043 607 1132 664 ver0,
1166 607 1264 668 quam
1294 588 1330 648 in
1363 586 1482 649 eodem
1513 585 1589 649 loco
1619 608 1782 652 consensu
1815 597 1851 653 et
1882 589 1998 653 favore

318 689 405 752 sedis
421 687 605 769 apostolice
628 681 810 756 edificastis,
834 697 1005 762 pauperes,
1029 678 1085 758 qui
1109 675 1170 738 illic
1192 675 1408 738 confluxerint
1430 683 1464 738 et
1486 695 1554 750 vos,
1578 680 1633 756 qui
1650 679 1692 741 ad
1709 698 1822 742 eorum
1847 678 1998 743 officium

318 778 405 842 eritis
429 777 586 858 deputati,
617 774 787 837 missarum
817 768 1001 849 solempnia
1029 774 1062 828 et
1085 765 1147 828 alia
1171 764 1280 828 officia
1302 766 1433 828 assidue
1456 765 1605 828 audiatis.
1650 767 1860 832 Parrochiam
1882 777 1997 832 autern

318 868 370 932 v-el
386 864 618 949 parrochianos
634 861 717 925 ullos
732 859 827 923 vobis
841 856 1074 935 haberenequa
1086 874 1185 935 quam
1202 856 1430 936 permittimus.
1464 852 1627 918 Omnibus
1642 853 1778 943 tam(en)
1794 856 1998 935 Christianis,

319 959 375 1037 qui
404 956 437 1018 in
467 955 537 1038 ipsa
569 950 705 1017 ecclesia
735 969 828 1013 orare
859 967 917 1009 seu
949 965 1046 1010 causa
1076 943 1259 1008 devotionis
1292 945 1462 1006 missarum
1494 943 1689 1027 sollempnia
1718 966 1776 1010 seu
1799 945 1864 1010 alia
1887 947 1998 1011 officia

320 1046 431 1109 audire
453 1041 622 1118 voluerint,
652 1040 786 1104 liberam
817 1036 1026 1100 concedimus
1057 1031 1254 1097 facultatem.
1299 1032 1463 1096 Presbiter
1485 1053 1573 1109 vero,
1604 1037 1660 1116 qui
1691 1036 1772 1098 inibi
1803 1037 1899 1100 fuerit
1933 1058 1997 1119 pro

318 1144 470 1218 tempore
502 1131 718 1206 ordinandus,
750 1126 884 1192 avobis
916 1132 949 1189 et
974 1123 1219 1186 successoribus
1242 1123 1358 1185 vestris
1383 1123 1528 1205 eligetur,
1559 1130 1592 1186 et
1615 1123 1797 1188 Mantuano
1830 1129 1997 1208 episcopo

319 1222 572 1309 presentabitur,
597 1223 661 1301 qui,
685 1226 861 1302 postquam
886 1215 981 1278 suerit
1004 1213 1032 1276 ei
1055 1219 1269 1295 presentatus,
1292 1212 1398 1293 ipsum
1415 1212 1510 1276 vobis
1529 1215 1600 1276 sine
1614 1213 1806 1278 difficultate
1821 1216 1998 1292 concedet,

319 1315 378 1378 nisi
394 1321 484 1377 certa
500 1319 533 1373 et
547 1318 661 1393 aperta
678 1327 774 1371 causa
789 1309 823 1369 in
839 1325 880 1368 eo
896 1306 947 1379 sit,
971 1321 1035 1382 que
1050 1303 1150 1365 sacris
1166 1300 1345 1365 canonibus
1361 1303 1573 1366 contradicat.
1613 1303 1766 1368 Ceterum
1786 1314 1998 1368 sacramenta

320 1403 550 1476 ecclesiastica,
581 1418 646 1479 que
676 1398 799 1462 debent
827 1395 870 1458 ab
902 1393 1069 1474 episcopis
1100 1390 1228 1474 elargiri
1252 1398 1293 1466 et,
1325 1409 1389 1470 que
1412 1390 1507 1454 vobis
1530 1400 1563 1455 et
1586 1391 1711 1456 clericis
1734 1396 1851 1457 vestris
1874 1395 1999 1458 luerint

320 1493 509 1565 necessaria,
533 1511 553 1554 a
575 1489 750 1551 diocesano
773 1483 957 1566 suscipietis
981 1483 1150 1564 episcopo,
1173 1481 1200 1542 si
1222 1488 1332 1543 tamen
1355 1477 1536 1544 catholicus
1559 1482 1655 1545 fuerit
1678 1491 1711 1546 et
1729 1485 1870 1565 gratiam
1893 1494 1999 1567 atque

321 1581 585 1646 communionem
609 1576 791 1660 apostolice
813 1573 899 1636 sedis
921 1570 1082 1647 habuerit,
1106 1589 1211 1652 eaque
1226 1571 1321 1632 vobis
1336 1571 1408 1632 sine
1423 1571 1582 1652 pravitate
1598 1579 1632 1634 et
1647 1573 1819 1636 exactione
1835 1572 1998 1637 exhibere

319 1671 468 1736 voluerit.
506 1668 665 1749 Alioquin
680 1665 776 1729 liceat
798 1663 901 1738 vobiS,
925 1659 1132 1735 catholicum,
1155 1678 1255 1739 quem
1279 1657 1465 1734 malueritis
1488 1660 1578 1724 adire
1592 1661 1776 1738 antistitem,
1801 1665 1867 1744 qui,
1883 1671 1999 1726 nostra

321 1761 418 1825 fultus
442 1759 644 1832 auctoritate,
667 1755 757 1835 quod
782 1750 972 1836 postulatur,
996 1747 1172 1830 indulgeat.
1210 1745 1266 1810 Ad
1291 1748 1444 1812 indicium
1467 1757 1577 1812 autem
1600 1752 1809 1832 prerogative
1832 1750 1929 1814 huius
1953 1754 1997 1815 ab

321 1850 506 1934 apostolica
528 1847 607 1910 sede
635 1851 791 1930 perceptp
821 1859 956 1904 censum
986 1838 1161 1902 duodecim
1193 1857 1401 1900 nummorum
1424 1837 1680 1903 Mediolanensis
1709 1843 1829 1904 veteris
1862 1849 1997 1928 monete

320 1961 380 2004 vos
404 1947 437 2002 et
458 1955 664 2002 successores
687 1935 785 1997 vestri
809 1930 904 1994 nobis
927 1929 1112 2009 nostrisque
1138 1927 1382 1990 successoribus
1406 1930 1497 1990 annis
1520 1929 1654 2010 singulis
1678 1930 1883 2011 persolvetis.
1930 1931 1997 1993 De·

322 2029 482 2093 cernimus
510 2047 598 2108 ergo,
628 2031 664 2087 ut
696 2022 774 2086 nulli
806 2019 937 2083 omnino
961 2017 1130 2080 hominum
1153 2017 1255 2092 liceat,
1287 2015 1448 2097 prelatum
1472 2016 1581 2080 locum
1605 2026 1759 2082 temere.
1784 2066 1792 2081 .
1818 2021 1998 2084 ..usibus

322 2118 518 2182 omnimodis
548 2113 732 2198 profutura,
764 2109 853 2173 salva
886 2107 972 2170 sedis
1002 2105 1186 2188 apostolice
1217 2107 1421 2169 auctoritate.
1474 2103 1510 2170 Si
1542 2127 1608 2189 qua
1639 2110 1833 2190 igitur...
1862 2108 1997 2173 Cunctis

322 2216 432 2272 autem
456 2257 462 2270 .
487 2257 493 2271 .
519 2257 525 2271 .
551 2254 557 2268 .
581 2203 754 2267 inveniant.
798 2197 920 2262 Amen.
943 2231 988 2243 -
1009 2194 1102 2259 A·m.
1124 2193 1245 2258 Amen.
1268 2229 1311 2240 -

535 2291 592 2378 (R)
616 2294 690 2374 Ego
714 2289 909 2354 Anastasius
933 2282 1095 2349 catholice
1118 2284 1256 2348 ecclesie
1279 2283 1455 2368 episcopus
1478 2303 1521 2347 ss.
1545 2283 1611 2370 (M)

534 2385 555 2464 †
577 2381 652 2464 Ego
675 2378 816 2442 Ymarus
839 2375 1042 2439 Tusculanus
1065 2377 1242 2456 episcopus
1265 2395 1306 2436 ss.
1330 2371 1402 2456 (12)

534 2507 579 2519 -
600 2472 621 2552 †
644 2469 717 2551 Ego
743 2466 918 2549 Gregorius
941 2464 1104 2546 presbiter
1127 2463 1300 2526 cardinalis
1322 2465 1371 2526 tit.
1395 2460 1514 2526 Calixti
1535 2459 1564 2544 a)
1588 2482 1630 2525 ss.

534 2563 556 2644 †
578 2559 652 2642 Ego
675 2557 865 2622 Maniredus
888 2554 1051 2638 presbiter
1073 2553 1244 2616 cardinalis
1266 2555 1316 2617 tit.
1338 2559 1450 2640 sancte
1472 2549 1594 2616 Savine
1616 2571 1658 2616 ss.

534 2653 556 2732 †
578 2650 651 2732 Ego
674 2647 846 2711 Aribertus
870 2643 1031 2726 presbiter
1053 2642 1225 2706 cardinalis
1248 2644 1297 2705 tit.
1321 2650 1433 2728 sancte
1455 2640 1631 2729 Anastasie
1654 2661 1696 2704 ss.

534 2741 555 2824 †
578 2738 651 2820 Ego
674 2735 772 2800 Iulius
795 2733 957 2817 presbiter
980 2732 1153 2796 cardinalis
1176 2733 1224 2794 tit.
1247 2732 1349 2794 sancti
1373 2729 1519 2794 Marcelli
1542 2751 1583 2794 ss.

534 2830 555 2912 †
579 2827 651 2909 Ego
674 2825 847 2889 Hubaldus
872 2823 1033 2905 presbiter
1057 2819 1229 2885 cardinalis
1253 2821 1299 2884 tit.
1322 2829 1435 2908 sancte
1458 2818 1570 2884 Crucis
1593 2821 1625 2883 in
1648 2820 1856 2884 Hierusalem
1880 2840 1922 2882 ss

534 2918 555 3000 †
578 2917 652 2998 Ego
676 2913 785 2978 Guido
808 2913 970 2996 presbiter
993 2911 1165 2974 cardinalis
1188 2913 1236 2973 tit.
1261 2911 1403 2973 Pastoris
1427 2930 1467 2972 ss
1491 2909 1542 2992 (4)

535 3007 556 3090 †
578 3006 652 3087 Ego
662 3003 822 3068 Iohannes
835 3002 996 3085 presbiter
1007 3001 1181 3063 cardinalis
1192 3007 1378 3062 sanctorum
1388 2998 1542 3064 Iohannis
1555 3006 1588 3062 et
1596 2995 1710 3085 P(auli)
1722 3000 1770 3062 tit
1781 2997 1947 3062 Pamachii
1956 3019 1997 3062 ss,

535 3093 556 3178 †
578 3096 652 3177 Ego
677 3093 814 3156 Cencius
837 3091 1000 3174 presbiter
1022 3089 1195 3154 cardinalis
1217 3089 1263 3152 tit.
1287 3091 1390 3152 sancti
1414 3089 1580 3152 Laurentii
1604 3091 1637 3152 in
1660 3089 1783 3152 Lucina
1806 3109 1847 3151 ss.

539 3219 578 3230 -
602 3183 623 3266 †
645 3184 718 3264 Ego
742 3180 820 3245 Odo
843 3181 999 3244 diaconus
1023 3179 1194 3243 cardinalis
1216 3180 1319 3241 sancti
1344 3177 1478 3260 Georgii
1501 3180 1543 3241 ad
1567 3177 1688 3242 Velum
1711 3198 1846 3242 aureum
1870 3174 1879 3262 {l
1900 3198 1947 3241 ss.

536 3275 558 3354 †
580 3271 653 3355 Ego
678 3269 785 3335 Guido
809 3271 966 3334 diaconus
988 3268 1159 3333 cardinalis
1181 3275 1292 3332 sancte
1315 3267 1420 3331 Marie
1443 3269 1475 3330 in
1498 3267 1628 3331 Porticu
1650 3288 1694 3330 ss.

536 3362 557 3444 †
579 3361 653 3443 Ego
675 3360 813 3424 Iacintus
836 3361 993 3423 diaconus
1016 3357 1186 3422 cardinalis
1209 3364 1321 3420 sancte
1345 3357 1447 3420 Marie
1469 3359 1502 3420 in
1526 3355 1719 3438 Cosmydyo
1740 3377 1784 3421 ss.

537 3451 558 3533 †
580 3449 654 3534 Ego
676 3447 838 3512 Iohannes
862 3451 1020 3512 diaconus
1043 3447 1211 3512 cardinalis
1234 3453 1422 3510 sanctorum
1445 3442 1550 3528 Sergii
1574 3453 1608 3510 et
1629 3445 1730 3509 Bachi
1752 3466 1795 3511 ss.
1820 3443 1874 3530 (ι)

538 3541 559 3620 †
581 3539 654 3623 Ego
677 3537 755 3602 Odo
778 3540 935 3602 diaconus
958 3537 1131 3601 cardinalis
1152 3537 1255 3600 sancti
1279 3534 1429 3599 Nicholai
1452 3538 1484 3598 in
1508 3555 1638 3599 carcere
1657 3534 1807 3599 Tulliano
1830 3555 1873 3600 ss.
1897 3537 1953 3616 (7)

486 3627 562 3692 Dat.
583 3629 746 3706 Laterani,
773 3649 833 3712 per
856 3649 988 3692 manum
1012 3627 1160 3704 Rolandi,
1192 3626 1364 3710 presbiteri
1387 3624 1558 3689 cardinalis
1582 3633 1615 3689 et
1637 3623 1827 3689 cancellarii.
1872 3638 1896 3686 v
1919 3625 1998 3688 Idus

326 3718 407 3781 Dec.
459 3717 642 3782 Indictione
671 3733 706 3782 11.
758 3718 992 3782 Incarnationis
1029 3718 1196 3780 dominice
1234 3735 1321 3779 anno
1352 3727 1472 3777 MCL111.
1525 3714 1736 3778 Pontificatus
1766 3735 1845 3778 vero
1883 3715 1998 3778 domni

327 3807 494 3871 Anastasii
515 3822 569 3872 1111
591 3829 647 3892 pp.
671 3828 758 3872 anno
781 3809 899 3891 primo.
922 3843 966 3852 —

489 3921 532 3973 Or.
551 3921 585 3972 im
602 3922 716 3972 Archino
733 3923 760 3972 di
776 3923 843 3972 State
860 3938 890 3970 ru
909 3919 1033 3969 Mailand.

488 3995 557 4060 Pcrg.
575 3993 635 4055 ital,
652 3995 689 4045 br.
707 3996 793 4054 0,516,
812 3997 873 4059 lang
889 3993 976 4052 0,705,
994 3997 1069 4040 unten
1087 3992 1149 4050 0,03
1166 3990 1362 4056 umgcrcklagen‚
1387 3989 1465 4039 durch
1489 3990 1547 4038 swei
1562 3989 1655 4038 lother
1675 3988 1734 4055 geht
1754 3989 1791 4038 die
1812 3987 1998 4038 bra‘rcnlr'ckrosn

326 4064 478 4132 starkscidcgc
495 4067 681 4126 Ser'denschsmr,
706 4065 777 4114 deren
795 4065 921 4130 Bleisicgel
939 4065 1054 4112 uerlorm.
1090 4062 1199 4128 Falrung
1215 4063 1258 4112 der
1274 4063 1372 4112 Bullm.
1409 4062 1546 4127 Ringkrcua
1563 4062 1619 4110 und
1637 4061 1800 4126 Untcrschnst
1813 4060 1904 4125 glcicke
1920 4061 2002 4109 Hand

328 4139 383 4186 und
397 4137 479 4186 Dintc.
510 4137 558 4186 Dic
579 4137 715 4202 Umschnft
730 4137 789 4202 sergi
805 4137 842 4186 die
859 4137 944 4185 hellere
957 4151 1035 4200 graece
1052 4134 1128 4183 Dinlc
1145 4137 1190 4183 mit
1205 4136 1249 4183 der
1265 4133 1302 4182 die
1320 4133 1449 4198 Datimng
1465 4123 1616 4198 ausgejr'c'brt,
1641 4133 1667 4180 ἑκ
1684 4133 1770 4180 welche
1788 4133 1834 4180 das
1849 4133 1874 4180 R
1890 4132 2000 4180 Rolandr

328 4209 374 4259 mit
389 4209 518 4258 dunklerer
533 4209 689 4274 eingetragcn.
721 4209 901 4274 ngcnfimcn
919 4205 1042 4256 theilwer'sc
1057 4221 1105 4254 vm
1122 4205 1299 4256 verschc'cdener
1315 4205 1396 4254 Hand
1409 4205 1465 4253 und
1480 4206 1571 4265 Dinte,·
1588 4205 1646 4254 brim
1664 4203 1792 4253 Drickmm
1814 4203 1894 4252 Gur‘cio
1911 4204 2001 4252 senaar

328 4285 343 4346 †
361 4281 418 4344 Ego
435 4295 482 4330 von
499 4280 543 4330 der
558 4280 660 4330 hellerm
679 4281 762 4341 Dintc,
787 4279 832 4328 mat
847 4279 891 4328 der
908 4279 945 4328 dic
961 4278 1173 4328 dantberstclcmdc
1190 4279 1279 4328 Fima
1300 4275 1364 4326 Odor
1381 4276 1536 4342 ausgefithrt,
1559 4277 1707 4342 cingctragen
1724 4291 1754 4324 au
1771 4275 1830 4336 scin,
1854 4275 1900 4324 das
1917 4275 1999 4341 iibrigc

327 4352 387 4418 negt
402 4359 476 4402 awos
493 4351 615 4402 dunklcrc.

1069 4633 1136 4707 Nr.
1164 4633 1249 4707 125.

330 4764 557 4873 'sAndstasius
573 4785 632 4852 IV
650 4785 800 4869 bestcitigt
819 4785 892 4848 dem
914 4784 1029 4848 Rector
1051 4783 1166 4848 Rc'cz'us
1188 4782 1243 4846 dic
1270 4781 1506 4846 Besitatlrcimcr
1525 4781 1637 4845 scc'ner
1659 4779 1795 4860 Kirclcc,
1825 4779 1947 4844 welche
1966 4800 2001 4844 er

850 4875 884 4938 in
906 4873 1134 4956 apostolisclren
1155 4871 1273 4938 Schuta
1295 4873 1470 4952 m'mmt1).

903 4991 988 5053 1153
1002 4987 1177 5053 December
1190 4991 1244 5052 20.
1274 4988 1424 5051 Lateran.

490 5109 684 5172 Anastasius
708 5109 892 5191 episcopus,
921 5125 1032 5169 servus
1056 5125 1222 5168 servorum
1246 5103 1313 5179 dei,
1343 5102 1464 5166 dilecto
1488 5101 1556 5165 filio
1579 5102 1682 5178 Ricio‚
1713 5103 1833 5164 rectori
1864 5102 1998 5190 ecclesie

331 5201 434 5264 sancti
457 5197 569 5263 Iacobi
593 5199 635 5261 de
658 5197 796 5274 Almir0,
821 5198 957 5276 eiusque
978 5195 1221 5258 successoribus
1245 5195 1400 5256 canonice
1423 5193 1665 5274 promovendis,
1688 5205 1727 5253 ΙΝ
1750 5203 1828 5254 ΡΡΜ.
1852 5227 1899 5238 -
1918 5190 1923 5274 Ι
1945 5191 1997 5254 Pie

332 5289 511 5374 postulatio
540 5287 716 5351 voluntatis
747 5285 865 5350 effectu
895 5285 996 5348 debet
1028 5291 1249 5366 prosequente
1281 5281 1456 5363 compleri,
1493 5287 1529 5342 ut
1559 5280 1661 5344 fidelis
1692 5280 1827 5342 devotio
1860 5281 1998 5344 celerem

331 5382 485 5444 sortiatur
505 5378 665 5441 eflectum.
704 5377 898 5458 Eapropter,
920 5374 1037 5437 dilecte
1052 5375 1084 5435 in
1101 5374 1235 5436 domino
1252 5370 1302 5444 fili,
1318 5373 1381 5434 tuis
1402 5366 1406 5453 Ι
1426 5372 1517 5432 iustis
1533 5368 1807 5454 postulationibus
1824 5368 1999 5433 clementer

332 5471 502 5534 annuimus
526 5475 560 5531 et
582 5466 743 5550 prefatam
768 5464 939 5528 ecclesiam
954 5463 1056 5526 sancti
1070 5462 1192 5538 Iacobi,
1215 5464 1249 5525 in
1266 5481 1330 5543 qua
1346 5460 1461 5524 divinis
1477 5457 1617 5523 cultibus
1631 5458 1773 5521 nosceris
1790 5460 1998 5542 mancipatus,

491 5663 516 5728 a)
536 5663 648 5714 Calirsti.
666 5699 719 5706 ..-
737 5659 773 5726 .1)
803 5653 886 5724 Jaffc',
913 5659 970 5723 Reg.
991 5660 1090 5717 6746⁸,·
1118 5657 1148 5708 G.
1173 5657 1284 5715 Mitllcr,
1304 5654 1450 5708 Dommenri
1471 5656 1531 5709 delle
1553 5652 1609 5708 rittt
1631 5653 1735 5704 Tosccne
1751 5659 1780 5720 p.
1799 5653 1825 5704 ὅ.
1862 5653 1933 5704 Dcch
1956 5660 2001 5706 ers!

333 5735 385 5790 tier
401 5736 443 5790 der
459 5733 594 5799 Nachweis,
613 5735 670 5786 dass
688 5731 725 5784 dic
746 5730 862 5782 Urkrmdc
878 5745 930 5782 nur
946 5731 985 5781 als
1005 5729 1178 5796 orig-Nacti.
1196 5728 1310 5780 erhallen.
