<?xml version="1.0" encoding="UTF-8"?>
<!DOCTYPE html PUBLIC "-//W3C//DTD XHTML 1.0 Transitional//EN"
    "http://www.w3.org/TR/xhtml1/DTD/xhtml1-transitional.dtd">
<html xmlns="http://www.w3.org/1999/xhtml" xml:lang="en" lang="en">
 <head>
  <title>
</title>
<meta http-equiv="Content-Type" content="text/html;charset=utf-8" />
  <meta name='ocr-system' content='tesseract 3.04.00' />
  <meta name='ocr-capabilities' content='ocr_page ocr_carea ocr_par ocr_line ocrx_word'/>
</head>
<body>
  <div class='ocr_page' id='page_1' title='image "./actapontificumr00hargoog_0217.png"; bbox 0 0 4142 6366; ppageno 0'>
   <div class='ocr_carea' id='block_1_1' title="bbox 1694 343 1755 410">
    <p class='ocr_par' dir='ltr' id='par_1_1' title="bbox 1694 343 1755 410">
     <span class='ocr_line' id='line_1_1' title="bbox 1694 343 1755 410; baseline 0.033 -18"><span class='ocrx_word' id='word_1_1' title='bbox 1694 343 1755 410; x_wconf 81' lang='lat'>205</span> 
     </span>
    </p>
   </div>
   <div class='ocr_carea' id='block_1_2' title="bbox 82 508 1764 2649">
    <p class='ocr_par' dir='ltr' id='par_1_2' title="bbox 83 508 1764 1383">
     <span class='ocr_line' id='line_1_2' title="bbox 86 508 1764 597; baseline 0.004 -22"><span class='ocrx_word' id='word_1_2' title='bbox 86 512 150 576; x_wconf 90' lang='lat' dir='ltr'>eius</span> <span class='ocrx_word' id='word_1_3' title='bbox 173 509 272 573; x_wconf 91' lang='lat' dir='ltr'>rebus</span> <span class='ocrx_word' id='word_1_4' title='bbox 294 516 496 591; x_wconf 88' lang='lat' dir='ltr'>potestatem</span> <span class='ocrx_word' id='word_1_5' title='bbox 519 526 680 572; x_wconf 88' lang='lat' dir='ltr'>exercere.</span> <span class='ocrx_word' id='word_1_6' title='bbox 726 508 816 572; x_wconf 89' lang='lat' dir='ltr'>Nulli</span> <span class='ocrx_word' id='word_1_7' title='bbox 839 518 949 574; x_wconf 92' lang='lat' dir='ltr'>autem</span> <span class='ocrx_word' id='word_1_8' title='bbox 972 511 1159 574; x_wconf 83' lang='lat' dir='ltr'>mortalium</span> <span class='ocrx_word' id='word_1_9' title='bbox 1191 511 1326 576; x_wconf 83' lang='lat' dir='ltr'>facultas</span> <span class='ocrx_word' id='word_1_10' title='bbox 1358 515 1408 590; x_wconf 88' lang='lat' dir='ltr'>sit,</span> <span class='ocrx_word' id='word_1_11' title='bbox 1442 523 1552 597; x_wconf 91' lang='lat' dir='ltr'>preter</span> <span class='ocrx_word' id='word_1_12' title='bbox 1575 517 1706 582; x_wconf 90' lang='lat' dir='ltr'>abbatis</span> <span class='ocrx_word' id='word_1_13' title='bbox 1730 529 1764 583; x_wconf 92' lang='lat' dir='ltr'>et</span> 
     </span>
     <span class='ocr_line' id='line_1_3' title="bbox 85 597 1762 690; baseline 0.004 -25"><span class='ocrx_word' id='word_1_14' title='bbox 85 603 216 666; x_wconf 76' lang='lat' dir='ltr'><strong>fratrum</strong></span> <span class='ocrx_word' id='word_1_15' title='bbox 247 598 437 662; x_wconf 90' lang='lat' dir='ltr'>monasterii</span> <span class='ocrx_word' id='word_1_16' title='bbox 467 598 671 661; x_wconf 90' lang='lat' dir='ltr'>voluntatem</span> <span class='ocrx_word' id='word_1_17' title='bbox 703 597 841 662; x_wconf 89' lang='lat' dir='ltr'>colonos</span> <span class='ocrx_word' id='word_1_18' title='bbox 872 619 928 663; x_wconf 90' lang='lat' dir='ltr'>seu</span> <span class='ocrx_word' id='word_1_19' title='bbox 958 600 1111 676; x_wconf 86' lang='lat' dir='ltr'><strong>villanos,</strong></span> <span class='ocrx_word' id='word_1_20' title='bbox 1144 601 1283 664; x_wconf 89' lang='lat' dir='ltr'>famulos</span> <span class='ocrx_word' id='word_1_21' title='bbox 1313 613 1368 665; x_wconf 91' lang='lat' dir='ltr'>aut</span> <span class='ocrx_word' id='word_1_22' title='bbox 1392 603 1547 682; x_wconf 87' lang='lat' dir='ltr'>famulas,</span> <span class='ocrx_word' id='word_1_23' title='bbox 1579 607 1621 670; x_wconf 94' lang='lat' dir='ltr'>ad</span> <span class='ocrx_word' id='word_1_24' title='bbox 1653 607 1762 690; x_wconf 88' lang='lat' dir='ltr'>ipsum</span> 
     </span>
     <span class='ocr_line' id='line_1_4' title="bbox 85 688 1762 778; baseline 0.004 -23"><span class='ocrx_word' id='word_1_25' title='bbox 85 689 317 755; x_wconf 91' lang='lat' dir='ltr'>monasterium</span> <span class='ocrx_word' id='word_1_26' title='bbox 339 688 554 770; x_wconf 87' lang='lat' dir='ltr'>pertinentes,</span> <span class='ocrx_word' id='word_1_27' title='bbox 590 697 646 750; x_wconf 93' lang='lat' dir='ltr'>aut</span> <span class='ocrx_word' id='word_1_28' title='bbox 669 688 711 750; x_wconf 90' lang='lat' dir='ltr'>de</span> <span class='ocrx_word' id='word_1_29' title='bbox 735 688 832 764; x_wconf 73' lang='lat' dir='ltr'>cellis</span> <span class='ocrx_word' id='word_1_30' title='bbox 863 690 955 766; x_wconf 88' lang='lat' dir='ltr'>villis,</span> <span class='ocrx_word' id='word_1_31' title='bbox 988 691 1100 752; x_wconf 91' lang='lat' dir='ltr'>castris</span> <span class='ocrx_word' id='word_1_32' title='bbox 1131 710 1187 753; x_wconf 92' lang='lat' dir='ltr'>seu</span> <span class='ocrx_word' id='word_1_33' title='bbox 1219 691 1372 773; x_wconf 87' lang='lat' dir='ltr'>plebibus</span> <span class='ocrx_word' id='word_1_34' title='bbox 1405 693 1535 757; x_wconf 92' lang='lat' dir='ltr'>fodrum</span> <span class='ocrx_word' id='word_1_35' title='bbox 1566 707 1762 778; x_wconf 90' lang='lat' dir='ltr'>extorquere</span> 
     </span>
     <span class='ocr_line' id='line_1_5' title="bbox 85 776 1763 864; baseline 0.004 -20"><span class='ocrx_word' id='word_1_36' title='bbox 85 791 136 844; x_wconf 91' lang='lat' dir='ltr'>aut</span> <span class='ocrx_word' id='word_1_37' title='bbox 160 780 241 844; x_wconf 90' lang='lat' dir='ltr'>alias</span> <span class='ocrx_word' id='word_1_38' title='bbox 265 778 456 841; x_wconf 85' lang='lat' dir='ltr'>exactiones</span> <span class='ocrx_word' id='word_1_39' title='bbox 480 776 605 852; x_wconf 87' lang='lat' dir='ltr'>inferre,</span> <span class='ocrx_word' id='word_1_40' title='bbox 629 778 687 839; x_wconf 93' lang='lat' dir='ltr'>sed</span> <span class='ocrx_word' id='word_1_41' title='bbox 711 797 843 859; x_wconf 89' lang='lat' dir='ltr'>semper</span> <span class='ocrx_word' id='word_1_42' title='bbox 865 779 1045 864; x_wconf 73' lang='lat' dir='ltr'>apostolice</span> <span class='ocrx_word' id='word_1_43' title='bbox 1069 779 1156 842; x_wconf 91' lang='lat' dir='ltr'>sedis</span> <span class='ocrx_word' id='word_1_44' title='bbox 1172 780 1310 844; x_wconf 90' lang='lat' dir='ltr'>tuitione</span> <span class='ocrx_word' id='word_1_45' title='bbox 1327 781 1503 845; x_wconf 85' lang='lat' dir='ltr'>foveamini</span> <span class='ocrx_word' id='word_1_46' title='bbox 1527 794 1569 861; x_wconf 89' lang='lat' dir='ltr'>et,</span> <span class='ocrx_word' id='word_1_47' title='bbox 1585 787 1613 848; x_wconf 92' lang='lat' dir='ltr'>si</span> <span class='ocrx_word' id='word_1_48' title='bbox 1629 806 1763 850; x_wconf 88' lang='lat' dir='ltr'>necesse</span> 
     </span>
     <span class='ocr_line' id='line_1_6' title="bbox 84 866 1761 956; baseline 0.002 -22"><span class='ocrx_word' id='word_1_49' title='bbox 84 871 192 946; x_wconf 91' lang='lat' dir='ltr'>fuerit,</span> <span class='ocrx_word' id='word_1_50' title='bbox 227 867 394 954; x_wconf 69' lang='lat' dir='ltr'>audientie</span> <span class='ocrx_word' id='word_1_51' title='bbox 426 866 673 929; x_wconf 85' lang='lat' dir='ltr'>conservemini.</span> <span class='ocrx_word' id='word_1_52' title='bbox 726 868 942 930; x_wconf 89' lang='lat' dir='ltr'>Decemimus</span> <span class='ocrx_word' id='word_1_53' title='bbox 973 888 1068 949; x_wconf 88' lang='lat' dir='ltr'>ergo,</span> <span class='ocrx_word' id='word_1_54' title='bbox 1101 878 1136 931; x_wconf 92' lang='lat' dir='ltr'>ut</span> <span class='ocrx_word' id='word_1_55' title='bbox 1168 868 1246 931; x_wconf 93' lang='lat' dir='ltr'>nulli</span> <span class='ocrx_word' id='word_1_56' title='bbox 1279 871 1415 934; x_wconf 92' lang='lat' dir='ltr'>omnino</span> <span class='ocrx_word' id='word_1_57' title='bbox 1447 873 1559 950; x_wconf 91' lang='lat' dir='ltr'>liceat,</span> <span class='ocrx_word' id='word_1_58' title='bbox 1599 875 1761 956; x_wconf 89' lang='lat' dir='ltr'>prefatum</span> 
     </span>
     <span class='ocr_line' id='line_1_7' title="bbox 84 956 1763 1048; baseline 0.002 -24"><span class='ocrx_word' id='word_1_59' title='bbox 84 959 316 1024; x_wconf 88' lang='lat' dir='ltr'>monasterium</span> <span class='ocrx_word' id='word_1_60' title='bbox 340 1004 347 1018; x_wconf 96' lang='lat'>.</span> <span class='ocrx_word' id='word_1_61' title='bbox 370 1002 378 1017; x_wconf 89' lang='lat'>.</span> <span class='ocrx_word' id='word_1_62' title='bbox 404 1005 410 1018; x_wconf 95' lang='lat'>.</span> <span class='ocrx_word' id='word_1_63' title='bbox 434 956 546 1019; x_wconf 91' lang='lat' dir='ltr'>usibus</span> <span class='ocrx_word' id='word_1_64' title='bbox 570 956 770 1019; x_wconf 90' lang='lat' dir='ltr'>omnimodis</span> <span class='ocrx_word' id='word_1_65' title='bbox 786 956 965 1039; x_wconf 82' lang='lat' dir='ltr'>profutura,</span> <span class='ocrx_word' id='word_1_66' title='bbox 989 957 1079 1020; x_wconf 90' lang='lat' dir='ltr'>salva</span> <span class='ocrx_word' id='word_1_67' title='bbox 1094 958 1182 1021; x_wconf 91' lang='lat' dir='ltr'>sedis</span> <span class='ocrx_word' id='word_1_68' title='bbox 1197 960 1379 1048; x_wconf 71' lang='lat' dir='ltr'>apostolice</span> <span class='ocrx_word' id='word_1_69' title='bbox 1396 963 1598 1026; x_wconf 91' lang='lat' dir='ltr'>auctoritate.</span> <span class='ocrx_word' id='word_1_70' title='bbox 1636 961 1672 1026; x_wconf 92' lang='lat' dir='ltr'>Si</span> <span class='ocrx_word' id='word_1_71' title='bbox 1697 985 1763 1046; x_wconf 92' lang='lat' dir='ltr'>qua</span> 
     </span>
     <span class='ocr_line' id='line_1_8' title="bbox 84 1046 1762 1133; baseline 0.002 -19"><span class='ocrx_word' id='word_1_72' title='bbox 84 1052 114 1114; x_wconf 90' lang='lat' dir='ltr'>in</span> <span class='ocrx_word' id='word_1_73' title='bbox 137 1050 282 1114; x_wconf 90' lang='lat' dir='ltr'>futurum</span> <span class='ocrx_word' id='word_1_74' title='bbox 305 1046 526 1109; x_wconf 89' lang='lat' dir='ltr'>ecclesiastica</span> <span class='ocrx_word' id='word_1_75' title='bbox 548 1046 743 1109; x_wconf 87' lang='lat' dir='ltr'>secularisve</span> <span class='ocrx_word' id='word_1_76' title='bbox 765 1066 915 1128; x_wconf 88' lang='lat' dir='ltr'>persona,</span> <span class='ocrx_word' id='word_1_77' title='bbox 945 1047 1031 1109; x_wconf 92' lang='lat' dir='ltr'>hanc</span> <span class='ocrx_word' id='word_1_78' title='bbox 1054 1055 1166 1131; x_wconf 73' lang='lat' dir='ltr'>nostre</span> <span class='ocrx_word' id='word_1_79' title='bbox 1189 1049 1431 1113; x_wconf 85' lang='lat' dir='ltr'>constitutionis</span> <span class='ocrx_word' id='word_1_80' title='bbox 1461 1053 1617 1133; x_wconf 85' lang='lat' dir='ltr'>paginam</span> <span class='ocrx_word' id='word_1_81' title='bbox 1646 1055 1762 1130; x_wconf 68' lang='lat' dir='ltr'>sciens</span> 
     </span>
     <span class='ocr_line' id='line_1_9' title="bbox 83 1135 1763 1224; baseline 0.001 -20"><span class='ocrx_word' id='word_1_82' title='bbox 83 1150 196 1204; x_wconf 92' lang='lat' dir='ltr'>contra</span> <span class='ocrx_word' id='word_1_83' title='bbox 220 1157 294 1200; x_wconf 91' lang='lat' dir='ltr'>eam</span> <span class='ocrx_word' id='word_1_84' title='bbox 317 1147 440 1199; x_wconf 90' lang='lat' dir='ltr'>temere</span> <span class='ocrx_word' id='word_1_85' title='bbox 462 1135 574 1197; x_wconf 92' lang='lat' dir='ltr'>venire</span> <span class='ocrx_word' id='word_1_86' title='bbox 596 1135 779 1210; x_wconf 90' lang='lat' dir='ltr'>tentaverit,</span> <span class='ocrx_word' id='word_1_87' title='bbox 811 1136 957 1198; x_wconf 91' lang='lat' dir='ltr'>secundo</span> <span class='ocrx_word' id='word_1_88' title='bbox 980 1136 1120 1199; x_wconf 90' lang='lat' dir='ltr'>tertiove</span> <span class='ocrx_word' id='word_1_89' title='bbox 1144 1140 1355 1213; x_wconf 90' lang='lat' dir='ltr'>commonita,</span> <span class='ocrx_word' id='word_1_90' title='bbox 1389 1141 1449 1202; x_wconf 94' lang='lat' dir='ltr'>nisi</span> <span class='ocrx_word' id='word_1_91' title='bbox 1480 1143 1763 1224; x_wconf 92' lang='lat' dir='ltr'>presumptionem</span> 
     </span>
     <span class='ocr_line' id='line_1_10' title="bbox 83 1224 1762 1310; baseline 0 -16"><span class='ocrx_word' id='word_1_92' title='bbox 83 1249 171 1294; x_wconf 90' lang='lat' dir='ltr'>suam</span> <span class='ocrx_word' id='word_1_93' title='bbox 196 1229 299 1310; x_wconf 88' lang='lat' dir='ltr'>digna</span> <span class='ocrx_word' id='word_1_94' title='bbox 320 1224 545 1288; x_wconf 80' lang='lat' dir='ltr'>satisfactione</span> <span class='ocrx_word' id='word_1_95' title='bbox 569 1225 754 1302; x_wconf 89' lang='lat' dir='ltr'>correxerit,</span> <span class='ocrx_word' id='word_1_96' title='bbox 779 1225 954 1307; x_wconf 89' lang='lat' dir='ltr'>potestatis</span> <span class='ocrx_word' id='word_1_97' title='bbox 971 1272 978 1287; x_wconf 93' lang='lat'>.</span> <span class='ocrx_word' id='word_1_98' title='bbox 995 1272 1001 1285; x_wconf 98' lang='lat'>.</span> <span class='ocrx_word' id='word_1_99' title='bbox 1019 1273 1026 1287; x_wconf 92' lang='lat'>.</span> <span class='ocrx_word' id='word_1_100' title='bbox 1051 1225 1184 1289; x_wconf 92' lang='lat' dir='ltr'>Cunctis</span> <span class='ocrx_word' id='word_1_101' title='bbox 1208 1238 1317 1290; x_wconf 89' lang='lat' dir='ltr'>autem</span> <span class='ocrx_word' id='word_1_102' title='bbox 1334 1227 1440 1292; x_wconf 90' lang='lat' dir='ltr'>eidem</span> <span class='ocrx_word' id='word_1_103' title='bbox 1457 1229 1533 1292; x_wconf 91' lang='lat' dir='ltr'>loco</span> <span class='ocrx_word' id='word_1_104' title='bbox 1548 1251 1607 1294; x_wconf 90' lang='lat' dir='ltr'>sua</span> <span class='ocrx_word' id='word_1_105' title='bbox 1624 1232 1714 1295; x_wconf 89' lang='lat' dir='ltr'>iura.</span> <span class='ocrx_word' id='word_1_106' title='bbox 1731 1281 1737 1295; x_wconf 94' lang='lat'>.</span> <span class='ocrx_word' id='word_1_107' title='bbox 1754 1279 1762 1295; x_wconf 91' lang='lat'>.</span> 
     </span>
     <span class='ocr_line' id='line_1_11' title="bbox 84 1315 423 1383; baseline -0.021 0"><span class='ocrx_word' id='word_1_108' title='bbox 84 1319 257 1383; x_wconf 90' lang='lat' dir='ltr'>inveniant.</span> <span class='ocrx_word' id='word_1_109' title='bbox 303 1315 423 1378; x_wconf 93' lang='lat' dir='ltr'>Amen.</span> 
     </span>
    </p>

    <p class='ocr_par' dir='ltr' id='par_1_3' title="bbox 296 1400 1356 1491">
     <span class='ocr_line' id='line_1_12' title="bbox 296 1400 1356 1491; baseline 0.003 -25"><span class='ocrx_word' id='word_1_110' title='bbox 296 1400 351 1489; x_wconf 84' lang='lat' dir='ltr'>(R)</span> <span class='ocrx_word' id='word_1_111' title='bbox 373 1405 447 1486; x_wconf 89' lang='lat' dir='ltr'>Ego</span> <span class='ocrx_word' id='word_1_112' title='bbox 470 1401 665 1466; x_wconf 87' lang='lat' dir='ltr'>Alexander</span> <span class='ocrx_word' id='word_1_113' title='bbox 686 1404 847 1491; x_wconf 70' lang='lat' dir='ltr'>catholice</span> <span class='ocrx_word' id='word_1_114' title='bbox 870 1401 1007 1466; x_wconf 91' lang='lat' dir='ltr'>ecclesie</span> <span class='ocrx_word' id='word_1_115' title='bbox 1031 1405 1207 1486; x_wconf 92' lang='lat' dir='ltr'>episcopus</span> <span class='ocrx_word' id='word_1_116' title='bbox 1230 1426 1270 1468; x_wconf 91' lang='lat' dir='ltr'>ss.</span> <span class='ocrx_word' id='word_1_117' title='bbox 1294 1402 1356 1490; x_wconf 82' lang='lat' dir='ltr'>(M)</span> 
     </span>
    </p>

    <p class='ocr_par' dir='ltr' id='par_1_4' title="bbox 296 1491 1084 1576">
     <span class='ocr_line' id='line_1_13' title="bbox 296 1491 1084 1576; baseline -0.003 -20"><span class='ocrx_word' id='word_1_118' title='bbox 296 1491 318 1576; x_wconf 91' lang='lat'>†</span> <span class='ocrx_word' id='word_1_119' title='bbox 340 1493 414 1576; x_wconf 89' lang='lat' dir='ltr'>Ego</span> <span class='ocrx_word' id='word_1_120' title='bbox 438 1491 613 1555; x_wconf 91' lang='lat' dir='ltr'>Hubaldus</span> <span class='ocrx_word' id='word_1_121' title='bbox 636 1493 822 1556; x_wconf 90' lang='lat' dir='ltr'>Hostiensis</span> <span class='ocrx_word' id='word_1_122' title='bbox 845 1495 1021 1575; x_wconf 90' lang='lat' dir='ltr'>episcopus</span> <span class='ocrx_word' id='word_1_123' title='bbox 1043 1513 1084 1556; x_wconf 90' lang='lat' dir='ltr'>ss.</span> 
     </span>
    </p>

    <p class='ocr_par' dir='ltr' id='par_1_5' title="bbox 294 1579 1479 1667">
     <span class='ocr_line' id='line_1_14' title="bbox 294 1579 1479 1667; baseline 0.003 -22"><span class='ocrx_word' id='word_1_124' title='bbox 294 1585 316 1659; x_wconf 90' lang='lat'><em>†</em></span> <span class='ocrx_word' id='word_1_125' title='bbox 339 1581 412 1664; x_wconf 89' lang='lat' dir='ltr'>Ego</span> <span class='ocrx_word' id='word_1_126' title='bbox 436 1582 622 1645; x_wconf 91' lang='lat' dir='ltr'>Bernardus</span> <span class='ocrx_word' id='word_1_127' title='bbox 645 1581 833 1645; x_wconf 90' lang='lat' dir='ltr'>Portuensis</span> <span class='ocrx_word' id='word_1_128' title='bbox 857 1591 891 1646; x_wconf 88' lang='lat' dir='ltr'>et</span> <span class='ocrx_word' id='word_1_129' title='bbox 909 1579 939 1666; x_wconf 78' lang='lat'>⁸)</span> <span class='ocrx_word' id='word_1_130' title='bbox 962 1593 1075 1646; x_wconf 88' lang='lat' dir='ltr'>sancte</span> <span class='ocrx_word' id='word_1_131' title='bbox 1098 1581 1216 1646; x_wconf 86' lang='lat' dir='ltr'>Rufine</span> <span class='ocrx_word' id='word_1_132' title='bbox 1240 1585 1416 1667; x_wconf 92' lang='lat' dir='ltr'>episcopus</span> <span class='ocrx_word' id='word_1_133' title='bbox 1438 1607 1479 1648; x_wconf 93' lang='lat' dir='ltr'>ss.</span> 
     </span>
    </p>

    <p class='ocr_par' dir='ltr' id='par_1_6' title="bbox 295 1670 1659 1754">
     <span class='ocr_line' id='line_1_15' title="bbox 295 1670 1659 1754; baseline 0.002 -18"><span class='ocrx_word' id='word_1_134' title='bbox 295 1675 318 1752; x_wconf 95' lang='lat'><em>†</em></span> <span class='ocrx_word' id='word_1_135' title='bbox 339 1673 413 1754; x_wconf 87' lang='lat' dir='ltr'>Ego</span> <span class='ocrx_word' id='word_1_136' title='bbox 437 1670 613 1734; x_wconf 91' lang='lat' dir='ltr'>Hubaldus</span> <span class='ocrx_word' id='word_1_137' title='bbox 636 1672 800 1753; x_wconf 89' lang='lat' dir='ltr'>presbiter</span> <span class='ocrx_word' id='word_1_138' title='bbox 822 1672 995 1735; x_wconf 90' lang='lat' dir='ltr'>cardinalis</span> <span class='ocrx_word' id='word_1_139' title='bbox 1018 1673 1065 1735; x_wconf 83' lang='lat' dir='ltr'>tit.</span> <span class='ocrx_word' id='word_1_140' title='bbox 1089 1680 1203 1735; x_wconf 90' lang='lat' dir='ltr'>sancte</span> <span class='ocrx_word' id='word_1_141' title='bbox 1227 1671 1339 1736; x_wconf 89' lang='lat' dir='ltr'>Crucis</span> <span class='ocrx_word' id='word_1_142' title='bbox 1363 1675 1395 1738; x_wconf 94' lang='lat' dir='ltr'>in</span> <span class='ocrx_word' id='word_1_143' title='bbox 1419 1675 1594 1738; x_wconf 89' lang='lat' dir='ltr'>Ierusalem</span> <span class='ocrx_word' id='word_1_144' title='bbox 1618 1697 1659 1739; x_wconf 95' lang='lat' dir='ltr'>ss.</span> 
     </span>
    </p>

    <p class='ocr_par' dir='ltr' id='par_1_7' title="bbox 296 1760 1380 1844">
     <span class='ocr_line' id='line_1_16' title="bbox 296 1760 1380 1844; baseline 0.001 -19"><span class='ocrx_word' id='word_1_145' title='bbox 296 1764 318 1840; x_wconf 89' lang='lat'>†</span> <span class='ocrx_word' id='word_1_146' title='bbox 340 1763 414 1844; x_wconf 89' lang='lat' dir='ltr'>Ego</span> <span class='ocrx_word' id='word_1_147' title='bbox 437 1761 596 1824; x_wconf 89' lang='lat' dir='ltr'>Astaldus</span> <span class='ocrx_word' id='word_1_148' title='bbox 620 1760 783 1844; x_wconf 85' lang='lat' dir='ltr'>presbiter</span> <span class='ocrx_word' id='word_1_149' title='bbox 805 1762 979 1825; x_wconf 90' lang='lat' dir='ltr'>cardinalis</span> <span class='ocrx_word' id='word_1_150' title='bbox 1002 1762 1049 1825; x_wconf 82' lang='lat' dir='ltr'>tir.</span> <span class='ocrx_word' id='word_1_151' title='bbox 1074 1771 1187 1824; x_wconf 92' lang='lat' dir='ltr'>sancte</span> <span class='ocrx_word' id='word_1_152' title='bbox 1208 1763 1317 1826; x_wconf 88' lang='lat' dir='ltr'>Prisce</span> <span class='ocrx_word' id='word_1_153' title='bbox 1339 1784 1380 1826; x_wconf 82' lang='lat' dir='ltr'>ss</span> 
     </span>
    </p>

    <p class='ocr_par' dir='ltr' id='par_1_8' title="bbox 296 1849 1456 1940">
     <span class='ocr_line' id='line_1_17' title="bbox 296 1849 1456 1940; baseline 0.005 -28"><span class='ocrx_word' id='word_1_154' title='bbox 296 1849 318 1934; x_wconf 85' lang='lat'><strong>†</strong></span> <span class='ocrx_word' id='word_1_155' title='bbox 342 1849 415 1932; x_wconf 87' lang='lat' dir='ltr'>Ego</span> <span class='ocrx_word' id='word_1_156' title='bbox 439 1850 603 1913; x_wconf 90' lang='lat' dir='ltr'>Iohannes</span> <span class='ocrx_word' id='word_1_157' title='bbox 626 1852 789 1932; x_wconf 88' lang='lat' dir='ltr'>presbiter</span> <span class='ocrx_word' id='word_1_158' title='bbox 812 1851 985 1914; x_wconf 91' lang='lat' dir='ltr'>cardinalis</span> <span class='ocrx_word' id='word_1_159' title='bbox 1009 1852 1056 1914; x_wconf 92' lang='lat' dir='ltr'>tit.</span> <span class='ocrx_word' id='word_1_160' title='bbox 1080 1861 1193 1914; x_wconf 90' lang='lat' dir='ltr'>sancte</span> <span class='ocrx_word' id='word_1_161' title='bbox 1216 1851 1392 1940; x_wconf 73' lang='lat' dir='ltr'>Anastasie</span> <span class='ocrx_word' id='word_1_162' title='bbox 1415 1876 1456 1918; x_wconf 84' lang='lat' dir='ltr'>ss</span> 
     </span>
    </p>

    <p class='ocr_par' dir='ltr' id='par_1_9' title="bbox 295 1939 1636 2023">
     <span class='ocr_line' id='line_1_18' title="bbox 295 1939 1636 2023; baseline 0.004 -21"><span class='ocrx_word' id='word_1_163' title='bbox 295 1940 317 2020; x_wconf 87' lang='lat'><strong>†</strong></span> <span class='ocrx_word' id='word_1_164' title='bbox 338 1942 413 2023; x_wconf 89' lang='lat' dir='ltr'>Ego</span> <span class='ocrx_word' id='word_1_165' title='bbox 437 1940 539 2003; x_wconf 93' lang='lat' dir='ltr'>Oddo</span> <span class='ocrx_word' id='word_1_166' title='bbox 565 1940 722 2002; x_wconf 92' lang='lat' dir='ltr'>diaconus</span> <span class='ocrx_word' id='word_1_167' title='bbox 746 1941 920 2003; x_wconf 90' lang='lat' dir='ltr'>cardinalis</span> <span class='ocrx_word' id='word_1_168' title='bbox 942 1942 1046 2003; x_wconf 89' lang='lat' dir='ltr'>sancti</span> <span class='ocrx_word' id='word_1_169' title='bbox 1070 1940 1204 2022; x_wconf 87' lang='lat' dir='ltr'>Georgii</span> <span class='ocrx_word' id='word_1_170' title='bbox 1228 1941 1271 2003; x_wconf 92' lang='lat' dir='ltr'>ad</span> <span class='ocrx_word' id='word_1_171' title='bbox 1294 1939 1414 2005; x_wconf 91' lang='lat' dir='ltr'>Velum</span> <span class='ocrx_word' id='word_1_172' title='bbox 1438 1964 1570 2007; x_wconf 90' lang='lat' dir='ltr'>aureum</span> <span class='ocrx_word' id='word_1_173' title='bbox 1595 1966 1636 2007; x_wconf 88' lang='grc'>33.</span> 
     </span>
    </p>

    <p class='ocr_par' dir='ltr' id='par_1_10' title="bbox 296 2027 1585 2116">
     <span class='ocr_line' id='line_1_19' title="bbox 296 2027 1585 2116; baseline 0.004 -25"><span class='ocrx_word' id='word_1_174' title='bbox 296 2030 318 2111; x_wconf 87' lang='lat'>†</span> <span class='ocrx_word' id='word_1_175' title='bbox 338 2031 418 2112; x_wconf 88' lang='lat' dir='ltr'>Ego</span> <span class='ocrx_word' id='word_1_176' title='bbox 436 2027 602 2092; x_wconf 89' lang='lat' dir='ltr'>lacinthus</span> <span class='ocrx_word' id='word_1_177' title='bbox 626 2030 784 2093; x_wconf 92' lang='lat' dir='ltr'>diaconus</span> <span class='ocrx_word' id='word_1_178' title='bbox 808 2030 981 2093; x_wconf 90' lang='lat' dir='ltr'>cardinalis</span> <span class='ocrx_word' id='word_1_179' title='bbox 1004 2038 1117 2093; x_wconf 91' lang='lat' dir='ltr'>sancte</span> <span class='ocrx_word' id='word_1_180' title='bbox 1141 2031 1245 2094; x_wconf 90' lang='lat' dir='ltr'>Marie</span> <span class='ocrx_word' id='word_1_181' title='bbox 1269 2031 1302 2094; x_wconf 94' lang='lat' dir='ltr'>in</span> <span class='ocrx_word' id='word_1_182' title='bbox 1326 2030 1520 2116; x_wconf 90' lang='lat' dir='ltr'>Cosmydyn</span> <span class='ocrx_word' id='word_1_183' title='bbox 1543 2055 1585 2096; x_wconf 74' lang='lat' dir='ltr'>ss,</span> 
     </span>
    </p>

    <p class='ocr_par' dir='ltr' id='par_1_11' title="bbox 296 2117 1342 2201">
     <span class='ocr_line' id='line_1_20' title="bbox 296 2117 1342 2201; baseline 0.002 -19"><span class='ocrx_word' id='word_1_184' title='bbox 296 2121 318 2196; x_wconf 88' lang='lat'>†</span> <span class='ocrx_word' id='word_1_185' title='bbox 340 2120 414 2201; x_wconf 88' lang='lat' dir='ltr'>Ego</span> <span class='ocrx_word' id='word_1_186' title='bbox 437 2118 576 2182; x_wconf 93' lang='lat' dir='ltr'>Ardicio</span> <span class='ocrx_word' id='word_1_187' title='bbox 599 2120 704 2182; x_wconf 88' lang='lat' dir='ltr'>sancti</span> <span class='ocrx_word' id='word_1_188' title='bbox 728 2117 897 2183; x_wconf 87' lang='lat' dir='ltr'>Theodori</span> <span class='ocrx_word' id='word_1_189' title='bbox 922 2119 1080 2182; x_wconf 88' lang='lat' dir='ltr'>diaconus</span> <span class='ocrx_word' id='word_1_190' title='bbox 1103 2120 1278 2183; x_wconf 92' lang='lat' dir='ltr'>cardinalis</span> <span class='ocrx_word' id='word_1_191' title='bbox 1300 2142 1342 2185; x_wconf 92' lang='lat' dir='ltr'>ss.</span> 
     </span>
    </p>

    <p class='ocr_par' dir='ltr' id='par_1_12' title="bbox 297 2207 1764 2300">
     <span class='ocr_line' id='line_1_21' title="bbox 297 2207 1764 2300; baseline 0.003 -30"><span class='ocrx_word' id='word_1_192' title='bbox 297 2207 317 2289; x_wconf 88' lang='lat'><em>†</em></span> <span class='ocrx_word' id='word_1_193' title='bbox 340 2207 414 2290; x_wconf 91' lang='lat' dir='ltr'>Ego</span> <span class='ocrx_word' id='word_1_194' title='bbox 437 2209 550 2271; x_wconf 91' lang='lat' dir='ltr'>Petrus</span> <span class='ocrx_word' id='word_1_195' title='bbox 574 2207 732 2271; x_wconf 92' lang='lat' dir='ltr'>diaconus</span> <span class='ocrx_word' id='word_1_196' title='bbox 756 2209 929 2272; x_wconf 90' lang='lat' dir='ltr'>cardinalis</span> <span class='ocrx_word' id='word_1_197' title='bbox 953 2209 1056 2271; x_wconf 90' lang='lat' dir='ltr'>sancti</span> <span class='ocrx_word' id='word_1_198' title='bbox 1073 2208 1241 2273; x_wconf 90' lang='lat' dir='ltr'>Eustachii</span> <span class='ocrx_word' id='word_1_199' title='bbox 1265 2213 1357 2274; x_wconf 92' lang='lat' dir='ltr'>iuxta</span> <span class='ocrx_word' id='word_1_200' title='bbox 1379 2212 1540 2294; x_wconf 90' lang='lat' dir='ltr'>templum</span> <span class='ocrx_word' id='word_1_201' title='bbox 1555 2211 1707 2300; x_wconf 65' lang='lat' dir='ltr'>Agrippr,²</span> <span class='ocrx_word' id='word_1_202' title='bbox 1722 2234 1764 2276; x_wconf 91' lang='lat' dir='ltr'>ss.</span> 
     </span>
    </p>

    <p class='ocr_par' dir='ltr' id='par_1_13' title="bbox 298 2295 1517 2385">
     <span class='ocr_line' id='line_1_22' title="bbox 298 2295 1517 2385; baseline 0.004 -26"><span class='ocrx_word' id='word_1_203' title='bbox 298 2295 318 2381; x_wconf 94' lang='lat'>†</span> <span class='ocrx_word' id='word_1_204' title='bbox 340 2299 415 2380; x_wconf 89' lang='lat' dir='ltr'>Ego</span> <span class='ocrx_word' id='word_1_205' title='bbox 438 2297 601 2360; x_wconf 87' lang='lat' dir='ltr'>lohannes</span> <span class='ocrx_word' id='word_1_206' title='bbox 625 2297 783 2361; x_wconf 91' lang='lat' dir='ltr'>diaconus</span> <span class='ocrx_word' id='word_1_207' title='bbox 806 2298 981 2361; x_wconf 91' lang='lat' dir='ltr'>cardinalis</span> <span class='ocrx_word' id='word_1_208' title='bbox 1003 2308 1116 2383; x_wconf 75' lang='lat' dir='ltr'>sancte</span> <span class='ocrx_word' id='word_1_209' title='bbox 1140 2299 1243 2385; x_wconf 75' lang='lat' dir='ltr'>Marie</span> <span class='ocrx_word' id='word_1_210' title='bbox 1267 2301 1299 2362; x_wconf 95' lang='lat' dir='ltr'>in</span> <span class='ocrx_word' id='word_1_211' title='bbox 1322 2301 1453 2364; x_wconf 92' lang='lat' dir='ltr'>Porticu</span> <span class='ocrx_word' id='word_1_212' title='bbox 1476 2323 1517 2364; x_wconf 90' lang='lat' dir='ltr'>ss.</span> 
     </span>
    </p>

    <p class='ocr_par' dir='ltr' id='par_1_14' title="bbox 243 2387 1764 2468">
     <span class='ocr_line' id='line_1_23' title="bbox 243 2387 1764 2468; baseline 0.003 -19"><span class='ocrx_word' id='word_1_213' title='bbox 243 2388 321 2450; x_wconf 92' lang='lat' dir='ltr'>Dat.</span> <span class='ocrx_word' id='word_1_214' title='bbox 344 2387 508 2468; x_wconf 91' lang='lat' dir='ltr'>Anagnie,</span> <span class='ocrx_word' id='word_1_215' title='bbox 540 2407 600 2468; x_wconf 92' lang='lat' dir='ltr'>per</span> <span class='ocrx_word' id='word_1_216' title='bbox 630 2407 762 2450; x_wconf 91' lang='lat' dir='ltr'>manum</span> <span class='ocrx_word' id='word_1_217' title='bbox 792 2387 981 2463; x_wconf 89' lang='lat' dir='ltr'>Hermanni,</span> <span class='ocrx_word' id='word_1_218' title='bbox 1011 2397 1125 2450; x_wconf 91' lang='lat' dir='ltr'>sancte</span> <span class='ocrx_word' id='word_1_219' title='bbox 1155 2389 1306 2453; x_wconf 88' lang='lat' dir='ltr'>Romane</span> <span class='ocrx_word' id='word_1_220' title='bbox 1337 2389 1474 2453; x_wconf 91' lang='lat' dir='ltr'>ecclesie</span> <span class='ocrx_word' id='word_1_221' title='bbox 1506 2391 1700 2454; x_wconf 90' lang='lat' dir='ltr'>subdiaconi</span> <span class='ocrx_word' id='word_1_222' title='bbox 1731 2400 1764 2454; x_wconf 93' lang='lat' dir='ltr'>et</span> 
     </span>
    </p>

    <p class='ocr_par' dir='ltr' id='par_1_15' title="bbox 82 2476 1764 2649">
     <span class='ocr_line' id='line_1_24' title="bbox 83 2476 1764 2544; baseline 0.003 -5"><span class='ocrx_word' id='word_1_223' title='bbox 83 2477 210 2540; x_wconf 89' lang='lat' dir='ltr'>notarii.</span> <span class='ocrx_word' id='word_1_224' title='bbox 249 2491 301 2540; x_wconf 75' lang='lat' dir='ltr'>xli</span> <span class='ocrx_word' id='word_1_225' title='bbox 316 2477 369 2540; x_wconf 94' lang='lat' dir='ltr'>Kl.</span> <span class='ocrx_word' id='word_1_226' title='bbox 385 2476 533 2539; x_wconf 89' lang='lat' dir='ltr'>Ianuarii.</span> <span class='ocrx_word' id='word_1_227' title='bbox 570 2477 755 2540; x_wconf 87' lang='lat' dir='ltr'>indictione</span> <span class='ocrx_word' id='word_1_228' title='bbox 769 2491 816 2540; x_wconf 86' lang='lat' dir='ltr'>lx.</span> <span class='ocrx_word' id='word_1_229' title='bbox 854 2477 1092 2541; x_wconf 91' lang='lat' dir='ltr'>Incarnationis</span> <span class='ocrx_word' id='word_1_230' title='bbox 1116 2478 1281 2542; x_wconf 91' lang='lat' dir='ltr'>dominice</span> <span class='ocrx_word' id='word_1_231' title='bbox 1300 2499 1389 2542; x_wconf 94' lang='lat' dir='ltr'>anno</span> <span class='ocrx_word' id='word_1_232' title='bbox 1406 2491 1512 2543; x_wconf 80' lang='lat' dir='ltr'>MCLx.</span> <span class='ocrx_word' id='word_1_233' title='bbox 1551 2479 1764 2544; x_wconf 92' lang='lat' dir='ltr'>Pontificatus</span> 
     </span>
     <span class='ocr_line' id='line_1_25' title="bbox 82 2565 903 2649; baseline 0.001 -21"><span class='ocrx_word' id='word_1_234' title='bbox 82 2587 157 2628; x_wconf 93' lang='lat' dir='ltr'>vero</span> <span class='ocrx_word' id='word_1_235' title='bbox 184 2567 303 2628; x_wconf 91' lang='lat' dir='ltr'>domni</span> <span class='ocrx_word' id='word_1_236' title='bbox 326 2565 510 2629; x_wconf 88' lang='lat' dir='ltr'>Alexandri</span> <span class='ocrx_word' id='word_1_237' title='bbox 534 2587 623 2649; x_wconf 89' lang='lat' dir='ltr'>pape</span> <span class='ocrx_word' id='word_1_238' title='bbox 646 2567 732 2629; x_wconf 91' lang='lat' dir='ltr'>tertii</span> <span class='ocrx_word' id='word_1_239' title='bbox 757 2586 844 2629; x_wconf 90' lang='lat' dir='ltr'>anno</span> <span class='ocrx_word' id='word_1_240' title='bbox 868 2581 903 2629; x_wconf 90' lang='lat'>11.</span> 
     </span>
    </p>
   </div>
   <div class='ocr_carea' id='block_1_3' title="bbox 245 2678 1207 2746">
    <p class='ocr_par' dir='ltr' id='par_1_16' title="bbox 245 2678 1207 2746">
     <span class='ocr_line' id='line_1_26' title="bbox 245 2678 1207 2746; baseline -0.001 -16"><span class='ocrx_word' id='word_1_241' title='bbox 245 2678 314 2730; x_wconf 82' lang='lat' dir='ltr'>erer&#39;</span> <span class='ocrx_word' id='word_1_242' title='bbox 329 2679 483 2745; x_wconf 73' lang='lat' dir='ltr'>Abscltnflm</span> <span class='ocrx_word' id='word_1_243' title='bbox 501 2679 542 2729; x_wconf 83' lang='lat' dir='ltr'>des</span> <span class='ocrx_word' id='word_1_244' title='bbox 560 2681 594 2730; x_wconf 80' lang='lat'>18</span> <span class='ocrx_word' id='word_1_245' title='bbox 615 2680 718 2746; x_wconf 67' lang='lat' dir='ltr'>Jahrb,</span> <span class='ocrx_word' id='word_1_246' title='bbox 735 2681 769 2730; x_wconf 77' lang='lat' dir='ltr'>im</span> <span class='ocrx_word' id='word_1_247' title='bbox 787 2680 901 2732; x_wconf 72' lang='lat' dir='ltr'>Archivio</span> <span class='ocrx_word' id='word_1_248' title='bbox 918 2680 946 2730; x_wconf 71' lang='lat' dir='ltr'>dr·</span> <span class='ocrx_word' id='word_1_249' title='bbox 961 2681 1029 2730; x_wconf 68' lang='lat' dir='ltr'>Staio</span> <span class='ocrx_word' id='word_1_250' title='bbox 1045 2696 1076 2729; x_wconf 80' lang='lat' dir='ltr'>ru</span> <span class='ocrx_word' id='word_1_251' title='bbox 1094 2679 1207 2731; x_wconf 78' lang='lat' dir='ltr'>llfodma.</span> 
     </span>
    </p>
   </div>
   <div class='ocr_carea' id='block_1_4' title="bbox 833 3073 1011 3151">
    <p class='ocr_par' dir='ltr' id='par_1_17' title="bbox 833 3073 1011 3151">
     <span class='ocr_line' id='line_1_27' title="bbox 833 3073 1011 3151; baseline -0.006 -1"><span class='ocrx_word' id='word_1_252' title='bbox 833 3073 900 3150; x_wconf 90' lang='lat' dir='ltr'>Nr.</span> <span class='ocrx_word' id='word_1_253' title='bbox 925 3078 1011 3151; x_wconf 82' lang='lat'>195.</span> 
     </span>
    </p>
   </div>
   <div class='ocr_carea' id='block_1_5' title="bbox 8 3221 1770 3402">
    <p class='ocr_par' dir='ltr' id='par_1_18' title="bbox 8 3221 1770 3402">
     <span class='ocr_line' id='line_1_28' title="bbox 84 3221 1770 3310; baseline 0.001 -21"><span class='ocrx_word' id='word_1_254' title='bbox 84 3224 311 3302; x_wconf 66' lang='lat' dir='ltr'>tAlexander</span> <span class='ocrx_word' id='word_1_255' title='bbox 324 3223 391 3288; x_wconf 88' lang='lat' dir='ltr'>III</span> <span class='ocrx_word' id='word_1_256' title='bbox 400 3222 580 3308; x_wconf 72' lang='lat' dir='ltr'>verwilligi</span> <span class='ocrx_word' id='word_1_257' title='bbox 595 3221 719 3288; x_wconf 79' lang='lat' dir='ltr'>Kirche</span> <span class='ocrx_word' id='word_1_258' title='bbox 733 3225 803 3288; x_wconf 87' lang='lat' dir='ltr'>und</span> <span class='ocrx_word' id='word_1_259' title='bbox 825 3221 902 3288; x_wconf 80' lang='lat' dir='ltr'>Volk</span> <span class='ocrx_word' id='word_1_260' title='bbox 916 3245 977 3288; x_wconf 86' lang='lat' dir='ltr'>von</span> <span class='ocrx_word' id='word_1_261' title='bbox 999 3223 1141 3307; x_wconf 81' lang='lat' dir='ltr'>Ontano,</span> <span class='ocrx_word' id='word_1_262' title='bbox 1157 3227 1236 3291; x_wconf 88' lang='lat' dir='ltr'>dass</span> <span class='ocrx_word' id='word_1_263' title='bbox 1250 3223 1529 3310; x_wconf 75' lang='lat' dir='ltr'>derErzbischos</span> <span class='ocrx_word' id='word_1_264' title='bbox 1537 3248 1597 3292; x_wconf 84' lang='lat' dir='ltr'>von</span> <span class='ocrx_word' id='word_1_265' title='bbox 1612 3223 1770 3290; x_wconf 78' lang='lat' dir='ltr'>Brairdisr&#39;</span> 
     </span>
     <span class='ocr_line' id='line_1_29' title="bbox 8 3312 1418 3402; baseline 0.004 -27"><span class='ocrx_word' id='word_1_266' title='bbox 8 3343 9 3346; x_wconf 37' lang='lat'>¹</span> <span class='ocrx_word' id='word_1_267' title='bbox 431 3315 480 3377; x_wconf 84' lang='lat' dir='ltr'>sie</span> <span class='ocrx_word' id='word_1_268' title='bbox 495 3312 585 3378; x_wconf 78' lang='lat' dir='ltr'>nicht</span> <span class='ocrx_word' id='word_1_269' title='bbox 599 3314 633 3377; x_wconf 86' lang='lat' dir='ltr'>in</span> <span class='ocrx_word' id='word_1_270' title='bbox 649 3313 744 3377; x_wconf 79' lang='lat' dir='ltr'>ihren</span> <span class='ocrx_word' id='word_1_271' title='bbox 769 3312 958 3378; x_wconf 80' lang='lat' dir='ltr'>Vorrechten</span> <span class='ocrx_word' id='word_1_272' title='bbox 972 3312 1242 3400; x_wconf 73' lang='lat' dir='ltr'>beerirtriz&#39;chtrgen</span> <span class='ocrx_word' id='word_1_273' title='bbox 1257 3315 1363 3396; x_wconf 67' lang='lat' dir='ltr'>drirfe</span> <span class='ocrx_word' id='word_1_274' title='bbox 1380 3319 1418 3402; x_wconf 87' lang='lat'>¹).</span> 
     </span>
    </p>
   </div>
   <div class='ocr_carea' id='block_1_6' title="bbox 659 3447 1186 3513">
    <p class='ocr_par' dir='ltr' id='par_1_19' title="bbox 659 3447 1186 3513">
     <span class='ocr_line' id='line_1_30' title="bbox 659 3447 1186 3513; baseline 0.002 -2"><span class='ocrx_word' id='word_1_275' title='bbox 659 3449 743 3511; x_wconf 83' lang='lat'><strong><em>1160</em></strong></span> <span class='ocrx_word' id='word_1_276' title='bbox 758 3447 935 3512; x_wconf 80' lang='lat' dir='ltr'>December</span> <span class='ocrx_word' id='word_1_277' title='bbox 946 3451 1003 3513; x_wconf 76' lang='lat'>24.</span> <span class='ocrx_word' id='word_1_278' title='bbox 1035 3449 1186 3513; x_wconf 80' lang='lat' dir='ltr'>Lateran.</span> 
     </span>
    </p>
   </div>
   <div class='ocr_carea' id='block_1_7' title="bbox 8 3581 1769 4810">
    <p class='ocr_par' dir='ltr' id='par_1_20' title="bbox 8 3581 1769 4810">
     <span class='ocr_line' id='line_1_31' title="bbox 246 3581 1766 3669; baseline 0.003 -25"><span class='ocrx_word' id='word_1_279' title='bbox 246 3581 440 3646; x_wconf 90' lang='lat' dir='ltr'>Alexander</span> <span class='ocrx_word' id='word_1_280' title='bbox 471 3583 663 3667; x_wconf 89' lang='lat' dir='ltr'>episcopus,</span> <span class='ocrx_word' id='word_1_281' title='bbox 704 3603 815 3647; x_wconf 91' lang='lat' dir='ltr'>servus</span> <span class='ocrx_word' id='word_1_282' title='bbox 845 3604 1013 3647; x_wconf 91' lang='lat' dir='ltr'>servorum</span> <span class='ocrx_word' id='word_1_283' title='bbox 1045 3584 1114 3661; x_wconf 90' lang='lat' dir='ltr'>dei,</span> <span class='ocrx_word' id='word_1_284' title='bbox 1155 3584 1283 3648; x_wconf 90' lang='lat' dir='ltr'>dilectis</span> <span class='ocrx_word' id='word_1_285' title='bbox 1314 3585 1398 3661; x_wconf 89' lang='lat' dir='ltr'>filiis,</span> <span class='ocrx_word' id='word_1_286' title='bbox 1431 3585 1577 3669; x_wconf 92' lang='lat' dir='ltr'>capitulo</span> <span class='ocrx_word' id='word_1_287' title='bbox 1608 3585 1766 3650; x_wconf 90' lang='lat' dir='ltr'>Oritanae</span> 
     </span>
     <span class='ocr_line' id='line_1_32' title="bbox 8 3670 1765 3757; baseline 0.002 -24"><span class='ocrx_word' id='word_1_288' title='bbox 8 3683 9 3710; x_wconf 76' lang='lat'>³</span> <span class='ocrx_word' id='word_1_289' title='bbox 83 3671 244 3734; x_wconf 88' lang='lat' dir='ltr'>ecclesiae</span> <span class='ocrx_word' id='word_1_290' title='bbox 275 3683 308 3735; x_wconf 91' lang='lat' dir='ltr'>et</span> <span class='ocrx_word' id='word_1_291' title='bbox 331 3670 457 3753; x_wconf 92' lang='lat' dir='ltr'>reliquo</span> <span class='ocrx_word' id='word_1_292' title='bbox 488 3673 576 3736; x_wconf 93' lang='lat' dir='ltr'>clero</span> <span class='ocrx_word' id='word_1_293' title='bbox 605 3684 638 3738; x_wconf 93' lang='lat' dir='ltr'>et</span> <span class='ocrx_word' id='word_1_294' title='bbox 660 3673 788 3756; x_wconf 93' lang='lat' dir='ltr'>populo</span> <span class='ocrx_word' id='word_1_295' title='bbox 818 3673 965 3737; x_wconf 92' lang='lat' dir='ltr'>eiusdem</span> <span class='ocrx_word' id='word_1_296' title='bbox 996 3674 1150 3750; x_wconf 91' lang='lat' dir='ltr'>civitatis,</span> <span class='ocrx_word' id='word_1_297' title='bbox 1181 3672 1321 3737; x_wconf 92' lang='lat' dir='ltr'>salutem</span> <span class='ocrx_word' id='word_1_298' title='bbox 1352 3685 1385 3738; x_wconf 93' lang='lat' dir='ltr'>et</span> <span class='ocrx_word' id='word_1_299' title='bbox 1415 3673 1634 3757; x_wconf 89' lang='lat' dir='ltr'>apostolicam</span> <span class='ocrx_word' id='word_1_300' title='bbox 1666 3675 1765 3737; x_wconf 91' lang='lat' dir='ltr'>bene-</span> 
     </span>
     <span class='ocr_line' id='line_1_33' title="bbox 8 3761 1767 3846; baseline 0.001 -23"><span class='ocrx_word' id='word_1_301' title='bbox 8 3765 10 3772; x_wconf 80' lang='grc'>’</span> <span class='ocrx_word' id='word_1_302' title='bbox 83 3761 275 3824; x_wconf 91' lang='lat' dir='ltr'>dictionem.</span> <span class='ocrx_word' id='word_1_303' title='bbox 330 3761 510 3825; x_wconf 90' lang='lat' dir='ltr'>Venientes</span> <span class='ocrx_word' id='word_1_304' title='bbox 541 3763 584 3826; x_wconf 92' lang='lat' dir='ltr'>ad</span> <span class='ocrx_word' id='word_1_305' title='bbox 614 3763 834 3846; x_wconf 88' lang='lat' dir='ltr'>praesentiam</span> <span class='ocrx_word' id='word_1_306' title='bbox 865 3773 1012 3827; x_wconf 86' lang='lat' dir='ltr'>nostram</span> <span class='ocrx_word' id='word_1_307' title='bbox 1044 3763 1153 3826; x_wconf 92' lang='lat' dir='ltr'>dilecti</span> <span class='ocrx_word' id='word_1_308' title='bbox 1178 3762 1252 3840; x_wconf 89' lang='lat' dir='ltr'>filii,</span> <span class='ocrx_word' id='word_1_309' title='bbox 1286 3763 1534 3827; x_wconf 90' lang='lat' dir='ltr'>archidiaconus</span> <span class='ocrx_word' id='word_1_310' title='bbox 1566 3775 1600 3826; x_wconf 91' lang='lat' dir='ltr'>et</span> <span class='ocrx_word' id='word_1_311' title='bbox 1631 3763 1767 3844; x_wconf 90' lang='lat' dir='ltr'>quidam</span> 
     </span>
     <span class='ocr_line' id='line_1_34' title="bbox 8 3849 1766 3936; baseline 0.002 -24"><span class='ocrx_word' id='word_1_312' title='bbox 8 3863 10 3868; x_wconf 84' lang='lat'>&#39;</span> <span class='ocrx_word' id='word_1_313' title='bbox 84 3851 235 3914; x_wconf 88' lang='lat' dir='ltr'>canonici</span> <span class='ocrx_word' id='word_1_314' title='bbox 260 3851 418 3914; x_wconf 89' lang='lat' dir='ltr'>ecclesiae</span> <span class='ocrx_word' id='word_1_315' title='bbox 439 3861 568 3915; x_wconf 91' lang='lat' dir='ltr'>vestrae</span> <span class='ocrx_word' id='word_1_316' title='bbox 599 3863 632 3915; x_wconf 91' lang='lat' dir='ltr'>et</span> <span class='ocrx_word' id='word_1_317' title='bbox 658 3852 788 3915; x_wconf 93' lang='lat' dir='ltr'>nobiles</span> <span class='ocrx_word' id='word_1_318' title='bbox 815 3853 874 3915; x_wconf 91' lang='lat' dir='ltr'>viri</span> <span class='ocrx_word' id='word_1_319' title='bbox 898 3853 1048 3934; x_wconf 89' lang='lat' dir='ltr'>Paganus</span> <span class='ocrx_word' id='word_1_320' title='bbox 1077 3853 1119 3915; x_wconf 92' lang='lat' dir='ltr'>de</span> <span class='ocrx_word' id='word_1_321' title='bbox 1141 3852 1341 3930; x_wconf 89' lang='lat' dir='ltr'>Benevent0,</span> <span class='ocrx_word' id='word_1_322' title='bbox 1373 3853 1444 3918; x_wconf 91' lang='lat' dir='ltr'>Leo</span> <span class='ocrx_word' id='word_1_323' title='bbox 1477 3863 1577 3936; x_wconf 90' lang='lat' dir='ltr'>atque</span> <span class='ocrx_word' id='word_1_324' title='bbox 1601 3849 1766 3916; x_wconf 90' lang='lat' dir='ltr'>Gilbertus</span> 
     </span>
     <span class='ocr_line' id='line_1_35' title="bbox 8 3939 1769 4024; baseline 0.001 -22"><span class='ocrx_word' id='word_1_325' title='bbox 8 3967 9 3972; x_wconf 43' lang='lat'>¹</span> <span class='ocrx_word' id='word_1_326' title='bbox 83 3939 204 4003; x_wconf 89' lang='lat' dir='ltr'>milites</span> <span class='ocrx_word' id='word_1_327' title='bbox 238 3949 273 4003; x_wconf 91' lang='lat' dir='ltr'>et</span> <span class='ocrx_word' id='word_1_328' title='bbox 298 3941 441 4004; x_wconf 90' lang='lat' dir='ltr'>barones</span> <span class='ocrx_word' id='word_1_329' title='bbox 471 3942 611 4006; x_wconf 90' lang='lat' dir='ltr'>civitatis</span> <span class='ocrx_word' id='word_1_330' title='bbox 633 3951 761 4008; x_wconf 90' lang='lat' dir='ltr'>vestrae</span> <span class='ocrx_word' id='word_1_331' title='bbox 785 3963 827 4005; x_wconf 95' lang='lat' dir='ltr'>ex</span> <span class='ocrx_word' id='word_1_332' title='bbox 850 3949 944 4024; x_wconf 89' lang='lat' dir='ltr'>parte</span> <span class='ocrx_word' id='word_1_333' title='bbox 967 3962 1039 4019; x_wconf 92' lang='lat' dir='ltr'>sua,</span> <span class='ocrx_word' id='word_1_334' title='bbox 1071 3951 1105 4004; x_wconf 94' lang='lat' dir='ltr'>et</span> <span class='ocrx_word' id='word_1_335' title='bbox 1126 3952 1236 4004; x_wconf 91' lang='lat' dir='ltr'>vestra</span> <span class='ocrx_word' id='word_1_336' title='bbox 1265 3943 1362 4008; x_wconf 91' lang='lat' dir='ltr'>nobis</span> <span class='ocrx_word' id='word_1_337' title='bbox 1384 3943 1459 4006; x_wconf 91' lang='lat' dir='ltr'>viva</span> <span class='ocrx_word' id='word_1_338' title='bbox 1481 3963 1565 4005; x_wconf 90' lang='lat' dir='ltr'>voce</span> <span class='ocrx_word' id='word_1_339' title='bbox 1595 3942 1769 4024; x_wconf 84' lang='lat' dir='ltr'>diligenter</span> 
     </span>
     <span class='ocr_line' id='line_1_36' title="bbox 83 4030 1766 4114; baseline 0.002 -23"><span class='ocrx_word' id='word_1_340' title='bbox 83 4030 293 4107; x_wconf 88' lang='lat' dir='ltr'>intimarunt,</span> <span class='ocrx_word' id='word_1_341' title='bbox 327 4031 417 4112; x_wconf 94' lang='lat' dir='ltr'>quod</span> <span class='ocrx_word' id='word_1_342' title='bbox 450 4040 674 4094; x_wconf 89' lang='lat' dir='ltr'>antecessores</span> <span class='ocrx_word' id='word_1_343' title='bbox 705 4033 820 4108; x_wconf 92' lang='lat' dir='ltr'>vestri,</span> <span class='ocrx_word' id='word_1_344' title='bbox 854 4031 968 4095; x_wconf 89' lang='lat' dir='ltr'>fratres</span> <span class='ocrx_word' id='word_1_345' title='bbox 998 4031 1100 4094; x_wconf 88' lang='lat' dir='ltr'>nostri</span> <span class='ocrx_word' id='word_1_346' title='bbox 1132 4031 1379 4114; x_wconf 89' lang='lat' dir='ltr'>archiepiscopi,</span> <span class='ocrx_word' id='word_1_347' title='bbox 1410 4031 1550 4094; x_wconf 89' lang='lat' dir='ltr'>chrisma</span> <span class='ocrx_word' id='word_1_348' title='bbox 1580 4051 1646 4094; x_wconf 92' lang='lat' dir='ltr'>uno</span> <span class='ocrx_word' id='word_1_349' title='bbox 1679 4051 1766 4094; x_wconf 92' lang='lat' dir='ltr'>anno</span> 
     </span>
     <span class='ocr_line' id='line_1_37' title="bbox 8 4118 1766 4203; baseline 0 -21"><span class='ocrx_word' id='word_1_350' title='bbox 8 4141 10 4146; x_wconf 92' lang='lat'>·</span> <span class='ocrx_word' id='word_1_351' title='bbox 83 4119 192 4192; x_wconf 88' lang='lat' dir='ltr'>Oriae,</span> <span class='ocrx_word' id='word_1_352' title='bbox 227 4119 332 4182; x_wconf 89' lang='lat' dir='ltr'>altero</span> <span class='ocrx_word' id='word_1_353' title='bbox 355 4118 529 4182; x_wconf 92' lang='lat' dir='ltr'>Brundusii</span> <span class='ocrx_word' id='word_1_354' title='bbox 560 4120 791 4196; x_wconf 88' lang='lat' dir='ltr'>conficiebant,</span> <span class='ocrx_word' id='word_1_355' title='bbox 823 4121 958 4183; x_wconf 91' lang='lat' dir='ltr'>clericos</span> <span class='ocrx_word' id='word_1_356' title='bbox 982 4130 1015 4183; x_wconf 93' lang='lat' dir='ltr'>et</span> <span class='ocrx_word' id='word_1_357' title='bbox 1038 4122 1216 4183; x_wconf 90' lang='lat' dir='ltr'>canonicos</span> <span class='ocrx_word' id='word_1_358' title='bbox 1238 4121 1336 4184; x_wconf 93' lang='lat' dir='ltr'>vestri</span> <span class='ocrx_word' id='word_1_359' title='bbox 1365 4121 1499 4203; x_wconf 90' lang='lat' dir='ltr'>capituli</span> <span class='ocrx_word' id='word_1_360' title='bbox 1530 4139 1710 4202; x_wconf 91' lang='lat' dir='ltr'>numquam</span> <span class='ocrx_word' id='word_1_361' title='bbox 1733 4121 1766 4182; x_wconf 93' lang='lat' dir='ltr'>in</span> 
     </span>
     <span class='ocr_line' id='line_1_38' title="bbox 8 4207 1767 4292; baseline 0.002 -24"><span class='ocrx_word' id='word_1_362' title='bbox 8 4261 9 4268; x_wconf 71' lang='grc'>,</span> <span class='ocrx_word' id='word_1_363' title='bbox 83 4207 295 4271; x_wconf 90' lang='lat' dir='ltr'>Brundusina</span> <span class='ocrx_word' id='word_1_364' title='bbox 317 4208 456 4272; x_wconf 89' lang='lat' dir='ltr'>ecclesia</span> <span class='ocrx_word' id='word_1_365' title='bbox 483 4210 707 4286; x_wconf 90' lang='lat' dir='ltr'>vindicabant,</span> <span class='ocrx_word' id='word_1_366' title='bbox 735 4211 795 4272; x_wconf 89' lang='lat' dir='ltr'>sed</span> <span class='ocrx_word' id='word_1_367' title='bbox 825 4210 858 4272; x_wconf 93' lang='lat' dir='ltr'>in</span> <span class='ocrx_word' id='word_1_368' title='bbox 882 4210 1022 4273; x_wconf 91' lang='lat' dir='ltr'>Oritana</span> <span class='ocrx_word' id='word_1_369' title='bbox 1053 4219 1087 4273; x_wconf 93' lang='lat' dir='ltr'>et</span> <span class='ocrx_word' id='word_1_370' title='bbox 1116 4230 1176 4292; x_wconf 90' lang='lat' dir='ltr'>per</span> <span class='ocrx_word' id='word_1_371' title='bbox 1205 4211 1296 4292; x_wconf 92' lang='lat' dir='ltr'>ipsos</span> <span class='ocrx_word' id='word_1_372' title='bbox 1330 4220 1553 4274; x_wconf 90' lang='lat' dir='ltr'>antecessores</span> <span class='ocrx_word' id='word_1_373' title='bbox 1588 4220 1622 4273; x_wconf 93' lang='lat' dir='ltr'>et</span> <span class='ocrx_word' id='word_1_374' title='bbox 1653 4229 1767 4272; x_wconf 87' lang='lat' dir='ltr'>eorum</span> 
     </span>
     <span class='ocr_line' id='line_1_39' title="bbox 83 4297 1767 4382; baseline 0.001 -24"><span class='ocrx_word' id='word_1_375' title='bbox 83 4299 226 4360; x_wconf 89' lang='lat' dir='ltr'>vicarios</span> <span class='ocrx_word' id='word_1_376' title='bbox 248 4298 510 4362; x_wconf 87' lang='lat' dir='ltr'>vindicabantur.</span> <span class='ocrx_word' id='word_1_377' title='bbox 555 4300 765 4362; x_wconf 89' lang='lat' dir='ltr'>Praebendas</span> <span class='ocrx_word' id='word_1_378' title='bbox 789 4306 822 4362; x_wconf 94' lang='lat' dir='ltr'>et</span> <span class='ocrx_word' id='word_1_379' title='bbox 845 4299 909 4362; x_wconf 91' lang='lat' dir='ltr'>alia</span> <span class='ocrx_word' id='word_1_380' title='bbox 938 4298 1101 4362; x_wconf 85' lang='lat' dir='ltr'>beneficia</span> <span class='ocrx_word' id='word_1_381' title='bbox 1133 4297 1354 4362; x_wconf 87' lang='lat' dir='ltr'>ecclesiastica</span> <span class='ocrx_word' id='word_1_382' title='bbox 1385 4301 1418 4362; x_wconf 92' lang='lat' dir='ltr'>in</span> <span class='ocrx_word' id='word_1_383' title='bbox 1450 4301 1523 4382; x_wconf 91' lang='lat' dir='ltr'>ipsa</span> <span class='ocrx_word' id='word_1_384' title='bbox 1552 4299 1767 4364; x_wconf 91' lang='lat' dir='ltr'>servientibus</span> 
     </span>
     <span class='ocr_line' id='line_1_40' title="bbox 83 4387 1766 4469; baseline 0.001 -20"><span class='ocrx_word' id='word_1_385' title='bbox 83 4387 294 4464; x_wconf 87' lang='lat' dir='ltr'>tribuebant,</span> <span class='ocrx_word' id='word_1_386' title='bbox 319 4389 498 4451; x_wconf 90' lang='lat' dir='ltr'>canonicos</span> <span class='ocrx_word' id='word_1_387' title='bbox 528 4397 638 4451; x_wconf 87' lang='lat' dir='ltr'>autem</span> <span class='ocrx_word' id='word_1_388' title='bbox 668 4408 735 4451; x_wconf 90' lang='lat' dir='ltr'>non</span> <span class='ocrx_word' id='word_1_389' title='bbox 767 4388 942 4464; x_wconf 87' lang='lat' dir='ltr'>faciebant,</span> <span class='ocrx_word' id='word_1_390' title='bbox 975 4389 1036 4452; x_wconf 92' lang='lat' dir='ltr'>nisi</span> <span class='ocrx_word' id='word_1_391' title='bbox 1068 4388 1110 4451; x_wconf 92' lang='lat' dir='ltr'>de</span> <span class='ocrx_word' id='word_1_392' title='bbox 1137 4389 1208 4465; x_wconf 93' lang='lat' dir='ltr'>illis,</span> <span class='ocrx_word' id='word_1_393' title='bbox 1232 4389 1288 4469; x_wconf 92' lang='lat' dir='ltr'>qui</span> <span class='ocrx_word' id='word_1_394' title='bbox 1312 4389 1412 4453; x_wconf 88' lang='lat' dir='ltr'>Oriae</span> <span class='ocrx_word' id='word_1_395' title='bbox 1441 4389 1639 4466; x_wconf 89' lang='lat' dir='ltr'>residebant,</span> <span class='ocrx_word' id='word_1_396' title='bbox 1670 4388 1766 4464; x_wconf 90' lang='lat' dir='ltr'>unde,</span> 
     </span>
     <span class='ocr_line' id='line_1_41' title="bbox 84 4476 1767 4560; baseline 0.002 -23"><span class='ocrx_word' id='word_1_397' title='bbox 84 4477 161 4557; x_wconf 90' lang='lat' dir='ltr'>quia</span> <span class='ocrx_word' id='word_1_398' title='bbox 184 4487 390 4540; x_wconf 89' lang='lat' dir='ltr'>memoratus</span> <span class='ocrx_word' id='word_1_399' title='bbox 414 4476 681 4559; x_wconf 91' lang='lat' dir='ltr'>archiepiscopus</span> <span class='ocrx_word' id='word_1_400' title='bbox 704 4479 942 4560; x_wconf 90' lang='lat' dir='ltr'>praescriptam</span> <span class='ocrx_word' id='word_1_401' title='bbox 966 4478 1237 4541; x_wconf 89' lang='lat' dir='ltr'>consuetudinem</span> <span class='ocrx_word' id='word_1_402' title='bbox 1252 4478 1349 4540; x_wconf 94' lang='lat' dir='ltr'>vobis</span> <span class='ocrx_word' id='word_1_403' title='bbox 1365 4479 1532 4542; x_wconf 88' lang='lat' dir='ltr'>asserebat</span> <span class='ocrx_word' id='word_1_404' title='bbox 1548 4499 1615 4540; x_wconf 92' lang='lat' dir='ltr'>non</span> <span class='ocrx_word' id='word_1_405' title='bbox 1638 4479 1767 4554; x_wconf 88' lang='lat' dir='ltr'>servari,</span> 
     </span>
     <span class='ocr_line' id='line_1_42' title="bbox 85 4567 1769 4648; baseline 0.001 -20"><span class='ocrx_word' id='word_1_406' title='bbox 85 4567 158 4629; x_wconf 92' lang='lat' dir='ltr'>ideo</span> <span class='ocrx_word' id='word_1_407' title='bbox 184 4585 249 4648; x_wconf 93' lang='lat' dir='ltr'>per</span> <span class='ocrx_word' id='word_1_408' title='bbox 272 4576 462 4648; x_wconf 89' lang='lat' dir='ltr'>praesentes</span> <span class='ocrx_word' id='word_1_409' title='bbox 484 4567 689 4644; x_wconf 89' lang='lat' dir='ltr'>mandamus,</span> <span class='ocrx_word' id='word_1_410' title='bbox 723 4575 759 4630; x_wconf 94' lang='lat' dir='ltr'>ut</span> <span class='ocrx_word' id='word_1_411' title='bbox 789 4589 828 4630; x_wconf 92' lang='lat' dir='ltr'>ea</span> <span class='ocrx_word' id='word_1_412' title='bbox 850 4567 946 4630; x_wconf 90' lang='lat' dir='ltr'>vobis</span> <span class='ocrx_word' id='word_1_413' title='bbox 974 4579 1007 4630; x_wconf 92' lang='lat' dir='ltr'>et</span> <span class='ocrx_word' id='word_1_414' title='bbox 1030 4567 1186 4631; x_wconf 88' lang='lat' dir='ltr'>ecclesiae</span> <span class='ocrx_word' id='word_1_415' title='bbox 1217 4577 1345 4630; x_wconf 91' lang='lat' dir='ltr'>vestrae</span> <span class='ocrx_word' id='word_1_416' title='bbox 1376 4568 1507 4631; x_wconf 90' lang='lat' dir='ltr'>studeat</span> <span class='ocrx_word' id='word_1_417' title='bbox 1537 4567 1769 4631; x_wconf 91' lang='lat' dir='ltr'>inviolabiliter</span> 
     </span>
     <span class='ocr_line' id='line_1_43' title="bbox 84 4655 1767 4738; baseline 0.001 -22"><span class='ocrx_word' id='word_1_418' title='bbox 84 4655 265 4718; x_wconf 89' lang='lat' dir='ltr'>observare</span> <span class='ocrx_word' id='word_1_419' title='bbox 288 4665 322 4718; x_wconf 90' lang='lat' dir='ltr'>et</span> <span class='ocrx_word' id='word_1_420' title='bbox 344 4666 459 4718; x_wconf 92' lang='lat' dir='ltr'>contra</span> <span class='ocrx_word' id='word_1_421' title='bbox 482 4676 521 4719; x_wconf 94' lang='lat' dir='ltr'>ea</span> <span class='ocrx_word' id='word_1_422' title='bbox 544 4676 611 4719; x_wconf 90' lang='lat' dir='ltr'>non</span> <span class='ocrx_word' id='word_1_423' title='bbox 636 4656 743 4720; x_wconf 91' lang='lat' dir='ltr'>facere</span> <span class='ocrx_word' id='word_1_424' title='bbox 766 4677 827 4720; x_wconf 92' lang='lat' dir='ltr'>nec</span> <span class='ocrx_word' id='word_1_425' title='bbox 846 4659 966 4720; x_wconf 89' lang='lat' dir='ltr'>venire.</span> <span class='ocrx_word' id='word_1_426' title='bbox 983 4691 1026 4703; x_wconf 92' lang='lat'><em>-</em></span> <span class='ocrx_word' id='word_1_427' title='bbox 1042 4657 1167 4720; x_wconf 90' lang='lat' dir='ltr'>Datum</span> <span class='ocrx_word' id='word_1_428' title='bbox 1183 4658 1291 4720; x_wconf 90' lang='lat' dir='ltr'>Rome</span> <span class='ocrx_word' id='word_1_429' title='bbox 1311 4657 1400 4738; x_wconf 91' lang='lat' dir='ltr'>apud</span> <span class='ocrx_word' id='word_1_430' title='bbox 1421 4664 1571 4720; x_wconf 91' lang='lat' dir='ltr'>sanctum</span> <span class='ocrx_word' id='word_1_431' title='bbox 1586 4657 1767 4722; x_wconf 92' lang='lat' dir='ltr'>Iohannem</span> 
     </span>
     <span class='ocr_line' id='line_1_44' title="bbox 84 4743 1312 4810; baseline 0 -2"><span class='ocrx_word' id='word_1_432' title='bbox 84 4743 297 4809; x_wconf 85' lang='lat' dir='ltr'>Lateranum.</span> <span class='ocrx_word' id='word_1_433' title='bbox 343 4759 381 4808; x_wconf 84' lang='lat' dir='ltr'>lx</span> <span class='ocrx_word' id='word_1_434' title='bbox 403 4746 478 4809; x_wconf 91' lang='lat' dir='ltr'>Kal.</span> <span class='ocrx_word' id='word_1_435' title='bbox 501 4747 626 4809; x_wconf 90' lang='lat' dir='ltr'>Ianuar.</span> <span class='ocrx_word' id='word_1_436' title='bbox 649 4757 757 4810; x_wconf 87' lang='lat' dir='ltr'>Mch.</span> <span class='ocrx_word' id='word_1_437' title='bbox 802 4747 1016 4810; x_wconf 90' lang='lat' dir='ltr'>Pontificatus</span> <span class='ocrx_word' id='word_1_438' title='bbox 1039 4747 1141 4810; x_wconf 92' lang='lat' dir='ltr'>nostri</span> <span class='ocrx_word' id='word_1_439' title='bbox 1166 4766 1253 4809; x_wconf 92' lang='lat' dir='ltr'>anno</span> <span class='ocrx_word' id='word_1_440' title='bbox 1277 4759 1312 4809; x_wconf 91' lang='lat'>11.</span> 
     </span>
    </p>
   </div>
   <div class='ocr_carea' id='block_1_8' title="bbox 85 4857 1769 5211">
    <p class='ocr_par' dir='ltr' id='par_1_21' title="bbox 247 4857 1452 4925">
     <span class='ocr_line' id='line_1_45' title="bbox 247 4857 1452 4925; baseline 0.001 -16"><span class='ocrx_word' id='word_1_441' title='bbox 247 4857 374 4924; x_wconf 78' lang='lat' dir='ltr'>Abschn&#39;ft</span> <span class='ocrx_word' id='word_1_442' title='bbox 390 4859 430 4908; x_wconf 82' lang='lat' dir='ltr'>des</span> <span class='ocrx_word' id='word_1_443' title='bbox 452 4861 529 4910; x_wconf 79' lang='lat' dir='ltr'>Codex</span> <span class='ocrx_word' id='word_1_444' title='bbox 546 4861 603 4925; x_wconf 75' lang='lat' dir='ltr'>dipl.</span> <span class='ocrx_word' id='word_1_445' title='bbox 623 4860 730 4911; x_wconf 78' lang='lat' dir='ltr'>ecelesias</span> <span class='ocrx_word' id='word_1_446' title='bbox 747 4860 929 4921; x_wconf 79' lang='lat' dir='ltr'>Brundun&#39;nae,</span> <span class='ocrx_word' id='word_1_447' title='bbox 948 4860 982 4910; x_wconf 86' lang='lat' dir='ltr'>im</span> <span class='ocrx_word' id='word_1_448' title='bbox 1000 4860 1113 4910; x_wconf 67' lang='lat' dir='ltr'>Archon</span> <span class='ocrx_word' id='word_1_449' title='bbox 1135 4861 1269 4925; x_wconf 71' lang='lat' dir='ltr'>Capntolarc</span> <span class='ocrx_word' id='word_1_450' title='bbox 1286 4876 1317 4909; x_wconf 80' lang='lat' dir='ltr'>ru</span> <span class='ocrx_word' id='word_1_451' title='bbox 1334 4858 1452 4911; x_wconf 76' lang='lat' dir='ltr'>Brindr&#39;ri.</span> 
     </span>
    </p>

    <p class='ocr_par' dir='ltr' id='par_1_22' title="bbox 85 4929 1769 5211">
     <span class='ocr_line' id='line_1_46' title="bbox 248 4929 1767 4998; baseline -0.001 -18"><span class='ocrx_word' id='word_1_452' title='bbox 248 4931 298 4980; x_wconf 85' lang='lat' dir='ltr'>Die</span> <span class='ocrx_word' id='word_1_453' title='bbox 314 4930 444 4998; x_wconf 72' lang='lat' dir='ltr'>Dan&#39;rung</span> <span class='ocrx_word' id='word_1_454' title='bbox 464 4932 496 4981; x_wconf 79' lang='lat' dir='ltr'>ist</span> <span class='ocrx_word' id='word_1_455' title='bbox 518 4931 546 4980; x_wconf 83' lang='lat' dir='ltr'>r&#39;n</span> <span class='ocrx_word' id='word_1_456' title='bbox 571 4931 637 4982; x_wconf 69' lang='lat' dir='ltr'>ihrer</span> <span class='ocrx_word' id='word_1_457' title='bbox 649 4932 754 4998; x_wconf 78' lang='lat' dir='ltr'>jetvr&#39;gm</span> <span class='ocrx_word' id='word_1_458' title='bbox 778 4932 852 4982; x_wconf 85' lang='lat' dir='ltr'>Form</span> <span class='ocrx_word' id='word_1_459' title='bbox 878 4933 946 4981; x_wconf 77' lang='lat' dir='ltr'>nicht</span> <span class='ocrx_word' id='word_1_460' title='bbox 967 4932 1156 4997; x_wconf 71' lang='lat' dir='ltr'>ursprilngliclr,</span> <span class='ocrx_word' id='word_1_461' title='bbox 1181 4933 1224 4982; x_wconf 80' lang='lat' dir='ltr'>der</span> <span class='ocrx_word' id='word_1_462' title='bbox 1250 4931 1296 4981; x_wconf 85' lang='lat' dir='ltr'>Ort</span> <span class='ocrx_word' id='word_1_463' title='bbox 1314 4938 1385 4995; x_wconf 72' lang='lat' dir='ltr'>parat</span> <span class='ocrx_word' id='word_1_464' title='bbox 1406 4929 1469 4980; x_wconf 74' lang='lat' dir='ltr'>arech</span> <span class='ocrx_word' id='word_1_465' title='bbox 1493 4930 1561 4981; x_wconf 72' lang='lat' dir='ltr'>nicht</span> <span class='ocrx_word' id='word_1_466' title='bbox 1582 4946 1612 4978; x_wconf 78' lang='lat' dir='ltr'>ru</span> <span class='ocrx_word' id='word_1_467' title='bbox 1636 4931 1682 4979; x_wconf 84' lang='lat' dir='ltr'>dm</span> <span class='ocrx_word' id='word_1_468' title='bbox 1707 4929 1767 4979; x_wconf 75' lang='lat' dir='ltr'>Zeit-</span> 
     </span>
     <span class='ocr_line' id='line_1_47' title="bbox 85 5002 1769 5070; baseline -0.001 -18"><span class='ocrx_word' id='word_1_469' title='bbox 85 5004 212 5069; x_wconf 73' lang='lat' dir='ltr'>angnhen,·</span> <span class='ocrx_word' id='word_1_470' title='bbox 238 5003 353 5067; x_wconf 84' lang='lat' dir='ltr'>ebenfallr</span> <span class='ocrx_word' id='word_1_471' title='bbox 375 5004 407 5052; x_wconf 83' lang='lat' dir='ltr'>ist</span> <span class='ocrx_word' id='word_1_472' title='bbox 428 5004 473 5052; x_wconf 85' lang='lat' dir='ltr'>das</span> <span class='ocrx_word' id='word_1_473' title='bbox 497 5003 629 5068; x_wconf 80' lang='lat' dir='ltr'>Konscript</span> <span class='ocrx_word' id='word_1_474' title='bbox 644 5003 782 5053; x_wconf 72' lang='lat' dir='ltr'>schwcrlich</span> <span class='ocrx_word' id='word_1_475' title='bbox 804 5021 869 5070; x_wconf 78' lang='lat' dir='ltr'>gam</span> <span class='ocrx_word' id='word_1_476' title='bbox 892 5004 919 5052; x_wconf 76' lang='lat' dir='ltr'>in</span> <span class='ocrx_word' id='word_1_477' title='bbox 939 5004 1069 5070; x_wconf 76' lang='lat' dir='ltr'>Ordrmng.</span> <span class='ocrx_word' id='word_1_478' title='bbox 1106 5004 1145 5053; x_wconf 85' lang='lat' dir='ltr'>Im</span> <span class='ocrx_word' id='word_1_479' title='bbox 1162 5006 1196 5052; x_wconf 82' lang='lat'>16</span> <span class='ocrx_word' id='word_1_480' title='bbox 1216 5003 1391 5069; x_wconf 77' lang='lat' dir='ltr'>Jahrhrmdert</span> <span class='ocrx_word' id='word_1_481' title='bbox 1414 5005 1452 5051; x_wconf 85' lang='lat' dir='ltr'>alr</span> <span class='ocrx_word' id='word_1_482' title='bbox 1469 5003 1507 5052; x_wconf 84' lang='lat' dir='ltr'>die</span> <span class='ocrx_word' id='word_1_483' title='bbox 1524 5002 1616 5052; x_wconf 60' lang='lat' dir='ltr'>harche</span> <span class='ocrx_word' id='word_1_484' title='bbox 1639 5017 1687 5051; x_wconf 83' lang='lat' dir='ltr'>von</span> <span class='ocrx_word' id='word_1_485' title='bbox 1708 5002 1769 5051; x_wconf 83' lang='lat' dir='ltr'>Oria</span> 
     </span>
     <span class='ocr_line' id='line_1_48' title="bbox 90 5073 1767 5142; baseline -0.001 -19"><span class='ocrx_word' id='word_1_486' title='bbox 90 5089 135 5123; x_wconf 80' lang='lat' dir='ltr'>von</span> <span class='ocrx_word' id='word_1_487' title='bbox 155 5074 272 5124; x_wconf 58' lang='lat' dir='ltr'>Bfflrdr&#39;si</span> <span class='ocrx_word' id='word_1_488' title='bbox 290 5081 403 5140; x_wconf 81' lang='lat' dir='ltr'>getrennt</span> <span class='ocrx_word' id='word_1_489' title='bbox 418 5076 515 5126; x_wconf 82' lang='lat' dir='ltr'>werden</span> <span class='ocrx_word' id='word_1_490' title='bbox 532 5077 617 5136; x_wconf 79' lang='lat' dir='ltr'>wollte,</span> <span class='ocrx_word' id='word_1_491' title='bbox 636 5076 745 5126; x_wconf 79' lang='lat' dir='ltr'>scheinen</span> <span class='ocrx_word' id='word_1_492' title='bbox 762 5075 841 5126; x_wconf 69' lang='lat' dir='ltr'>hr&#39;iben</span> <span class='ocrx_word' id='word_1_493' title='bbox 858 5077 914 5126; x_wconf 77' lang='lat' dir='ltr'>und</span> <span class='ocrx_word' id='word_1_494' title='bbox 930 5077 1023 5125; x_wconf 78' lang='lat' dir='ltr'>drr&#39;r&#39;ben</span> <span class='ocrx_word' id='word_1_495' title='bbox 1040 5075 1215 5142; x_wconf 67' lang='lat' dir='ltr'>Scknftstr&#39;icke</span> <span class='ocrx_word' id='word_1_496' title='bbox 1229 5075 1353 5141; x_wconf 78' lang='lat' dir='ltr'>gtsc&#39;ilscht</span> <span class='ocrx_word' id='word_1_497' title='bbox 1369 5091 1400 5124; x_wconf 81' lang='lat' dir='ltr'>ru</span> <span class='ocrx_word' id='word_1_498' title='bbox 1416 5074 1473 5126; x_wconf 76' lang='lat' dir='ltr'>sein.</span> <span class='ocrx_word' id='word_1_499' title='bbox 1510 5077 1552 5124; x_wconf 74' lang='lat' dir='ltr'>An</span> <span class='ocrx_word' id='word_1_500' title='bbox 1568 5074 1706 5124; x_wconf 74' lang='lat' dir='ltr'>Alarmdrr</span> <span class='ocrx_word' id='word_1_501' title='bbox 1721 5073 1740 5122; x_wconf 92' lang='lat' dir='ltr'>I</span> <span class='ocrx_word' id='word_1_502' title='bbox 1741 5073 1767 5133; x_wconf 88' lang='lat' dir='ltr'>V,</span> 
     </span>
     <span class='ocr_line' id='line_1_49' title="bbox 86 5146 704 5211; baseline 0.003 -17"><span class='ocrx_word' id='word_1_503' title='bbox 86 5147 156 5207; x_wconf 75' lang='lat'>1255,</span> <span class='ocrx_word' id='word_1_504' title='bbox 177 5147 274 5211; x_wconf 76' lang='lat' dir='ltr'>dttrjm</span> <span class='ocrx_word' id='word_1_505' title='bbox 291 5146 339 5196; x_wconf 84' lang='lat' dir='ltr'>wir</span> <span class='ocrx_word' id='word_1_506' title='bbox 356 5146 416 5196; x_wconf 77' lang='lat' dir='ltr'>doch</span> <span class='ocrx_word' id='word_1_507' title='bbox 433 5147 500 5198; x_wconf 80' lang='lat' dir='ltr'>wohl</span> <span class='ocrx_word' id='word_1_508' title='bbox 513 5147 588 5198; x_wconf 65' lang='lat' dir='ltr'>karam</span> <span class='ocrx_word' id='word_1_509' title='bbox 607 5147 704 5198; x_wconf 70' lang='lat' dir='ltr'>dualem.</span> 
     </span>
    </p>
   </div>
   <div class='ocr_carea' id='block_1_9' title="bbox 86 5373 1768 5517">
    <p class='ocr_par' dir='ltr' id='par_1_23' title="bbox 86 5373 1768 5517">
     <span class='ocr_line' id='line_1_50' title="bbox 249 5373 1768 5444; baseline 0 -18"><span class='ocrx_word' id='word_1_510' title='bbox 249 5379 275 5444; x_wconf 83' lang='lat' dir='ltr'>a)</span> <span class='ocrx_word' id='word_1_511' title='bbox 296 5377 332 5427; x_wconf 91' lang='lat' dir='ltr'>tit.</span> <span class='ocrx_word' id='word_1_512' title='bbox 352 5417 404 5425; x_wconf 81' lang='lat'>...</span> <span class='ocrx_word' id='word_1_513' title='bbox 423 5381 459 5442; x_wconf 86' lang='lat'>.1)</span> <span class='ocrx_word' id='word_1_514' title='bbox 478 5377 527 5427; x_wconf 80' lang='lat' dir='ltr'>Die</span> <span class='ocrx_word' id='word_1_515' title='bbox 543 5375 669 5443; x_wconf 79' lang='lat' dir='ltr'>Abschn&#39;st</span> <span class='ocrx_word' id='word_1_516' title='bbox 692 5377 767 5428; x_wconf 83' lang='lat' dir='ltr'>dr&#39;eser</span> <span class='ocrx_word' id='word_1_517' title='bbox 797 5378 914 5429; x_wconf 75' lang='lat' dir='ltr'>Urhmde</span> <span class='ocrx_word' id='word_1_518' title='bbox 936 5378 1057 5428; x_wconf 70' lang='lat' dir='ltr'>vndmkt</span> <span class='ocrx_word' id='word_1_519' title='bbox 1080 5377 1118 5427; x_wconf 72' lang='lat' dir='ltr'>ich</span> <span class='ocrx_word' id='word_1_520' title='bbox 1136 5379 1221 5428; x_wconf 83' lang='lat' dir='ltr'>Herm</span> <span class='ocrx_word' id='word_1_521' title='bbox 1237 5377 1397 5428; x_wconf 81' lang='lat' dir='ltr'>Arcr&#39;dr&#39;ocono</span> <span class='ocrx_word' id='word_1_522' title='bbox 1424 5375 1549 5430; x_wconf 58' lang='lat' dir='ltr'>ottranni</span> <span class='ocrx_word' id='word_1_523' title='bbox 1567 5373 1768 5430; x_wconf 69' lang='lat' dir='ltr'>Tarentini</span> 
     </span>
     <span class='ocr_line' id='line_1_51' title="bbox 86 5448 1378 5517; baseline 0.003 -19"><span class='ocrx_word' id='word_1_524' title='bbox 86 5465 114 5498; x_wconf 71' lang='lat' dir='ltr'>ur</span> <span class='ocrx_word' id='word_1_525' title='bbox 130 5448 252 5500; x_wconf 63' lang='lat' dir='ltr'>mot</span> <span class='ocrx_word' id='word_1_526' title='bbox 274 5477 306 5487; x_wconf 89' lang='lat'>-</span> <span class='ocrx_word' id='word_1_527' title='bbox 331 5449 408 5517; x_wconf 80' lang='lat' dir='ltr'>Vergl.</span> <span class='ocrx_word' id='word_1_528' title='bbox 427 5449 465 5502; x_wconf 82' lang='lat' dir='ltr'>die</span> <span class='ocrx_word' id='word_1_529' title='bbox 485 5449 620 5500; x_wconf 73' lang='lat' dir='ltr'>Urkrmdcn</span> <span class='ocrx_word' id='word_1_530' title='bbox 638 5465 693 5500; x_wconf 82' lang='lat' dir='ltr'>vom</span> <span class='ocrx_word' id='word_1_531' title='bbox 712 5454 728 5500; x_wconf 74' lang='lat'>2</span> <span class='ocrx_word' id='word_1_532' title='bbox 747 5452 845 5517; x_wconf 79' lang='lat' dir='ltr'>August</span> <span class='ocrx_word' id='word_1_533' title='bbox 866 5453 931 5500; x_wconf 71' lang='lat'>1144</span> <span class='ocrx_word' id='word_1_534' title='bbox 947 5451 1004 5500; x_wconf 77' lang='lat' dir='ltr'>und</span> <span class='ocrx_word' id='word_1_535' title='bbox 1019 5451 1055 5500; x_wconf 80' lang='lat'>20</span> <span class='ocrx_word' id='word_1_536' title='bbox 1076 5450 1176 5502; x_wconf 74' lang='lat' dir='ltr'>okorer</span> <span class='ocrx_word' id='word_1_537' title='bbox 1193 5451 1378 5504; x_wconf 72' lang='lat'>1173-1174.</span> 
     </span>
    </p>
   </div>
   <div class='ocr_carea' id='block_1_10' title="bbox 0 0 2081 6356">
    <p class='ocr_par' dir='ltr' id='par_1_24' title="bbox 0 0 2081 6356">
     <span class='ocr_line' id='line_1_52' title="bbox 0 0 2081 6356; baseline 0 0"><span class='ocrx_word' id='word_1_538' title='bbox 0 0 2081 6356; x_wconf 95' lang='lat' dir='ltr'> </span> 
     </span>
    </p>
   </div>
  </div>
 </body>
</html>
