4090 6358
308 299 344 346 12

303 480 396 535 scuto
426 470 502 552 piae
532 478 663 532 nostrae
693 466 909 550 protectionis
939 466 1084 548 undique
1115 464 1328 541 muniremus,
1360 463 1522 542 inclinati,
1549 465 1777 548 rogationibus
1807 470 1922 533 vestris
1947 479 1985 534 et

304 559 455 643 Hugonis
496 557 735 640 archiepiscopi
761 556 788 636 ¹)
830 576 891 638 per
924 555 1123 638 legationem
1165 573 1274 631 suam,
1317 554 1522 636 praedictam
1557 556 1751 620 canonicam
1794 559 1983 641 apostolico

304 650 482 713 munimine
501 645 533 732 ²)
557 645 800 710 defendendam
822 645 1016 728 suscipimus
1039 655 1073 709 et
1096 642 1327 709 confirmamus
1349 644 1421 720 sibi,
1446 645 1609 727 quidquid
1640 665 1726 709 nunc
1756 647 1839 711 iuste
1862 647 1983 714 habet:

304 741 411 822 ipsam
434 739 605 802 ecclesiam
628 737 661 799 in
688 736 815 799 honore
837 734 981 817 Virginis
1010 733 1224 817 gentiumque
1253 733 1398 797 doctoris
1429 743 1462 798 et
1485 735 1606 817 egregii
1638 736 1789 818 martyris
1818 737 1983 813 Authidii,

304 829 428 892 ibidem
451 826 692 910 requiescentis,
724 845 798 888 cum
822 824 976 888 omnibus
1006 823 1212 906 appendiciis
1234 823 1309 900 suis,
1342 842 1426 905 quae
1454 823 1570 888 habuit
1600 825 1642 888 ab
1672 825 1818 907 antiquo,
1849 827 1984 891 tertiam

305 927 433 1001 partem
465 917 507 981 de
538 916 670 980 teloneo
702 914 855 990 civitatis,
888 913 979 995 quod
1010 913 1151 995 exigitur
1180 934 1200 975 a
1229 911 1490 995 negotiatoribus
1520 913 1553 976 in
1583 915 1700 978 annuis
1738 925 1772 979 et
1805 917 1984 981 cotidianis

306 1008 464 1083 mercatis,
496 1007 579 1070 sicut
610 1005 824 1068 constitutum
853 1011 904 1066 est
932 1003 976 1067 ab
1006 1003 1150 1084 Hugone
1181 1000 1439 1084 archiepiscopo.
1485 1001 1726 1068 Confirmamus
1755 1006 1855 1069 etiam
1882 1008 1984 1070 vobis

305 1098 516 1160 medietatem
539 1095 739 1158 decimarum
762 1092 919 1156 ecclesiae
942 1093 1135 1156 Lenniensis
1152 1089 1182 1172 b)
1206 1100 1240 1154 et
1269 1090 1371 1155 altare
1401 1095 1509 1155 totum
1538 1102 1572 1155 et
1601 1093 1800 1176 capellarum
1832 1096 1984 1160 eiusdem

305 1187 416 1249 omnia
432 1187 547 1249 altaria
569 1193 603 1248 et
618 1184 660 1246 de
677 1182 813 1246 decimis
828 1190 964 1258 tantum,
989 1191 1148 1264 quantum
1172 1181 1391 1263 designabant
1412 1183 1593 1263 sequentia,
1617 1183 1742 1246 scilicet
1763 1184 1854 1266 apud
1867 1185 1984 1248 villare

304 1276 409 1340 sancti
424 1275 550 1338 Lazarii
568 1274 780 1336 medietatem
795 1271 997 1334 decimarum
1013 1281 1046 1335 et
1067 1272 1168 1334 altare
1182 1279 1299 1345 totum,
1322 1269 1412 1352 apud
1429 1271 1552 1335 Osseus
1565 1292 1644 1334 vero
1668 1282 1818 1354 quartam
1841 1285 1983 1356 partem,

306 1366 394 1447 apud
409 1363 636 1446 Rengavillam
659 1362 758 1426 etiam
781 1361 1000 1438 medietatem,
1024 1360 1114 1443 apud
1129 1360 1256 1425 Salinas
1279 1359 1438 1424 caldarias
1462 1360 1551 1437 duas,
1575 1361 1658 1426 sicut
1675 1362 1785 1428 bonae
1801 1365 1984 1428 memoriae

306 1457 405 1537 Hugo
435 1455 501 1517 suis
532 1451 679 1535 pecuniis
710 1450 885 1532 acquisitas
915 1450 1123 1533 supradictae
1155 1449 1337 1520 canonicae
1363 1449 1515 1527 tradidit,
1545 1450 1578 1513 in
1607 1451 1685 1514 villa
1716 1473 1863 1536 quoque,
1895 1474 1984 1536 quae

306 1545 424 1607 dicitur
445 1542 585 1618 Nanera,
613 1541 714 1604 altare
737 1540 840 1604 sancti
864 1540 978 1603 Lazari
1009 1559 1084 1603 cum
1108 1539 1261 1604 omnibus
1289 1538 1495 1622 appendiciis
1522 1539 1603 1616 suis,
1627 1541 1680 1605 vel
1712 1542 1874 1625 quidquid
1897 1544 1984 1607 iuste

306 1634 462 1715 deinceps
485 1631 683 1712 acquisitura
706 1639 756 1693 est
787 1639 855 1693 tarn
886 1629 919 1692 in
951 1629 1052 1705 terris,
1085 1648 1184 1711 quam
1216 1628 1250 1691 in
1281 1628 1384 1692 vineis
1407 1628 1586 1693 mobilibus
1616 1649 1655 1694 ac
1686 1631 1911 1697 immobilibus
1942 1655 1984 1697 ac

306 1722 477 1786 cuiuslibet
499 1721 627 1803 generis
654 1718 925 1801 possessionibus,
955 1719 1045 1783 salva
1067 1718 1101 1782 in
1133 1717 1286 1782 omnibus
1315 1717 1440 1800 proprii
1468 1718 1615 1801 episcopi
1647 1719 1760 1784 debita
1789 1723 1983 1787 reverentia.

306 1813 350 1874 Et
380 1813 512 1892 insuper
541 1809 713 1872 statuimus
741 1817 854 1871 nostra
883 1808 1067 1889 apostolica
1096 1807 1308 1882 authoritate,
1343 1817 1379 1871 ut
1408 1826 1476 1870 non
1506 1807 1604 1871 liceat
1632 1809 1881 1894 archiepiscopo
1915 1812 1982 1875 loci

307 1910 431 1963 mutare
454 1900 500 1964 ibi
524 1899 672 1962 ordinem
696 1897 929 1961 canonicorum
945 1906 1001 1960 aut
1023 1897 1180 1961 abbatem
1202 1895 1255 1959 vel
1276 1897 1503 1978 praepositum
1522 1897 1728 1975 constituere,
1748 1900 1804 1982 qui
1827 1900 1983 1966 fratribus

306 1991 437 2072 praesit,
461 1989 520 2052 sed
543 1997 672 2051 tantum
695 1987 857 2052 decanum
880 1985 925 2049 illi
949 1986 1011 2069 ipsi
1035 1985 1150 2051 iratres
1173 1987 1257 2050 inter
1279 2005 1315 2048 se
1338 1995 1371 2049 et
1394 1986 1436 2048 de
1451 1986 1517 2049 suis
1533 1985 1664 2069 eligant,
1689 1989 1855 2071 quinovit
1875 1992 1984 2074 magis

306 2079 465 2161 prodesse
488 2078 531 2141 ad
555 2095 765 2140 communem
788 2076 970 2153 utilitatem,
999 2096 1098 2158 quam
1121 2095 1253 2159 preesse
1276 2074 1321 2138 ad
1342 2075 1511 2157 propriam
1535 2075 1738 2158 dignitatem,
1762 2074 1858 2165 [sicut
1881 2081 1984 2144 etiam

307 2179 340 2232 et
352 2170 413 2251 ipsi
434 2164 477 2254 ο)]
495 2167 628 2231 cuilibet
640 2166 891 2248 archiepiscopo
907 2165 1072 2229 licentiam
1083 2166 1293 2248 denegamus,
1309 2163 1434 2246 aliquid
1449 2165 1576 2242 obesse,
1593 2167 1652 2230 sed
1667 2176 1796 2232 tantum
1811 2170 1982 2252 prodesse,

307 2258 501 2340 generaliter
524 2266 730 2339 exoptamus.
775 2255 811 2320 Si
835 2275 921 2337 quae
944 2255 1041 2338 igitur
1067 2276 1127 2332 res,
1159 2255 1267 2318 eidem
1290 2253 1469 2318 canonicae
1501 2254 1579 2318 data
1608 2265 1642 2319 et
1664 2277 1826 2339 possessa,
1857 2280 1983 2341 aquo

307 2367 483 2429 cumquam
514 2347 656 2428 litigiosa
686 2345 835 2420 creditur,
868 2365 910 2408 ne
940 2364 1014 2408 eam
1045 2345 1134 2426 prius
1165 2344 1319 2408 invadere
1343 2344 1448 2421 liceat,
1480 2364 1580 2427 quam
1603 2347 1726 2428 negotii
1750 2348 1851 2430 ipsius
1875 2349 1982 2412 deter-

308 2438 442 2500 minatio
465 2437 508 2500 sit
537 2445 663 2511 exacta,
694 2434 877 2517 apostolica
908 2434 1101 2497 auctoritate
1124 2453 1294 2498 censemus
1323 2443 1357 2498 et
1387 2433 1452 2510 hoc
1478 2433 1667 2512 statuimus,
1698 2445 1734 2500 ut
1763 2437 1851 2501 nulla
1879 2439 1982 2502 eccle·

306 2527 511 2590 siasticorum
533 2524 586 2588 vel
608 2525 822 2588 saecularium
845 2543 966 2606 magna
987 2524 1040 2587 vel
1063 2544 1166 2606 parva
1187 2542 1330 2607 persona
1359 2523 1543 2604 praefatam
1575 2525 1769 2589 canonicam
1799 2527 1983 2609 inquietare

307 2616 358 2679 vel
381 2615 505 2697 aliquid
528 2613 654 2690 horum,
683 2634 768 2696 quae
791 2633 877 2676 nunc
900 2611 1010 2690 habet,
1039 2613 1092 2676 vel
1116 2613 1271 2696 deinceps
1294 2611 1447 2676 habitura
1469 2622 1527 2690 est,
1558 2614 1601 2679 ab
1632 2615 1701 2678 eius
1731 2617 1799 2679 iure
1829 2617 1862 2679 in
1892 2617 1983 2681 aliud

308 2725 443 2788 quoquo
468 2704 569 2767 modo
592 2703 753 2767 violenter
780 2703 954 2766 transferre
985 2710 1182 2786 praesumat,
1213 2703 1305 2766 salvo
1335 2702 1368 2764 in
1399 2702 1553 2767 omnibus
1583 2702 1677 2767 huius
1699 2703 1870 2770 Romanae
1893 2707 1983 2770 sedis

307 2794 487 2876 privilegio.
525 2793 681 2875 Quisquis
697 2792 795 2875 igitur
808 2791 981 2856 temerario
1005 2812 1084 2855 ausu
1100 2792 1194 2857 huius
1217 2802 1348 2856 nostrae
1370 2792 1550 2855 sanctionis
1572 2792 1779 2876 privilegium
1794 2796 1985 2861 contraierit

307 2883 359 2946 vel
383 2883 462 2947 illud
485 2884 518 2945 in
534 2891 640 2945 totum
655 2882 707 2945 vel
723 2883 756 2945 in
779 2891 908 2964 partem
931 2881 1106 2964 infregerit,
1134 2882 1195 2946 nisi
1212 2881 1409 2957 admonitus,
1433 2881 1524 2964 quod
1539 2893 1654 2946 contra
1670 2893 1783 2948 nostra
1797 2886 1984 2967 apostolica

307 2982 429 3037 statuta
444 2972 625 3054 deliquerit,
649 2971 881 3048 emendaverit,
905 2971 1053 3048 moverit,
1076 2992 1112 3035 se
1127 2970 1330 3053 apostolicae
1345 2971 1695 3035 excommunicationis
1714 2984 1748 3037 et
1763 2975 1984 3039 anathematis

306 3062 436 3125 vinculo
459 3062 600 3144 graviter
622 3061 823 3124 innodatum.
869 3060 918 3124 At
932 3081 1020 3138 vero,
1045 3061 1100 3143 qui
1123 3061 1180 3143 pio
1205 3061 1322 3125 intuitu
1338 3068 1448 3125 custos
1464 3069 1498 3125 et
1517 3061 1711 3127 observator
1733 3063 1886 3143 extiterit,
1909 3085 1984 3148 per·

308 3161 426 3235 petuae
450 3150 690 3215 benedictionis
714 3149 917 3214 abundantia
939 3150 1110 3233 repleatur.

733 3240 799 3322 (R.)

466 3330 591 3394 Datum
611 3331 782 3408 Laterani,
812 3330 925 3395 Idibus
951 3328 1091 3412 Aprilis,
1114 3349 1175 3411 per
1200 3348 1334 3392 manum
1355 3329 1452 3407 Petri,
1474 3339 1608 3394 sanctae
1629 3331 1801 3397 Romanae
1824 3333 1985 3398 ecclesiae

307 3419 438 3482 diaconi
462 3429 495 3481 et
516 3419 743 3496 bibliotecarii,
768 3440 855 3484 anno
879 3432 951 3484 vm.
997 3417 1209 3482 Pontificatus
1233 3419 1345 3483 domni
1360 3418 1543 3484 Alexandri
1566 3441 1675 3504 papae
1698 3423 1842 3488 secundi.
1879 3423 1984 3487 Anno

307 3529 385 3572 vero
408 3507 451 3572 ab
476 3509 700 3573 incarnatione
724 3510 849 3573 domini
873 3521 1026 3574 Mvalm
1043 3505 1084 3594 d).
1129 3508 1313 3573 Indictione
1334 3523 1394 3572 V11.

465 3621 590 3688 Abschn'st
606 3623 650 3672 der
670 3623 729 3674 Call.
748 3622 851 3674 Moreau
867 3625 920 3675 ⁰73
929 3625 981 3691 fel.
999 3623 1057 3685 39¹³,
1076 3623 1132 3673 und
1144 3623 1198 3674 868
1207 3624 1261 3688 sol.
1280 3625 1323 3684 49,
1342 3623 1369 3672 in
1387 3623 1431 3673 der
1446 3623 1511 3679 Bibl.
1529 3623 1659 3676 Natienale
1675 3641 1705 3675 m
1724 3624 1804 3677 Paris.

471 3693 593 3744 Vermerkt
609 3694 652 3744 irt:
669 3711 699 3746 ex
718 3696 842 3748 cartulari.
878 3696 926 3747 Die
942 3695 1115 3764 beigeaeichnete
1132 3697 1195 3746 Rota
1204 3695 1285 3762 srihrt
1306 3694 1343 3746 dr'e
1364 3694 1518 3762 Unuclm'st:
1538 3692 1575 3768 -Ι-
1586 3697 1658 3748 Dens
1680 3703 1791 3750 nostrum
1814 3704 1856 3749 etc.
1874 3698 1931 3748 und
1946 3699 1985 3749 die

307 3764 440 3831 leuchn'ft:
457 3766 564 3833 Magnus
583 3766 699 3818 dominus
717 3774 759 3819 etc.

1064 4053 1130 4130 Nr.
1164 4057 1224 4128 13.

305 4203 489 4269 Alexander
511 4195 555 4268 17
573 4203 644 4269 eleut
666 4205 755 4269 allen
784 4204 939 4269 Getreuen
964 4203 1022 4270 des
1047 4204 1190 4289 heiligen
1216 4205 1332 4269 Petrus
1358 4203 1414 4268 die
1439 4201 1624 4290 Beilegung
1647 4205 1704 4270 des
1730 4205 1865 4272 Streites
1890 4208 1985 4272 hund

305 4293 466 4360 aruisclten
481 4293 542 4360 den
558 4294 714 4360 lanchen
728 4315 790 4358 uon
805 4293 1206 4360 Marnwutisr-lee-Tours
1220 4295 1290 4359 und
1301 4293 1407 4359 denen
1426 4315 1488 4358 ven
1504 4295 1615 4361 Redon
1631 4294 1689 4379 (D.
1715 4293 1855 4384 Vannes)
1870 4319 1984 4380 wegen

777 4383 838 4448 der
853 4381 977 4449 Kirclre
990 4403 1052 4448 vem
1066 4382 1278 4449 St.·Sauveur
1291 4385 1351 4469 (D.
1368 4383 1520 4464 Nautes).

1029 4520 1252 4584 1061-1073.

463 4650 655 4717 Alexander
671 4653 855 4736 episcopus,
879 4673 990 4718 servus
1005 4673 1172 4718 servorum
1196 4656 1257 4732 dei,
1281 4655 1435 4720 omnibus
1450 4656 1555 4720 sancti
1571 4655 1656 4721 Petri
1673 4653 1825 4720 fidelibus
1840 4655 1981 4721 salutem

305 4753 338 4805 et
360 4743 577 4825 apostolicam
599 4742 874 4806 benedictionem.
921 4743 1046 4807 Notum
1072 4744 1169 4809 vobis
1192 4745 1260 4810 fieri
1289 4746 1449 4824 volumus,
1480 4764 1579 4827 quem
1607 4745 1810 4809 admodum
1841 4747 1981 4829 questio,

305 4852 368 4919 que
392 4841 460 4895 erat
483 4832 568 4895 inter
594 4832 776 4896 monachos
799 4833 934 4896 Maioris
956 4833 1144 4898 monasterii
1175 4835 1279 4898 sancti
1303 4832 1435 4899 Martini
1466 4843 1500 4898 et
1521 4835 1713 4900 Rotonense
1745 4837 1981 4900 monasterium

304 4923 408 4984 sancti
431 4920 610 4984 Salvatoris
634 4923 743 4987 delata
766 4930 914 4987 estante
937 4933 1084 4987 nostram
1107 4922 1316 5000 audientiam,
1341 4923 1437 4987 fuerit
1463 4925 1652 4989 examinata
1674 4935 1709 4989 et
1730 4925 1878 5008 diligenti
1902 4945 1982 4990 cura

303 5019 501 5092 pertractata
524 5019 558 5074 et
573 5012 710 5076 consilio
731 5021 916 5076 nostrorum
931 5012 1076 5076 fidelium
1093 5011 1237 5077 definita.
1276 5013 1392 5094 Questi
1407 5022 1483 5077 sunt
1498 5014 1586 5078 enim
1600 5015 1809 5079 Rotonenses
1825 5015 1979 5079 monachi

304 5101 457 5163 adversus
481 5101 547 5162 iam
570 5101 676 5165 dictos
700 5101 881 5166 monachos
903 5102 1007 5166 sancti
1031 5101 1172 5179 Martini,
1204 5103 1295 5184 quod
1326 5102 1564 5167 contenderent
1593 5104 1640 5168 eis
1670 5104 1843 5169 ecclesiam
1872 5107 1979 5169 sancti

304 5189 491 5266 Salvatoris,
521 5191 618 5253 sitam
647 5191 731 5269 loco,
756 5191 811 5274 qui
834 5201 971 5256 vocatur
991 5191 1166 5268 Bairiacus,
1197 5193 1231 5255 in
1253 5191 1468 5256 Namnetensi
1491 5193 1615 5258 scilicet
1645 5194 1846 5277 episcopatu,
1878 5213 1979 5276 quam

302 5279 381 5342 olim
411 5279 472 5361 ipsi
503 5279 711 5345 Rotonenses
743 5280 966 5345 detenuissent
997 5302 1041 5344 ex
1070 5281 1284 5345 concessione
1315 5279 1483 5346 cuiusdam
1514 5282 1637 5360 militis,
1673 5283 1806 5348 nomine
1835 5283 1978 5362 Brienni,

302 5369 452 5449 quamvis
483 5368 583 5450 ipsius
615 5370 835 5435 concessionis
867 5370 970 5434 nullas
1001 5370 1125 5435 litteras
1156 5371 1355 5436 habuissent.
1410 5370 1533 5436 Contra
1570 5393 1653 5456 quos
1689 5371 1842 5437 monachi
1872 5375 1977 5437 sancti

462 5563 487 5630 a)
505 5579 553 5613 ven
575 5564 686 5614 inclinati
709 5563 744 5614 bis
769 5563 906 5614 munimine
920 5564 990 5630 fehlt
1011 5564 1038 5615 in
1055 5565 1086 5626 B,
1110 5565 1219 5632 offendar
1240 5581 1320 5634 wegm
1344 5566 1385 5616 des
1407 5565 1604 5633 vereargehendm
1628 5566 1781 5617 muniremus
1887 5567 1915 5634 b)
1939 5569 1983 5618 vel

301 5633 434 5684 Luniensis
514 5639 539 5697 c)
557 5652 605 5686 ven
622 5637 727 5687 andem
742 5635 824 5686 Hand
838 5635 864 5685 in
881 5635 919 5686 die
935 5633 1016 5687 Litcke
1034 5635 1109 5703 (868)
1128 5637 1250 5705 eingesiigt
1332 5637 1361 5706 d)
1379 5649 1429 5688 vu!
1447 5638 1478 5690 B.
1498 5677 1551 5684 ...-
1569 5641 1606 5704 .1)
1623 5637 1699 5706 Hugo
1716 5639 1749 5688 II
1760 5639 1790 5688 de
1807 5638 1976 5706 Moruseucon,

301 5705 446 5771 Enbbchof
456 5723 504 5757 von
521 5709 654 5770 Besanforr,
673 5725 694 5759 c.
713 5707 897 5758 root-1085.
