4126 6366
1675 336 1738 404 405

51 516 200 596 predicti
218 513 342 578 castelli
359 533 432 576 cum
449 521 538 576 turre
554 512 683 595 prefato
698 511 892 587 Rolandino,
909 512 991 575 sicut
1006 533 1066 595 per
1081 515 1275 576 sententiam
1294 513 1469 576 iudicatum
1486 523 1545 589 est,
1562 515 1741 588 restituant,

50 606 258 668 auctoritate
281 611 392 667 nostra
423 605 579 685 iniungas.
624 601 784 682 Alioquin
827 602 980 666 abbatem
1023 611 1057 665 et
1086 602 1263 684 capitulum
1297 609 1330 664 et
1360 623 1472 666 eorum
1507 604 1651 668 lautores
1682 623 1742 685 per

50 702 165 757 totam
189 695 355 757 diocesem
379 701 469 755 tuam
494 692 619 755 tamdiu
644 692 832 768 denunties,
865 691 998 774 pulsatis
1022 692 1191 774 campanis
1214 700 1248 755 et
1271 695 1415 756 accensis
1440 693 1584 757 candelis
1607 692 1742 774 singulis

50 784 235 846 dominicis
259 791 292 846 et
315 782 437 845 festivis
462 777 614 868 [diebu]5,
645 783 979 844 excommunicationi
1003 783 1194 864 suppositos
1226 789 1258 844 et
1290 783 1523 845 monasterium
1547 802 1641 844 suum
1665 802 1740 845 cum

51 872 214 935 omuibus
238 871 384 935 ecclesiis
408 880 441 934 et
465 871 616 948 castellis,
641 866 651 954 [
675 869 822 952 legaliter
845 867 900 956 ad]
923 873 1030 953 ipsum
1055 870 1301 952 pertinentibus,
1324 872 1533 952 suppositum
1558 871 1741 946 interdictu,

51 963 168 1025 donec
200 961 367 1024 castellum
400 980 474 1023 cum
506 969 609 1036 turre,
641 960 731 1023 iuxta
762 960 851 1041 quod
883 961 1097 1042 premisimus
1122 960 1293 1023 restituant
1322 967 1538 1023 memoratum
1578 969 1610 1024 et
1639 959 1741 1023 abbas

50 1053 132 1133 ipse
155 1071 255 1133 super
276 1053 375 1113 tantis
399 1049 588 1114 excessibus
611 1049 832 1112 satisfacturus
856 1058 968 1112 nostro
992 1069 1027 1112 se
1059 1051 1251 1131 conspectui
1282 1057 1496 1130 representet.
1543 1047 1598 1112 Sic
1631 1057 1740 1112 autem

51 1140 121 1203 hac
145 1141 217 1204 vice
240 1141 430 1203 mandatum
456 1148 604 1203 nostrum
628 1137 777 1201 volumus
815 1146 850 1200 ut
888 1141 1078 1220 exequaris,
1110 1139 1200 1221 quod
1231 1138 1375 1220 prelatus
1400 1139 1494 1202 miles
1517 1159 1581 1202 non
1605 1147 1741 1222 cogatur

51 1238 198 1312 propter
221 1229 284 1293 hoc
308 1229 440 1292 ulterius
464 1230 615 1294 laborare
643 1235 677 1290 et
707 1248 767 1290 nos
799 1236 914 1290 contra
946 1237 979 1291 te
1011 1249 1076 1290 non
1108 1229 1272 1309 possimus
1303 1247 1364 1309 pro
1394 1228 1592 1310 negligentia
1623 1229 1740 1292 merito

52 1320 272 1383 commoveri.
296 1355 339 1364 -
362 1318 486 1382 Datum
510 1317 671 1392 Laterani,
695 1332 720 1380 11
744 1316 817 1380 Kal.
841 1316 1050 1381 Novembris
1097 1316 1308 1380 Pontificatus
1331 1318 1432 1380 nostri
1456 1337 1542 1381 anno
1567 1327 1672 1382 sexto.

221 1434 376 1500 Begloubigte
394 1432 543 1498 Eirreelkopie
560 1433 600 1482 des
619 1434 652 1482 13
672 1433 776 1497 Jahrb,
800 1433 857 1482 und
871 1432 1023 1497 Absclmsten
1048 1447 1103 1482 vom
1122 1433 1155 1482 18
1174 1432 1268 1496 Jahrb.
1295 1433 1339 1483 der
1354 1433 1475 1498 Excerplo
1498 1449 1527 1483 ex
1544 1431 1648 1484 archivis
1665 1431 1743 1482 variis

50 1514 78 1570 p.
101 1507 161 1567 Hb,
180 1505 224 1556 der
241 1506 362 1570 Ercerpta
379 1521 408 1556 ex
424 1505 533 1556 archivio
550 1505 576 1555 S.
595 1504 665 1555 Flore
677 1511 705 1569 p.
725 1505 781 1565 54b,
799 1505 833 1554 irre
849 1504 965 1555 Archioio
986 1503 1118 1569 Capitolore
1135 1519 1166 1552 ne
1183 1505 1276 1555 Aream.

810 1895 876 1972 Nr.
902 1899 992 1972 483.

62 2029 208 2094 Co'lestin
225 2029 292 2112 HJ,
301 2030 461 2115 bewe‘llegt
474 2029 535 2095 den
552 2029 713 2094 olomhen
728 2051 788 2092 vore
804 2028 872 2093 San
888 2027 1042 2093 Severino
1056 2029 1095 2092 di
1109 2027 1241 2113 Napolr',
1264 2030 1342 2094 dass
1357 2031 1405 2094 sie
1420 2050 1484 2094 nur
1498 2030 1532 2094 in
1552 2028 1744 2114 Gegemoort

276 2179 277 2184 ,
361 2119 450 2184 ihres
464 2119 564 2184 Abtes
579 2119 658 2184 oder
672 2120 790 2183 Pre'oes
805 2139 864 2183 vor
881 2117 1016 2182 Gericlet
1023 2118 1157 2202 gestellt
1169 2120 1300 2184 werden
1314 2119 1444 2200 drirsen.

639 2238 723 2298 1196
738 2233 921 2299 November
934 2237 983 2298 11.
1016 2235 1166 2298 Lateron.

224 2371 446 2434 CELESHNUS
470 2369 661 2452 episcopus,
692 2390 805 2433 servus
827 2389 995 2433 servorum
1019 2371 1090 2446 dei,
1122 2369 1248 2434 dilectis
1278 2369 1359 2447 filiis,
1391 2370 1568 2433 conventui
1588 2369 1615 2456 ἃ)
1637 2371 1742 2434 sancti

56 2459 218 2534 Severini,
240 2459 378 2523 salutem
404 2467 437 2522 et
459 2459 677 2541 apostolicam
700 2459 974 2522 benedictionem.
1020 2459 1102 2523 Cum
1126 2460 1168 2523 ad
1185 2455 1369 2545 eviltandas
1385 2460 1549 2523 mundane
1564 2459 1743 2542 voluptatis

55 2549 233 2613 illecebras
257 2548 437 2631 regularem
461 2545 650 2635 elege[ri]tis
673 2548 875 2631 disciplinam
907 2558 940 2611 et
966 2569 1027 2612 vos
1050 2569 1123 2613 esse
1146 2550 1263 2613 deceat
1285 2550 1316 2611 in
1338 2549 1468 2613 claustri
1484 2550 1624 2625 silentio
1647 2547 1738 2622 non!

56 2642 90 2703 in
123 2639 319 2702 tumultibus
349 2638 536 2719 iurgiorum,
567 2657 667 2720 grave
696 2641 775 2701 satis
798 2638 927 2700 videtur
957 2646 991 2701 et
1014 2659 1033 2701 a
1056 2640 1183 2702 ratione
1214 2639 1385 2714 dissimile,
1416 2647 1451 2701 ut
1473 2659 1533 2702 vos
1565 2639 1741 2702 claustrum

56 2737 206 2792 vestrum
238 2729 424 2792 temeritate
447 2726 593 2807 qualibet
616 2729 742 2790 exeatis
772 2728 814 2789 ad
848 2747 962 2790 causas
999 2727 1051 2791 vel
1082 2730 1153 2792 sine
1185 2731 1386 2792 conscientia
1417 2727 1547 2791 abbatis
1578 2730 1677 2791 vestri
1709 2735 1743 2790 et

56 2819 180 2902 prioris
202 2817 336 2881 alicuius
359 2837 420 2879 vos
443 2817 564 2879 iudicio
595 2819 799 2900 presentetis
844 2815 1003 2879 Nolentes
1025 2817 1139 2898 igitur,
1171 2820 1279 2898 quod,
1312 2818 1501 2900 religionem
1526 2819 1742 2880 monasticam

56 2907 298 2987 relinquentes,
330 2914 423 2970 extra
446 2905 621 2969 claustrum
645 2909 829 2970 temeritate
853 2905 1000 2986 qualibet
1023 2907 1166 2989 evagetis
1189 2907 1242 2969 vel
1272 2907 1303 2969 in
1337 2908 1479 2970 claustro
1510 2907 1580 2970 sine
1612 2906 1742 2969 abbatis

56 2998 111 3060 vel
135 2999 257 3078 prioris
281 2997 446 3078 presentia
467 2995 670 3072 indicemini,
701 2998 897 3059 auctoritate
918 2995 1014 3058 vobis
1038 2997 1236 3078 presentium
1264 2997 1487 3080 indulgemuS,
1525 3004 1561 3059 ut
1598 2990 1685 3082 [n]ec
1709 2997 1742 3058 in

57 3087 223 3162 claustro,
255 3105 315 3149 nec
347 3095 441 3149 extra
472 3083 647 3148 claustrum
678 3087 811 3168 possitis
838 3085 882 3148 ab
905 3084 1015 3165 aliquo
1039 3086 1174 3150 iudicari
1197 3086 1249 3149 vel
1277 3084 1361 3149 trahi
1392 3086 1434 3150 ad
1459 3105 1589 3160 causas,
1620 3085 1679 3148 nisi
1710 3085 1742 3147 in

57 3177 230 3258 presentia
260 3175 390 3238 abbatis
422 3175 570 3238 eiusdem
602 3175 791 3238 monasterii
813 3174 866 3237 vel
897 3175 1022 3256 prioris.
1069 3175 1284 3240 Decernimus
1307 3196 1401 3258 ergo,
1432 3183 1468 3238 ut
1498 3174 1575 3238 nulli
1607 3174 1741 3237 omnino

56 3265 232 3328 hominum
257 3264 369 3339 liceat,
399 3261 486 3326 hanc
516 3271 628 3327 nostre
660 3264 812 3346 paginam
844 3264 1065 3328 concessionis
1089 3261 1288 3351 [in]sringere
1326 3265 1378 3330 vel
1411 3267 1440 3329 ei
1464 3285 1544 3328 ausu
1567 3265 1741 3328 temerario

57 3356 237 3419 contraire.
282 3351 318 3416 Si
342 3354 415 3434 quis
439 3362 547 3417 autem
571 3353 636 3416 hoc
659 3360 857 3437 attemptare
880 3353 1124 3436 presumpserit,
1148 3355 1407 3437 indignationem
1431 3355 1665 3438 omnipotentis
1688 3353 1742 3415 dei

57 3454 94 3507 et
116 3444 295 3507 beatorum
317 3444 404 3506 Petri
428 3449 462 3504 et
481 3439 486 3528 Ι
506 3442 602 3519 Pauli,
625 3443 854 3526 apostolorum
878 3444 956 3517 eius,
980 3463 1016 3506 se
1039 3444 1166 3507 noverit
1188 3445 1399 3508 incursurum.
1423 3480 1467 3492 -
1489 3443 1565 3507 Dat.
1580 3443 1742 3518 Laterani,

57 3549 99 3598 111
123 3533 204 3598 Idus
227 3532 408 3597 Novembr.
452 3532 667 3596 Pontificatus
691 3535 793 3596 nostri
816 3552 901 3596 anno
924 3540 1020 3596 sexto
1039 3529 1078 3618 b).
1249 3541 1252 3548 '

228 3647 271 3697 Or.
292 3645 451 3713 (Pergameno
468 3647 496 3696 di
516 3647 592 3696 Curr‘o
609 3650 663 3697 eccl.
683 3645 722 3712 J),
741 3647 775 3696 im
791 3645 906 3697 Archr'oio
923 3645 951 3695 di
967 3646 1034 3696 Stolo
1051 3663 1082 3695 ru
1099 3645 1196 3712 stapel.

226 3719 296 3785 Perg.
315 3721 376 3782 eae,
393 3721 428 3768 br.
449 3720 535 3780 0325,
560 3721 621 3785 long
638 3721 705 3780 0,1o,
730 3726 806 3769 unten
824 3734 844 3769 c.
863 3720 942 3780 0,026
965 3720 1156 3784 umgesclelogen,
1185 3718 1263 3768 durch
1288 3718 1345 3770 awti
1370 3717 1463 3768 Lo'cleer
1483 3718 1550 3784 ging
1572 3717 1609 3768 die
1634 3718 1740 3778 Selorur,

56 3793 147 3842 welche
164 3791 210 3841 πάι
226 3791 279 3841 dem
296 3791 423 3859 Bleisr‘egel
436 3793 554 3852 verloren,
573 3791 682 3857 Faltrorg
698 3792 742 3841 der
758 3792 861 3841 Breuem.

810 4181 876 4257 Nr.
903 4186 993 4258 484.

62 4316 208 4382 Citlestin
225 4316 290 4380 III
302 4315 419 4380 nimmt
432 4315 494 4380 den
510 4315 641 4380 Dialeon
655 4316 768 4381 Alberi
781 4336 842 4378 von
862 4313 982 4379 Coeneo
997 4315 1058 4396 (D.
1074 4316 1216 4396 Parma)
1240 4317 1304 4379 mit
1328 4315 1415 4380 allen
1437 4313 1543 4380 seinen
1562 4315 1685 4381 Gritern
1707 4317 1741 4380 in

714 4404 946 4488 apostoliscleen
963 4403 1091 4470 Schute.

687 4524 772 4585 1197
786 4521 864 4584 Mai
876 4524 932 4584 28.
965 4521 1117 4584 Lateron.

224 4653 446 4718 CELESTINUS
469 4656 655 4738 episcopus,
686 4676 799 4719 servus
821 4675 991 4719 servorum
1015 4655 1083 4730 dei,
1114 4655 1235 4719 dilecto
1259 4655 1327 4718 filio
1349 4656 1502 4733 Alberto,
1533 4658 1674 4722 diacono
1698 4659 1740 4722 de

57 4744 204 4808 Coentio
222 4741 255 4828 ¹),
278 4743 415 4808 salutem
441 4753 474 4808 et
496 4744 712 4826 apostolicam
728 4745 1001 4809 benedictionem.
1023 4741 1028 4828 Ι
1048 4741 1266 4808 Sacrosancta
1281 4746 1432 4809 Romana
1447 4746 1585 4811 ecclesia
1600 4747 1740 4812 devotos

57 4845 92 4897 et
115 4831 256 4896 humiles
278 4832 363 4897 filios
387 4853 430 4896 ex
453 4840 582 4896 assuete
606 4836 738 4916 pietatis
755 4835 865 4898 officio
880 4836 1075 4916 propensius
1091 4834 1224 4917 diligere
1240 4831 1427 4919 conisuevit
1443 4844 1484 4910 et,
1508 4857 1548 4899 ne
1565 4857 1740 4919 pravorum

55 4921 231 4985 hominum
257 4922 415 4986 molestiis
438 4925 608 5006 agitentur,
641 4944 698 4987 eos
721 4932 890 5004 tamquam
921 4923 974 5006 pia
1006 4930 1111 4986 mater
1140 4943 1199 4986 sue
1222 4925 1435 5006 protectionis
1463 4926 1641 4989 munimine
1665 4946 1741 4990 con·

56 5011 184 5074 fovere.
230 5010 431 5095 Eapropter,
462 5010 583 5076 dilecte
606 5014 638 5075 in
662 5014 797 5076 domino
821 5013 880 5089 fili,
914 5013 1140 5088 devotionem,
1170 5032 1270 5093 quam
1294 5033 1372 5096 erga
1395 5015 1527 5078 beatum
1551 5017 1682 5079 Petrum
1707 5023 1742 5078 et

57 5121 120 5164 nos
144 5103 237 5183 ipsos
261 5099 384 5165 habere
407 5101 595 5178 dinosceris,
620 5103 837 5180 attendentes,
861 5122 1037 5185 personam
1060 5110 1151 5166 tuam
1176 5123 1250 5166 cum
1274 5103 1425 5166 omnibus
1441 5105 1536 5168 bonis
1551 5114 1618 5169 tarn
1636 5105 1741 5169 eccle·

56 5191 199 5254 siasticis
215 5209 313 5270 quam
331 5191 511 5266 mundanis,
535 5212 599 5273 que
615 5191 647 5253 in
670 5194 906 5274 presentiarum
931 5191 1168 5255 rationabiliter
1191 5193 1343 5274 possides
1366 5202 1421 5256 aut
1442 5194 1632 5258 infuturum
1649 5197 1740 5258 iustis

57 5281 180 5354 modis,
204 5287 371 5362 prestante
386 5281 530 5355 domino,
547 5283 672 5362 poteris
688 5282 836 5363 adipisci,
855 5281 916 5345 sub
934 5282 1022 5345 beati
1037 5281 1122 5344 Petri
1139 5290 1172 5345 et
1187 5290 1300 5345 nostra
1315 5286 1522 5364 protectione
1538 5285 1740 5366 suscipimus,

56 5368 245 5452 specialiter
268 5378 377 5434 autem
401 5369 603 5445 beneficium,
627 5371 718 5452 quod
741 5370 844 5435 habes
867 5372 898 5434 in
923 5370 1060 5434 ecclesia
1083 5379 1197 5434 sancte
1214 5370 1332 5435 Cecilie
1356 5375 1464 5454 capite
1487 5376 1598 5455 pontis
1615 5373 1740 5449 Parme,

56 5461 145 5522 sicut
167 5458 249 5523 illud
272 5459 355 5522 iuste
386 5479 425 5522 ac
455 5461 525 5523 sine
555 5461 777 5524 controversia
804 5461 970 5544 possides,
1002 5462 1176 5524 autoritate
1207 5461 1267 5524 tibi
1291 5462 1474 5543 apostolica
1509 5463 1741 5528 confirmamus

220 5762 247 5826 a)
267 5759 385 5809 onventui
402 5759 456 5826 aus
469 5761 555 5810 Rosur
626 5760 653 5828 b)
673 5775 701 5810 se
719 5761 772 5826 ores
783 5761 876 5812 Rosur.
896 5800 947 5807 -
967 5763 1004 5828 ,1)
1028 5763 1105 5828 Vergl.
1124 5765 1147 5812 Α
1146 5763 1194 5830 ffo,
1214 5763 1295 5814 Storr'o
1312 5763 1340 5812 di
1357 5764 1456 5826 Poma,
1476 5763 1523 5813 III
1533 5771 1558 5829 p.
1576 5767 1637 5816 276.
