4126 6366
324 337 389 408 344

1067 515 1133 592 Nr.
1161 519 1249 593 392.

330 650 438 715 Urbon
454 649 520 714 III
529 645 678 731 bostc'z'togt
692 646 765 711 dem
782 647 932 729 Bisclzose
946 647 1155 713 Hildebrond
1167 671 1228 714 oon
1253 648 1397 714 Voltorra
1411 649 1473 714 das
1489 649 1752 714 Patronotsrecht
1772 647 1837 712 der
1854 645 2000 727 Kirchen,

955 735 989 801 o'n
1004 738 1145 803 walchen
1161 761 1199 803 er
1211 761 1246 803 es
1261 739 1382 803 besitzt.

887 855 974 917 1187
987 852 1174 938 September
1188 858 1218 919 6.
1259 852 1380 919 Verona
1398 857 1435 938 ¹).

481 971 655 1037 URBANUS
671 973 855 1055 episcopus,
871 992 982 1034 servus
997 991 1163 1034 servorum
1181 972 1243 1047 dei,
1256 971 1434 1035 venerabili
1452 971 1541 1035 fratri
1557 970 1765 1046 Ildebraudo,
1779 968 2000 1033 Vulterranno

323 1064 483 1145 episcopo
499 1059 533 1146 Ἰ,
558 1063 696 1125 salutem
720 1073 753 1125 et
773 1059 778 1145 Ι
798 1059 1015 1143 apostolicam
1038 1061 1315 1124 benedictionem.
1361 1061 1454 1124 Ordo
1478 1062 1613 1124 rationis
1637 1059 1830 1142 expostulat
1853 1069 1888 1123 et
1905 1059 2002 1122 eccle·

323 1152 452 1215 siastice
483 1150 630 1214 utilitatis
660 1151 881 1215 consideratio
913 1171 972 1214 nos
1004 1151 1130 1227 invitat,
1168 1150 1282 1214 fratres
1302 1146 1329 1234 ειΙ
1349 1147 1354 1234 Ι
1376 1161 1409 1213 et
1438 1151 1658 1232 coepiscopos
1688 1159 1821 1212 nostros
1855 1148 2002 1230 ampliori

323 1243 459 1304 caritate
481 1239 619 1322 diligere
646 1250 680 1303 et
710 1241 810 1303 iustas
833 1239 1073 1322 postulationes
1096 1260 1210 1303 eorum
1233 1239 1424 1303 clementius
1447 1249 1481 1302 et
1504 1239 1669 1301 efficacius
1692 1239 1860 1301 exaudire.
1908 1237 2001 1313 Sane,

323 1350 398 1392 cum
421 1329 510 1412 apud
531 1330 645 1392 sedem
668 1349 756 1392 esses
773 1329 990 1411 apostolicam
1006 1330 1211 1403 constitutus,
1235 1330 1355 1391 nostris
1375 1330 1507 1392 auribus
1522 1328 1687 1404 intimasti,
1712 1329 1804 1409 quod
1820 1329 1856 1390 in
1872 1328 2002 1409 quibus

324 1419 401 1482 dam
431 1418 576 1482 ecclesiis
609 1420 658 1482 ius
688 1419 811 1482 habeas
843 1428 1051 1501 patronatuS,
1084 1418 1224 1482 obtentu
1255 1418 1345 1481 cuius
1372 1437 1587 1500 personarum
1611 1416 1778 1480 electionis
1802 1427 1879 1480 tuus
1905 1418 2001 1481 debet

323 1529 395 1571 esse
418 1527 607 1584 consensus,
631 1529 696 1590 que
719 1509 752 1570 in
776 1528 831 1571 eas
855 1509 973 1571 luerint
994 1508 1176 1572 statuende
1215 1508 1263 1574 Ut
1279 1507 1376 1588 igitur
1392 1509 1460 1571 iura
1475 1519 1531 1570 tua
1555 1509 1588 1569 in
1608 1505 1671 1569 hac
1690 1517 1785 1588 parte
1800 1507 1863 1572 tibi
1880 1507 2001 1570 illibata

321 1608 504 1672 serventur,
537 1599 697 1679 presentis
729 1599 840 1681 scripti
872 1597 995 1679 pagina
1025 1597 1179 1660 duximus
1208 1596 1464 1678 indulgendum,
1498 1607 1534 1659 ut
1566 1606 1709 1659 rectores
1737 1616 1795 1658 seu
1828 1597 1999 1678 presbiteri

322 1685 532 1750 ecclesiarum
556 1686 691 1760 illarum,
723 1688 756 1750 in
786 1687 904 1768 quibus
937 1687 985 1749 ius
1015 1696 1208 1769 patronatus
1239 1683 1362 1749 habere
1393 1686 1611 1767 dignosceris,
1642 1686 1727 1747 sicut
1757 1685 1800 1748 de
1834 1687 1904 1748 iure
1936 1685 1999 1748 lieri

323 1776 433 1852 debet,
457 1795 530 1838 cum
555 1786 612 1839 tuo
635 1796 767 1858 semper
789 1777 997 1840 instituantur
1013 1793 1156 1838 assensu.
1186 1775 1222 1838 Si
1239 1794 1305 1856 qua
1320 1795 1398 1837 vero
1414 1777 1537 1858 scripta
1551 1793 1652 1856 super
1667 1773 1717 1836 his
1734 1774 1766 1836 in
1783 1776 1999 1855 preiudicium

324 1865 399 1928 iuris
430 1867 476 1927 tui
508 1867 735 1947 apparuerint,
773 1867 908 1928 veritate
939 1865 1041 1927 tacita
1072 1865 1247 1946 impetrata
1277 1863 1444 1940 nolumus,
1484 1874 1520 1927 ut
1550 1864 1626 1926 huic
1656 1863 1861 1944 indulgentie
1894 1877 2000 1927 nostre

324 1955 495 2017 obsistant.
548 1954 636 2017 Nulli
668 1975 746 2036 ergo
779 1955 915 2018 omnino
945 1955 1115 2016 hominum
1147 1953 1260 2029 liceat,
1298 1951 1385 2016 hanc
1424 1955 1581 2035 paginam
1617 1962 1727 2015 nostre
1757 1955 1999 2018 constitutionis

324 2043 497 2124 infringere
516 2043 568 2105 vel
591 2045 620 2106 ei
644 2065 723 2107 ausu
747 2045 919 2107 temerario
943 2044 1113 2106 contraire.
1159 2043 1193 2106 Si
1219 2043 1291 2124 quis
1315 2052 1425 2106 autem
1448 2041 1513 2106 hoc
1537 2053 1734 2123 attemptare
1757 2045 1998 2125 presumpserit

324 2129 596 2217 indignati'onem
620 2133 856 2215 omnipotentis
872 2132 924 2195 dei
942 2143 974 2195 et
998 2133 1171 2196 beatorum
1188 2129 1272 2195 Petri
1297 2140 1329 2194 et
1345 2132 1445 2209 Pauli,
1470 2131 1697 2213 apostolorum
1721 2131 1800 2208 eius,
1824 2153 1861 2195 se
1877 2133 1999 2195 noverit

323 2222 533 2285 incursurum.
557 2219 625 2306 -Ι
646 2224 722 2285 Dat.
746 2223 887 2298 Verone,
914 2219 1022 2306 v111b)
1044 2220 1122 2284 Idus
1145 2218 1359 2302 Septembris

486 2335 529 2389 Or.
547 2336 603 2385 und
618 2337 742 2402 Abschn'fl
759 2337 799 2386 des
820 2335 876 2390 Cod.
896 2335 964 2398 Dipl.
986 2335 1006 2396 I,
1026 2335 1059 2385 im
1076 2335 1191 2385 Arctoo
1214 2331 1329 2384 Vcscoor'le
1346 2351 1376 2384 uc
1400 2335 1515 2386 loom.

485 2407 554 2472 arg.
575 2409 636 2468 aaa,
654 2409 690 2457 or.
709 2410 792 2469 onos,
810 2410 872 2473 loa
888 2409 973 2467 onor,
992 2415 1066 2456 mm
1085 2409 1162 2467 0,016
1178 2409 1368 2474 umgascnagen,
1386 2407 1466 2457 durch
1482 2406 1541 2456 soei
1557 2405 1649 2457 Locro
1662 2405 1725 2472 gog
1742 2406 1780 2456 oe
1798 2405 1908 2466 Sem,
1920 2409 2001 2456 aaa

322 2478 367 2528 nul
383 2478 436 2528 dem
454 2477 580 2546 Bler'sicgel
593 2481 713 2540 oohrm,
731 2480 841 2546 Foltmg
856 2481 901 2529 der
918 2479 1021 2530 Breven.

1068 2763 1135 2838 Nr.
1163 2767 1252 2838 393.

329 2895 457 2979 Gregor
477 2893 567 2961 VIII
578 2895 695 2961 nimmt
707 2897 762 2960 die
776 2894 1054 2978 Kollegiatkircke
1064 2893 1133 2958 San
1148 2893 1320 2959 Geooanni
1335 2897 1368 2959 z'n
1381 2895 1490 2959 Monte
1513 2894 1553 2958 di
1571 2895 1712 2979 Bologno
1729 2896 1763 2960 In
1774 2895 2000 2981 apostoluchen

677 2983 793 3050 Schuta
807 2985 877 3050 und
889 2984 1038 3068 bestc'z'tigt
1053 2983 1125 3047 iIore
1141 2985 1377 3050 Besitatlolmer
1390 2985 1461 3048 und
1474 2983 1590 3048 Rechte
1607 2985 1647 3070 ⁸).

918 3100 1004 3162 1187
1024 3095 1155 3163 October
1169 3103 1221 3165 31.
1255 3101 1408 3164 Ferrora.

483 3218 659 3300 Gregorius
687 3218 871 3300 episcopus,
902 3236 1013 3279 servus
1044 3236 1210 3280 servorum
1241 3218 1302 3292 dei,
1333 3216 1461 3279 dilectis
1493 3215 1567 3279 filiis
1591 3266 1597 3278 .
1622 3266 1628 3279 .
1654 3265 1661 3278 .
1684 3217 1784 3298 priori
1806 3215 1834 3303 c)
1868 3217 2000 3280 ecclesie

323 3316 510 3369 sanctorum
526 3305 670 3370 Victoris
693 3317 726 3369 et
741 3305 896 3369 Iohannis
919 3305 961 3368 de
977 3306 1093 3368 Monte
1117 3307 1250 3388 eiusque
1271 3307 1431 3382 iratribus,
1457 3315 1523 3368 tam
1540 3306 1746 3387 presentibus
1763 3327 1866 3388 quam
1883 3307 1999 3382 futuris,

324 3397 516 3458 canonicam
527 3397 629 3459 vitam
642 3397 807 3478 professis,
818 3407 855 3457 ΙΝ
865 3406 941 3457 ΡΡΜ.
957 3429 1001 3440 -·
1021 3392 1026 3476 Ι
1047 3394 1131 3460 Cum
1142 3397 1242 3459 simus
1251 3396 1293 3457 ad
1310 3415 1422 3458 curam
1438 3404 1471 3458 et
1486 3395 1632 3475 regimen
1648 3397 1839 3459 universalis
1856 3397 1999 3470 ecclesie,

323 3484 400 3548 licet
424 3485 583 3562 immeriti,
608 3486 817 3567 providentia
839 3503 979 3566 superne
1003 3484 1228 3566 dispositionis
1252 3485 1420 3567 assumpti,
1444 3485 1469 3547 si
1487 3483 1621 3565 quando
1638 3486 1847 3566 postulantur
1862 3507 1883 3549 a
1899 3486 1999 3558 nobis,

324 3595 387 3656 que
410 3576 454 3638 ad
476 3575 650 3637 tuitionem
673 3574 882 3638 ecclesiarum
905 3574 1098 3655 pertineant,
1120 3569 1125 3658 Ι
1146 3575 1328 3655 petentium
1352 3573 1521 3636 desideriis
1551 3573 1730 3636 clementer
1759 3594 1820 3638 nos
1850 3575 2001 3638 convenit

323 3664 588 3727 condescendere
626 3674 660 3728 et
702 3682 814 3726 eorum
844 3670 923 3725 vota
955 3662 1073 3725 effectu
1106 3675 1327 3745 prosequente
1359 3661 1535 3744 complere.
1590 3663 1794 3745 Eapropter,
1826 3664 1939 3727 dilecti
1970 3664 1999 3725 in

324 3752 459 3816 domino
473 3753 538 3829 lilii,
551 3754 665 3815 vestris
679 3753 769 3816 iustis
780 3751 1058 3834 postulationibus
1077 3751 1255 3814 clementer
1270 3752 1441 3814 annuimus
1456 3759 1490 3814 et
1508 3747 1537 3834 d)
1553 3751 1717 3832 prefatam
1735 3749 1765 3836 d)
1781 3753 1957 3817 ecclesiam
1974 3749 2000 3834 d)

322 3852 510 3905 sanctorum
533 3841 677 3906 Victoris
700 3850 734 3904 et
755 3841 910 3904 Iohannis
933 3840 975 3903 de
998 3841 1122 3916 Monte,
1153 3841 1186 3902 in
1219 3861 1284 3922 qua
1316 3841 1426 3904 divino
1450 3841 1528 3902 estis
1552 3839 1717 3923 obsequio
1741 3843 1930 3926 mancipati,
1960 3841 1999 3903 ad

323 3931 493 4013 exemplar
515 3931 618 3994 felicis
641 3931 877 3994 recordationis
900 3929 1117 3992 ALEXANDRI
1140 3949 1228 4011 pape
1243 3926 1278 4015 ⁴),
1308 3930 1549 4012 predecessoris
1572 3931 1686 4006 nostri,
1718 3931 1780 3993 sub
1804 3931 1895 3994 beati
1919 3930 1999 3994 Petri

323 4027 356 4082 et
379 4031 491 4082 nostra
514 4022 721 4102 protectione
744 4019 939 4101 suscipimus
963 4028 997 4080 et
1019 4019 1179 4099 presentis
1202 4019 1314 4102 scripti
1339 4018 1508 4102 privilegio
1533 4019 1782 4082 communimus.
1828 4019 1999 4102 Inprimis

322 4109 485 4190 siquidem
509 4116 697 4185 statuentes,
721 4119 757 4170 ut
780 4109 863 4170 ordo
887 4108 1072 4180 canonicus,
1097 4107 1151 4188 qui
1175 4108 1353 4171 secundum
1378 4108 1476 4171 deum
1500 4118 1534 4171 et
1557 4108 1647 4172 beati
1663 4108 1839 4190 Augustini
1857 4110 1999 4191 regulam

323 4199 356 4261 in
387 4199 506 4262 eodem
536 4199 612 4261 loco
641 4197 806 4260 institutus
836 4216 908 4259 esse
939 4196 1133 4275 dinoscitur,
1172 4198 1340 4278 perpetuis
1378 4197 1502 4260 ibidem
1533 4199 1739 4280 temporibus
1771 4198 2000 4262 inviolabiliter

322 4287 522 4352 observetur.
567 4289 726 4362 Preterea,
759 4305 981 4368 quascumque
1012 4285 1253 4366 possessiones,
1292 4306 1498 4369 quecumque
1532 4286 1622 4349 bona
1653 4288 1769 4351 eadem
1801 4288 1941 4352 ecclesia
1970 4288 1998 4349 in

322 4377 559 4459 presentiarum
575 4377 659 4439 iuste
675 4382 709 4438 et
724 4375 883 4438 canonice
905 4374 1056 4456 possidet
1078 4381 1134 4436 aut
1157 4375 1190 4437 in
1207 4375 1349 4438 futurum
1373 4376 1588 4439 concessione
1603 4377 1807 4458 pontificum,
1829 4377 1999 4460 largitione

322 4485 435 4547 regum
458 4466 510 4530 vel
533 4466 727 4548 principum,
752 4463 920 4527 oblatione
943 4463 1087 4525 fidelium
1111 4483 1167 4526 seu
1184 4463 1254 4526 aliis
1270 4466 1361 4527 iustis
1381 4465 1498 4540 modis,
1523 4473 1693 4546 prestante
1709 4466 1856 4542 domino,
1879 4467 1998 4548 poterit

323 4554 476 4636 adipisci,
509 4554 602 4618 firma
624 4555 719 4618 vobis
746 4555 926 4634 vestrisque
956 4552 1198 4615 successoribus
1231 4563 1265 4616 et
1294 4553 1420 4618 illibata
1453 4562 1678 4635 permaneant.
1724 4554 1762 4618 In
1793 4556 1914 4637 quibus
1943 4557 1999 4618 hec

322 4645 463 4726 propriis
487 4644 639 4707 duximus
661 4642 877 4726 exprimenda
900 4640 1084 4704 vocabulis:
1110 4641 1182 4704 loca
1206 4643 1286 4724 ipsa,
1311 4643 1343 4705 in
1368 4643 1487 4725 quibus
1510 4643 1638 4724 prefate
1662 4645 1799 4708 ecclesie
1814 4653 1997 4708 sanctorum

321 4730 467 4796 Victoris
490 4743 524 4796 et
546 4733 700 4796 Iohannis
724 4733 785 4796 site
808 4741 892 4806 sunt,
916 4751 990 4793 cum
1013 4730 1168 4793 omnibus
1191 4732 1390 4813 appenditiis
1413 4734 1487 4810 suis,
1512 4751 1629 4795 omnes
1652 4734 1889 4816 possessiones,
1922 4753 1996 4816 quas

321 4821 452 4886 habetis
491 4823 524 4885 in
555 4823 645 4898 loco,
686 4822 741 4903 qui
773 4822 891 4884 dicitur
912 4819 1079 4900 Lupulent
1113 4829 1147 4882 et
1176 4819 1350 4903 Argellant
1380 4832 1414 4886 et
1445 4823 1560 4885 Flenss
1581 4820 1608 4905 e)
1639 4833 1673 4886 et
1705 4821 1889 4886 Castanasii
1908 4821 1939 4908 f)
1968 4833 1997 4884 et

322 4910 520 4976 Casellarum
542 4923 576 4974 ct
599 4911 727 4974 Paterni
752 4930 790 4972 ac
814 4909 939 4973 Gleule.
986 4906 1152 4990 Quicquid
1176 4911 1275 4972 etiam
1299 4911 1375 4974 iuris
1398 4912 1528 4974 habetis
1559 4911 1643 4975 inira
1665 4912 1826 4974 ambitum
1850 4911 1996 4976 Bononie

321 5000 373 5064 vel
397 5011 491 5064 extra
513 5002 546 5063 in
570 5001 763 5083 episcopatu
786 4997 997 5072 Bononiensi,
1021 5007 1055 5060 et
1078 4997 1233 5080 quicquid
1257 5000 1325 5063 iure
1347 5001 1585 5082 emphiteotico
1601 5001 1732 5084 prelata
1747 5001 1889 5064 ecclesia
1904 5002 1996 5065 habet

322 5090 364 5154 ab
396 5091 534 5154 ecclesia
562 5089 666 5152 sancti
697 5085 868 5170 Stephani.
925 5085 1012 5150 Sane
1050 5086 1215 5150 novalium
1246 5096 1436 5166 vestromm,
1476 5111 1540 5171 que
1580 5092 1726 5172 propriis
1764 5091 1918 5155 manibus
1948 5097 1997 5152 aut

321 5179 507 5262 sumptibus
530 5177 652 5253 colitis,
682 5178 750 5240 siue
781 5177 823 5241 de
854 5176 1059 5240 nutrimentis
1089 5177 1278 5240 animalium
1315 5186 1497 5242 vestrorum
1538 5181 1690 5244 decimas
1721 5199 1741 5242 a
1772 5180 1870 5242 vobis
1901 5179 1996 5242 nullus

322 5279 519 5351 extorquere
542 5278 717 5350 presumat
764 5265 846 5331 Cum
870 5273 980 5329 autem
1003 5267 1156 5347 generale
1178 5267 1387 5331 interdictum
1409 5276 1495 5333 terre
1518 5269 1624 5346 fuerit,
1650 5270 1747 5334 liceat
1761 5269 1868 5347 vobis,
1892 5267 1995 5331 clamis

321 5403 425 5411 m.-
669 5399 745 5407 ——n

481 5473 506 5515 al
525 5477 566 5512 res
584 5464 638 5528 auf
650 5464 736 5510 Rorur
805 5460 833 5525 b)
851 5476 897 5510 vor
913 5459 937 5509 V
955 5461 1005 5510 eine
1023 5459 1111 5509 andere
1130 5459 1196 5511 Zaa
1210 5461 1336 5511 madir!
1407 5467 1431 5520 c)
1450 5464 1565 5514 ewischon
1591 5463 1650 5513 liliis
1677 5463 1733 5514 nord
1749 5462 1829 5527 priori
1853 5465 1935 5512 Rom
1951 5475 1992 5510 eor

321 5536 401 5596 uoto
412 5533 572 5600 frogelasscn
582 5535 637 5600 fitr
653 5533 699 5583 den
711 5533 807 5582 Nomou
895 5531 923 5596 d)
941 5532 995 5596 aus
1008 5533 1093 5580 Ram
1182 5533 1207 5598 e)
1226 5532 1307 5583 Fless'
1331 5549 1356 5582 so
1373 5537 1437 5585 auct
1461 5535 1488 5586 in
1515 5536 1559 5585 der
1569 5535 1643 5584 Bulla
1660 5533 1755 5584 Lurius
1775 5535 1823 5584 III
1836 5535 1893 5584 und
1906 5533 1995 5585 ortas

321 5607 343 5666 l)
363 5605 580 5657 danaorum.
599 5644 651 5651 -
674 5605 709 5669 J)
728 5605 795 5653 Doss
813 5604 885 5654 dieses
901 5604 1021 5653 Brevein
1047 5603 1091 5652 dos
1113 5603 1184 5668 Jaler
1200 5606 1264 5654 1181
1287 5604 1377 5671 gehon,
1402 5607 1470 5656 wird
1491 5608 1570 5656 diocle
1597 5605 1678 5674 Jaffe',
1703 5608 1762 5671 ch.
1788 5607 1862 5656 9973
1885 5606 1993 5661 ὐιωίιππ,

324 5677 367 5728 Or.
385 5679 419 5728 im
437 5679 513 5728 Aret.
536 5678 629 5729 I'rscov.
648 5693 679 5727 au
702 5677 817 5726 Volterra.
890 5673 919 5742 2)
939 5675 1103 5738 Hildebrond,
1123 5675 1227 5742 Bisclros
1240 5693 1287 5726 von
1311 5677 1426 5738 Wltma,
1440 5678 1614 5728 rrae-1211.
1689 5682 1715 5743 3)
1742 5677 1821 5743 Vergl.
1835 5679 1872 5727 dr'e
1886 5674 1995 5728 ortuo

319 5766 375 5800 vom
394 5751 411 5800 3
433 5749 504 5816 Jom'
524 5751 597 5800 1186.
669 5751 696 5815 4)
716 5747 796 5799 Nica
813 5748 926 5798 erholtm.
