4142 6366
1677 332 1737 384 211

71 561 103 610 C.
124 561 129 574 Ι
229 493 279 613 gr
305 493 338 541 im
364 491 478 542 Areis'ue'a
502 493 582 542 Deera
607 510 637 541 ιιι
668 494 767 552 Genua,
795 497 851 544 und
864 497 988 562 Absclm'ft
1009 497 1054 546 der
1077 498 1150 547 Me'sc.
1175 499 1202 546 di
1225 499 1286 548 Star.
1314 499 1369 565 Lr'g.
1393 501 1417 548 V
1425 508 1454 564 p.
1481 503 1539 560 118,
1563 501 1589 549 in
1613 503 1656 551 der
1678 503 1741 551 Bal.

91 577 158 611 mica
177 581 207 612 ιιι
253 580 322 614 ιιιιιιι.

237 637 288 696 Or,
306 637 371 700 Perg.
385 635 436 684 rial.
455 634 552 694 (Leider
562 635 647 683 hande
657 635 694 683 ich
706 651 730 684 es
740 637 807 684 niele
824 655 919 698 messae,
938 639 995 687 weil
1009 639 1047 687 ich
1064 639 1117 688 kein
1131 639 1204 690 Maas
1221 641 1256 690 bei
1271 642 1319 690 mir
1328 641 1436 706 fiihrte),
1456 642 1533 690 durch
1551 644 1674 694 azecha
1686 645 1743 711 geht

66 708 107 755 dr'e
127 709 197 774 gelde
223 707 411 766 Seidessschsaer,
438 706 508 755 deren
532 707 657 767 Bler'sr'egel
679 707 827 772 adgefnllen,
856 711 911 758 aber
936 711 1049 760 erhalten.
1086 711 1193 777 Phliung
1216 713 1259 761 der
1284 714 1376 762 dullen.
1413 714 1551 778 Rr'ngkreus
1574 717 1628 764 und
1653 717 1674 764 E
1700 717 1743 766 der

70 779 242 844 bisterschrift
249 781 303 843 fiir
312 779 361 827 siclt
374 777 560 826 amerianae
571 778 658 836 Diam
681 778 822 843 Umschrifl,
845 781 1008 846 Unrersclerifl
1017 783 1072 830 und
1082 783 1209 848 Datimng
1225 800 1271 832 van
1284 785 1327 832 der
1337 787 1411 834 Dr'nte
1428 787 1483 834 read
1496 785 1574 833 Hand
1589 787 1629 836 des
1645 787 1741 852 Haupt·

67 851 175 914 &nytera
205 851 237 900 In
255 851 293 899 die
312 851 437 913 Datr'rseng
449 849 473 897 H
487 848 626 897 llermanns
644 851 687 898 mni
703 851 877 901 abweicleender
895 854 969 901 Dinle
985 855 1140 919 eingefragen.
1180 857 1224 904 l)e'e
1245 856 1367 920 Presbyter
1378 856 1481 905 Hubald
1495 858 1550 904 und
1564 859 1647 907 Altera
1663 859 1741 923 neigen

66 922 106 970 dri
119 924 197 971 Dinee
216 923 256 971 des
266 921 515 987 Ringkreseus,.besiie
532 936 579 970 van
593 921 698 985 gleicher
709 921 798 980 Hnnd;
817 924 854 973 die
871 925 971 990 ningen
984 925 1077 991 Zeugen
1095 926 1154 973 sind
1169 928 1214 975 mei
1230 928 1362 976 ὸνιιιιιιινιν
1372 929 1446 978 Diale
1464 929 1613 993 ausgeflihrt,
1631 931 1741 997 offendar

66 1001 144 1044 ιιιιιιν
160 995 210 1044 n'cfe
228 993 291 1043 auch
309 1009 356 1041 van
374 993 439 1041 einer
455 992 511 1039 und
525 992 643 1040 derselben
662 992 747 1060 Hand.

822 1170 888 1244 Nr.
912 1174 999 1245 202.

128 1290 318 1354 Alexander
332 1288 398 1353 III
409 1289 583 1354 abemaeist
595 1291 668 1354 dem
687 1289 816 1355 Klaster
831 1292 898 1356 San
914 1293 989 1358 Sira
1004 1294 1042 1358 de'
1060 1294 1189 1358 Genava
1204 1295 1350 1359 medeare
1370 1293 1679 1381 Vergnnsngnengen.

696 1410 782 1469 1162
797 1408 900 1472 Ma're
915 1411 964 1471 19.
1000 1409 1121 1474 Genua.

232 1523 459 1586 ALEXANDER
483 1525 667 1607 episcopus,
698 1543 809 1587 servus
832 1544 1000 1588 servorum
1024 1528 1087 1601 dei,
1114 1525 1240 1590 dilectis
1263 1526 1345 1600 filiis,
1369 1528 1549 1590 Bertraimo
1573 1528 1683 1591 abbati
1707 1538 1741 1592 et

67 1613 229 1678 universis
244 1612 397 1675 fratribus
417 1609 423 1696 1
443 1615 629 1674 monasterii
645 1613 745 1677 sancti
757 1611 832 1694 Syri
844 1613 1018 1690 lanuensiS,
1033 1616 1171 1679 salutem
1188 1624 1221 1678 et
1236 1616 1450 1698 apostolicam
1468 1617 1740 1681 benedictionem.

66 1703 168 1766 Iustis
197 1701 378 1784 petentium
408 1700 578 1764 desideriis
610 1701 737 1765 facilem
758 1699 762 1786 Ι
784 1723 844 1765 nos
875 1706 1026 1767 convenit
1056 1705 1196 1787 prebere
1228 1724 1421 1767 consensum
1453 1714 1486 1768 et
1517 1713 1602 1780 vota,
1633 1726 1739 1786 quea

65 1795 207 1855 rationis
228 1793 359 1854 tramite
382 1810 448 1852 non
470 1791 665 1865 discordant,
689 1791 806 1855 effectu
830 1801 904 1854 sunt
922 1801 1142 1874 prosequente
1165 1793 1367 1878 complenda.
1413 1795 1605 1877 Eapropter,
1629 1795 1739 1858 dilecti

67 1885 100 1944 in
129 1881 269 1943 domino
300 1879 365 1953 filii,
394 1880 507 1941 vestris
537 1881 627 1942 iustis
660 1881 930 1962 postulationibus
960 1891 1054 1962 grato
1084 1892 1311 1945 concurrentes
1342 1903 1491 1959 assensu,
1526 1884 1678 1946 candelas
1708 1887 1740 1948 in

66 1970 299 2053 purificatione
340 1969 437 2031 beate
469 1966 614 2052 Marie1)
643 1969 738 2032 vobis
777 1978 810 2032 et
845 1971 1067 2052 parrochianis
1097 1975 1212 2034 vestris
1235 1972 1451 2035 benedicendi
1481 1972 1615 2035 liberam
1646 1974 1739 2037 vobis

67 2060 285 2123 concedimus
308 2057 506 2121 facultatem.
551 2056 731 2121 Statuimus
747 2061 855 2134 etiam,
879 2067 922 2133 ut,
946 2061 971 2122 si
994 2061 1092 2142 aliqui
1116 2061 1404 2144 parrochianorum
1420 2070 1601 2124 vestrorum
1624 2063 1655 2124 in
1678 2063 1739 2126 alia

67 2148 212 2212 ecelesia
227 2147 289 2210 sibi
314 2148 472 2228 elegerint
494 2148 703 2229 sepulturam,
728 2147 832 2210 nullus
848 2147 943 2233 eos(?)
966 2150 1025 2211 nisi
1044 2148 1071 2235 a)
1094 2145 1230 2235 slalvafi)
1254 2147 1324 2234 in(?)
1348 2147 1536 2234 omnibus(?)
1559 2146 1738 2238 [canonicla

67 2239 195 2300 iustitia
211 2237 464 2300 ecclesievestre
479 2238 599 2300 audeat
613 2237 761 2318 sepelire.
792 2234 892 2316 Quod
905 2238 930 2299 si
940 2238 1056 2320 aliquis
1068 2238 1245 2301 eorundem
1257 2239 1544 2321 parrochianorum
1556 2247 1737 2304 vestrorum

68 2373 297 2390 ..........
321 2321 514 2411 [con]suevit
536 2327 694 2388 cimiterio
717 2325 857 2407 sepeliri,
879 2328 1048 2390 intestatus
1071 2329 1256 2404 decesserit,
1284 2346 1453 2409 nusquam,
1477 2329 1534 2390 nisi
1558 2336 1682 2391 tantum
1707 2331 1739 2392 in
1846 2378 1852 2390 .

67 2423 179 2478 vestra
195 2415 333 2478 ecclesia
352 2411 586 2500 tlumuletur(?).
616 2409 842 2500 Prohibelmus
858 2434 999 2496 quoque,
1023 2425 1059 2480 ut
1074 2417 1177 2479 nullus
1193 2416 1363 2480 ecclesiam
1379 2426 1518 2480 vestram
1536 2419 1628 2481 novis
1643 2426 1677 2480 et
1693 2420 1739 2481 in·

67 2505 191 2569 debitis
208 2505 434 2568 exactionibus
449 2504 500 2566 vel
520 2504 761 2586 gravaminibus
780 2503 807 2584 b)
830 2505 949 2568 audeat
972 2506 1115 2588 fatigare.
1154 2504 1333 2569 Statuimus
1349 2525 1436 2587 ergo,
1461 2514 1495 2568 ut
1510 2506 1588 2570 nulli
1606 2510 1739 2571 omnino

70 2594 242 2657 hominum
266 2594 371 2667 liceat,
393 2592 477 2655 hanc
492 2593 643 2674 paginam
665 2602 774 2656 nostre
790 2595 1026 2657 constitutionis
1049 2594 1219 2676 infringere
1235 2594 1286 2657 vel
1309 2595 1337 2658 ei
1353 2594 1553 2674 aliquatenus
1570 2599 1738 2660 contraire.

69 2681 105 2746 Si
131 2685 208 2762 quis
230 2691 340 2745 autem
363 2681 426 2744 hoc
449 2691 646 2763 attemptare
664 2683 907 2765 presumpserit,
931 2684 1183 2766 indignationem
1200 2686 1432 2766 omnipotentis
1448 2686 1502 2747 dei
1519 2695 1552 2747 et
1566 2686 1739 2749 beatorum

2 2773 3 2778 ’
69 2773 158 2835 Petri
182 2782 216 2834 et
229 2772 330 2847 Pauli,
351 2770 576 2853 apostolorum
597 2773 602 2852 Ι
622 2774 698 2848 eius,
722 2791 758 2834 se
780 2774 907 2835 noverit
928 2773 1136 2836 incursurum.
1162 2809 1200 2819 -
1226 2773 1301 2836 Dat
1318 2775 1422 2848 lanue,
1446 2788 1522 2838 XIIII
1536 2773 1591 2836 Kl.
1607 2773 1739 2858 Aprilis.

239 2886 292 2945 ον.,
312 2885 345 2934 im
363 2885 476 2934 Archabis
494 2883 521 2932 di
537 2885 605 2934 State
622 2903 651 2934 sse
673 2887 765 2937 Genua

236 2958 306 3023 Perg.
325 2958 385 3016 rial„
403 2957 437 3005 br.
458 2959 527 3018 031,
545 2958 607 3022 lang
624 2959 707 3017 uam,
734 2959 779 3008 das
799 2957 997 3023 Umgescdlagene
1013 2957 1192 3023 abgeschne'tten,
1218 2959 1295 3008 durch
1319 2959 1376 3008 swee'
1391 2959 1483 3008 L'e'clsee
1502 2959 1564 3026 ging
1580 2960 1617 3009 die
1634 2959 1738 3020 sam,

70 3030 160 3081 mlrhe
177 3031 224 3079 ursi
239 3031 293 3078 dem
311 3029 435 3094 Bleris‘egel
448 3029 564 3077 verlaeen.
602 3029 710 3094 Faltung
726 3031 769 3079 der
785 3030 886 3079 Brevem
923 3029 1052 3095 Datinmg
1067 3045 1114 3078 van
1131 3031 1235 3079 anderer
1251 3031 1327 3079 Dinte
1343 3031 1399 3080 sard
1413 3031 1493 3080 Hand
1507 3033 1544 3080 als
1561 3031 1604 3080 der
1621 3031 1740 3090 Κακίαν,-

70 3103 108 3154 dfe
121 3101 216 3169 gles'elee
233 3101 309 3151 Dina
325 3101 378 3150 aia
395 3101 421 3150 ιἰι
437 3101 549 3150 lerneam
568 3102 606 3150 als
624 3101 661 3151 die
678 3102 718 3150 des
735 3103 875 3154 Karreetars
892 3101 919 3149 ιἰι
935 3101 980 3152 der
997 3101 1203 3169 [nterpungimng
1219 3099 1312 3151 keruer.

816 3387 883 3464 Nr.
908 3391 996 3462 203.

74 3511 263 3576 Alexander
277 3509 342 3574 III
359 3511 491 3573 erkennt
511 3509 573 3572 den
589 3509 791 3590 Erebiscleas
807 3531 867 3574 van
891 3510 1003 3573 Tuledo
1025 3509 1076 3572 als
1091 3509 1258 3573 Primaten
1282 3531 1342 3572 van
1358 3511 1470 3593 Braga
1493 3511 1562 3574 und
1585 3509 1741 3594 Santeaga

118 3602 161 3666 de
182 3597 396 3684 Campostella
411 3620 463 3677 aee,
487 3597 629 3662 letsteres
639 3620 743 3682 gegen
758 3599 819 3663 das
835 3595 1051 3682 Privilege'eem
1067 3598 1261 3662 Anastasius
1276 3599 1300 3662 I
1307 3597 1335 3662 V
1339 3600 1411 3679 seir
1429 3598 1644 3682 Campostella
1661 3601 1696 3681 ²).

723 3717 806 3778 1163
821 3715 902 3790 Jule'
915 3719 963 3778 11.
993 3713 1100 3776 Deals.

238 3829 429 3894 Alexander
452 3831 637 3912 episcopus,
667 3851 778 3894 servus
808 3850 975 3895 servorum
1008 3829 1069 3904 dei,
1099 3829 1272 3893 venerabili
1302 3830 1392 3894 fratri
1422 3829 1547 3907 Ioanni,
1577 3829 1741 3893 Toletano

74 3919 340 4002 archiepiscopo,
373 3921 506 3999 eiusque
529 3920 770 3983 successoribus
802 3920 957 3983 canonice
988 3919 1231 3994 substituendis,
1264 3921 1295 3981 in
1326 3928 1530 4002 perpetuum.
1576 3919 1657 3983 Cum
1681 3940 1741 4001 pro

75 4009 296 4073 celebratione
320 4008 504 4071 universalis
528 4009 655 4071 concilii
678 4011 719 4072 ad
743 4012 950 4072 vocationem
973 4016 1118 4070 nostram
1141 4007 1283 4070 Turonis
1300 4005 1325 4092 ⁸)
1347 4007 1528 4071 fraternitas
1551 4017 1608 4071 tua
1631 4016 1742 4070 nostro

75 4119 110 4162 se
134 4098 328 4180 conspectui
351 4105 578 4179 presentasset,
609 4099 651 4160 ad
682 4100 796 4162 sedem
827 4097 1041 4181 apostolicam
1070 4105 1104 4159 et
1126 4098 1216 4160 iuxta
1238 4100 1438 4179 presentium
1469 4105 1546 4160 vota
1576 4099 1744 4160 consuevit

75 4188 254 4250 admittere
278 4196 338 4250 etc.
362 4195 526 4268 utsupra.
572 4185 670 4251 Unde
694 4189 934 4251 communicato
959 4186 1093 4249 fratrum
1117 4194 1300 4249 nostrorum
1331 4187 1468 4249 concilio
1501 4188 1681 4261 statuimus
1708 4193 1744 4248 ut

75 4286 110 4339 tu
134 4285 171 4340 et
202 4275 341 4339 ecclesia
364 4275 526 4339 Toletana
557 4285 617 4338 etc.
641 4297 740 4360 super
770 4276 897 4339 duabus
930 4275 1104 4357 provinciis
1127 4274 1340 4338 Bracharensi
1373 4284 1406 4338 et
1428 4274 1742 4357 Campostellanensi

76 4368 256 4448 primatum
280 4365 402 4428 debeas
425 4368 457 4428 in
481 4373 675 4448 perpetuum
700 4368 858 4448 optinere.
903 4362 1121 4427 Nihilominus
1144 4364 1234 4427 salvo
1266 4365 1325 4427 tibi
1354 4367 1432 4440 iure,
1467 4365 1557 4444 quod
1588 4365 1743 4428 adversus

75 4455 359 4518 Tarraconensem
382 4463 416 4517 te
439 4453 560 4516 habere
582 4457 700 4518 asseris
724 4463 785 4518 etc.
832 4455 1016 4517 Adlicimus
1040 4454 1150 4528 etiam,
1182 4452 1271 4532 quod
1295 4453 1507 4536 privilegium,
1531 4454 1621 4535 quod
1645 4453 1744 4516 frater

75 4552 189 4607 noster
211 4541 476 4627 archiepiscopus
491 4542 828 4625 Compostellanensis
851 4566 870 4607 a
893 4543 1126 4626 predecessore
1143 4551 1263 4617 nostro,
1285 4542 1373 4605 bone
1393 4545 1550 4606 memorie
1566 4541 1743 4605 Anastasio

76 4653 175 4716 papa,
197 4629 324 4718 (habet)
339 4633 375 4716 ⁴),
397 4631 556 4708 videlicet,
580 4634 669 4713 quod
693 4635 762 4696 iure
785 4633 941 4716 primatus
965 4653 1030 4694 non
1054 4631 1175 4694 debeat
1197 4631 1255 4694 tibi
1271 4651 1342 4694 esse
1365 4632 1531 4695 subiectus
1554 4640 1615 4696 etc.
1640 4630 1743 4694 nullas

75 4721 199 4786 habeat
220 4724 305 4784 vires
329 4725 361 4784 in
385 4730 552 4805 posterum
577 4725 664 4784 etin
688 4724 832 4805 presenti
856 4742 930 4785 cum
954 4720 1031 4783 illud
1055 4720 1220 4783 Anastasii
1244 4741 1351 4802 neque
1374 4721 1416 4784 de
1439 4723 1613 4796 communi,
1637 4740 1743 4802 neque

76 4811 117 4873 de
139 4811 281 4874 sanioris
303 4814 404 4893 partis
428 4811 563 4874 consilio
587 4813 720 4874 fratrum
752 4811 865 4874 fuisset
895 4809 1049 4873 illicitum.
1094 4809 1310 4873 Decemimus
1337 4811 1454 4892 itaque,
1486 4817 1521 4873 ut
1552 4811 1623 4894 ipse
1647 4808 1744 4873 Com·

76 4899 325 4982 postellanensis
355 4899 628 4982 archiepiscopus,
658 4901 740 4962 sicut
769 4910 802 4964 et
833 4899 945 4981 reliqui
968 4898 1105 4982 Hispani
1129 4899 1308 4982 pontifices,
1338 4900 1398 4963 tibi
1422 4907 1577 4979 tanquam
1600 4920 1661 4963 suo
1683 4907 1744 4962 etc.

290 4989 364 5071 Ego
386 4989 578 5052 Alexander
602 4987 761 5052 catholice
785 4989 923 5053 ecclesie
946 4991 1131 5071 episcopus.

290 5076 363 5160 Ego
386 5086 446 5142 etc.
470 5087 532 5141 etc.
556 5085 616 5141 etc.

237 5165 360 5231 Datum
382 5168 471 5249 apud
495 5166 627 5230 Dolium
652 5167 891 5242 monasterium,
915 5187 974 5249 per
997 5187 1128 5229 manum
1151 5174 1213 5230 etc.
1251 5181 1283 5229 V.
1306 5166 1353 5230 ld.
1376 5164 1457 5230 Iulii.
1501 5164 1682 5231 indictione
1697 5181 1743 5231 xI.

76 5255 177 5319 Anno
201 5267 345 5320 Mchm.
390 5255 601 5320 Pontificatus
625 5257 736 5320 domni
758 5255 942 5319 Alexandri
965 5276 1072 5338 papae
1095 5271 1134 5320 III
1156 5276 1243 5320 anno
1267 5269 1326 5318 IIII.

235 5371 360 5435 Abselm'st
384 5371 424 5419 des
453 5371 509 5420 cod.
541 5370 567 5420 C.
586 5371 621 5420 23
630 5371 681 5435 sel.
702 5373 743 5429 77,
771 5371 797 5419 ιἰι
822 5371 866 5420 der
893 5368 956 5418 Be'bl.
981 5370 1148 5420 Vallieells'ana
1173 5387 1204 5419 ιιι
1221 5373 1291 5420 Ram.

235 5443 352 5492 Daeiiber
367 5442 442 5491 stedi:
467 5441 627 5507 Prisilegiurn
645 5441 782 5491 Alexandri
800 5457 867 5507 pape
885 5443 928 5501 111,
948 5456 1070 5491 revocans
1088 5441 1247 5507 privilegium
1266 5442 1430 5506 exemptionis
1449 5441 1660 5505 Campostellane.

235 5535 267 5626 a).
280 5581 308 5615 ns
326 5581 382 5616 esse
400 5567 448 5615 nisi
466 5535 519 5631 ares
530 5567 615 5615 Rasur
721 5566 747 5631 b)
767 5581 812 5630 gra
837 5567 889 5631 aus
901 5567 993 5614 Rasur.
1014 5605 1064 5611 ---
1084 5577 1119 5629 .I)
1137 5566 1246 5616 lebwar
1262 5569 1288 5618 2.
1397 5566 1423 5628 2)
1448 5563 1525 5630 Vergl.
1544 5565 1582 5614 de'e
1603 5565 1663 5616 ure.
1689 5581 1744 5615 vem

78 5636 183 5706 rsssnrai
199 5641 268 5687 1154
285 5639 341 5686 und
356 5641 387 5687 11
405 5638 535 5688 December
555 5643 568 5686 1
575 5639 631 5687 166.
704 5641 730 5701 3)
750 5637 841 5686 Kanai!
855 5653 903 5686 ινιιι
925 5637 1003 5686 Τιιινι
1020 5653 1061 5685 am
1080 5639 1113 5685 19
1132 5637 1189 5688 Μαι·
1208 5639 1279 5691 1163.
1366 5637 1393 5702 4)
1413 5635 1464 5684 Eia
1481 5635 1569 5686 solenes
1588 5636 1744 5705 anapia

77 5708 105 5757 ist
119 5709 188 5760 m'cht
204 5709 312 5760 abeam
328 5710 384 5760 md
398 5709 462 5760 nach
479 5710 522 5758 der
542 5709 602 5759 ure.
620 5725 675 5758 vam
695 5712 726 5759 15
745 5707 802 5758 Mai
820 5712 886 5760 1164
895 5709 956 5774 fast
972 5707 1123 5774 saua'selhafl.
