4142 6366
1688 351 1749 436 285

820 539 887 617 Nr.
915 543 1003 616 312.

62 675 258 740 Alexander
268 675 332 739 Ill
343 673 603 759 beauflrugtden
618 671 945 738 Kuuour'kerkouueut
957 695 1018 738 uon
1030 673 1138 753 Sz'eua,
1149 673 1346 754 suculussen,
1361 674 1441 739 dass
1452 673 1755 759 Pfarraugelriirigr

63 787 129 830 uon
146 767 268 852 Pugna
283 765 338 831 die
355 761 477 828 Kr'rclee
491 783 552 825 uon
567 762 696 846 Alfiauo
711 762 864 828 besuclzeu
879 763 948 828 und
960 785 1034 828 rum
1051 763 1248 846 Begrei'buiss
1263 764 1435 843 erwlllrleu,
1450 764 1569 842 rursm
1584 763 1645 828 der
1655 763 1756 828 Prior

456 873 517 917 uon
532 851 661 938 Alfiuno
676 853 738 917 dus
754 853 822 918 ilem
839 853 1038 936 Zuste'r'udige
1053 853 1145 916 ulclrl
1157 851 1390 920 uberscuru‘ut.

629 971 839 1032 1171-1181
856 968 932 1032 Mai
947 972 975 1032 7.
1015 966 1192 1033 Tusculum.

232 1104 425 1169 Alexander
448 1105 634 1187 episcopus,
656 1124 768 1168 servus
791 1124 959 1168 servorum
983 1105 1046 1179 dei,
1069 1103 1196 1167 dilectis
1212 1100 1292 1180 liliis,
1317 1101 1560 1180 archidiacono,
1583 1105 1754 1188 preposito

66 1204 99 1260 et
116 1195 284 1260 canonicis
299 1192 508 1269 Senensibus,
532 1193 671 1257 salutem
695 1202 730 1257 et
752 1193 968 1277 apostolicam
992 1193 1267 1257 benedictionem.
1312 1190 1517 1257 Constitutus
1540 1196 1573 1258 in
1589 1197 1755 1278 presentia

65 1295 182 1350 nostra
205 1285 344 1348 dilectus
369 1283 453 1346 filius
477 1291 588 1346 noster
634 1281 691 1361 .G.,
716 1285 805 1366 prior
827 1284 870 1347 de
893 1283 1034 1361 Alfian0,
1058 1283 1205 1364 diligenti
1229 1281 1325 1345 nobis
1348 1285 1528 1347 assertione
1551 1288 1753 1360 monstravit,

66 1377 161 1457 quod
194 1372 430 1458 parrochianos
463 1372 600 1438 ecclesie
632 1374 674 1437 de
697 1375 809 1456 Pugna
833 1371 884 1436 vel
914 1376 982 1436 eius
1014 1375 1084 1436 iura
1106 1392 1168 1436 nec
1196 1391 1314 1454 perse
1336 1371 1388 1434 vel
1412 1391 1471 1454 per
1494 1372 1575 1437 alios
1598 1372 1753 1460 eidema)

65 1464 210 1529 ecclesie
234 1462 409 1544 aliquando
433 1463 607 1526 subtraxit.
654 1463 690 1527 Si
715 1465 849 1545 quando
873 1471 982 1527 autem
1013 1481 1071 1526 eos
1102 1483 1145 1525 ex
1176 1462 1353 1525 devotione
1382 1461 1425 1524 ad
1456 1481 1549 1525 suam
1581 1461 1752 1527 ecclesiam

66 1555 230 1618 accedere
252 1553 305 1617 vel
329 1553 374 1616 ibi
398 1550 598 1635 sepulturam
624 1552 745 1634 eligere
775 1554 920 1636 contigit,
953 1552 1043 1616 salvo
1067 1553 1136 1615 iure
1160 1550 1244 1614 illius
1268 1551 1415 1627 ecclesie,
1448 1550 1615 1615 devotioni
1639 1573 1753 1617 eorum

67 1665 135 1708 non
168 1643 312 1708 obviavit
336 1663 398 1706 nec
420 1662 512 1705 suam
537 1644 584 1705 eis
607 1641 778 1706 ecclesiam
803 1641 1007 1725 aliquatenus
1031 1643 1239 1706 contradixit.
1280 1641 1427 1720 Ideoque
1443 1641 1630 1705 discretioni
1646 1650 1754 1706 vestre

67 1754 129 1816 per
152 1733 337 1815 apostolica
353 1731 475 1814 scripta
500 1733 703 1808 mandamus,
728 1735 888 1816 quatinus,
912 1733 940 1794 si
956 1731 1136 1814 contigerit,
1161 1730 1308 1813 prelatos
1325 1728 1558 1811 parrochianos
1574 1732 1754 1815 aliquando

67 1823 110 1887 ad
136 1822 308 1886 ecclesiam
334 1821 471 1904 predicti
496 1823 615 1903 prioris
639 1823 670 1885 in
694 1821 819 1885 festivis
844 1821 959 1884 diebus
983 1843 1026 1884 ex
1049 1823 1227 1884 devotione
1250 1821 1408 1884 accedere
1431 1820 1482 1883 vel
1506 1820 1640 1896 ibidem,
1664 1820 1755 1885 salva

67 1912 226 1976 canonica
250 1911 370 1974 iustitia
393 1912 426 1973 in
449 1921 544 1993 parte
567 1914 766 1986 testamenti,
794 1909 993 1994 sepulturam
1027 1909 1155 1992 eligere,
1181 1910 1270 1992 quod
1296 1906 1367 1996 (ad)
1392 1929 1505 1973 eorum
1529 1910 1696 1974 devotioni
1721 1919 1754 1974 et

67 2010 218 2065 extreme
241 2001 402 2064 voluntati
426 2021 487 2063 nec
510 2001 670 2065 debemus
695 2021 755 2064 nec
780 2021 955 2083 possumus
978 2001 1147 2076 contraire,
1173 1999 1232 2062 illis
1247 1998 1300 2061 vel
1326 2000 1435 2062 eidem
1452 2001 1552 2081 priori
1569 1999 1753 2063 nullatenus

66 2091 310 2155 contradicatis.
358 2091 393 2155 Si
417 2098 527 2153 autem
545 2092 791 2172 prenominatus
808 2090 897 2173 prior
911 2090 1038 2173 prefate
1055 2090 1194 2153 ecclesie
1211 2091 1279 2152 iura
1294 2090 1489 2152 temeritatis
1506 2109 1585 2152 ausu
1601 2090 1754 2153 invadere

66 2190 123 2244 aut
143 2181 315 2244 subtraere
340 2182 586 2263 presumpserit,
612 2201 685 2244 eum
710 2182 906 2243 auctoritate
930 2187 1040 2244 nostra
1063 2201 1084 2243 a
1105 2199 1164 2242 sua
1188 2180 1436 2263 presumptione
1457 2199 1671 2261 compescere
1687 2200 1753 2242 non

67 2271 352 2354 postponatis-
376 2269 453 2332 Dat.
478 2270 662 2345 Tusculani,
685 2266 772 2334 Non.
797 2269 883 2333 Maii.

230 2385 434 2449 Kopialurkuudr
453 2385 493 2434 des
513 2387 545 2434 12
567 2384 661 2449 Jolrl.
682 2383 774 2450 (Badio
792 2383 819 2434 u·
837 2383 987 2451 Pasugnano
1005 2386 1020 2434 l
1040 2383 1111 2451 Mag.
1132 2386 1215 2450 1164),
1234 2383 1268 2436 lm
1284 2383 1399 2436 Arclu'uio
1417 2383 1444 2432 di
1461 2383 1529 2433 Slulr
1545 2399 1575 2434 ru
1594 2381 1700 2435 llum.

818 2686 885 2761 Nr.
917 2692 1006 2763 313.

72 2819 261 2886 Alexander
276 2820 340 2887 III
351 2818 509 2905 lewilligt
523 2821 596 2885 dem
612 2818 692 2883 Abte
707 2819 803 2884 Peter
822 2841 884 2884 uou
900 2819 968 2885 San
984 2819 1137 2885 Severiuo
1152 2843 1169 2884 e
1184 2819 1277 2885 Sosio
1292 2820 1330 2884 ui
1344 2816 1471 2904 Napolu'
1490 2820 1552 2885 das
1569 2818 1679 2900 Reclt,
1699 2816 1755 2881 die

694 2909 800 2974 Milru
816 2919 929 2994 tregru
943 2930 984 2975 uu
999 2909 1132 2992 durfeu.

610 3015 916 3090 1171-1181'Ma2‘
927 3029 981 3091 21.
1022 3025 1201 3092 Tusculum.

230 3159 459 3224 ALEXANDER
476 3161 663 3244 episcopus,
678 3181 790 3225 servus
805 3181 972 3225 servorum
987 3161 1048 3236 dei,
1065 3162 1187 3225 dilecto
1199 3160 1268 3224 filio
1282 3159 1388 3237 Petro,
1408 3157 1413 3244 1
1434 3158 1547 3224 abbati
1565 3160 1754 3223 monasterii

68 3260 258 3315 sanctorum
283 3247 429 3313 Severini
461 3259 494 3312 et
517 3248 614 3326 Sosii,
646 3250 784 3314 salutem
818 3259 852 3314 et
881 3252 1098 3333 apostolicam
1129 3249 1405 3315 benedictionem.
1451 3245 1616 3336 Cariltatis
1640 3248 1754 3312 debito

69 3360 298 3426 provocamur,
329 3339 457 3402 devotis
489 3340 627 3404 ecclesie
650 3339 722 3403 filiis
746 3341 897 3422 specialis
921 3343 1129 3424 prerogative
1152 3340 1287 3422 gratiam
1313 3339 1478 3424 impertiri,
1509 3348 1546 3401 ut
1570 3337 1755 3420 apostolice

69 3431 158 3494 sedis
197 3430 399 3511 benignitate
438 3428 573 3503 suffulti,
612 3430 804 3493 commissas
827 3430 887 3492 sibi
911 3431 1064 3494 ecclesias
1088 3439 1182 3493 tanto
1206 3429 1312 3492 utilius
1337 3436 1460 3513 regant,
1492 3437 1616 3509 quanto
1640 3447 1754 3491 eorum

70 3520 194 3583 subditi
227 3521 386 3582 maiorem
405 3517 434 3597 b)
467 3522 514 3582 eis
546 3518 768 3582 obedientiam
802 3519 1013 3583 exhibuerint
1045 3528 1078 3582 et
1101 3520 1273 3582 honorem.
1318 3517 1542 3582 Attendentes
1565 3519 1676 3598 itaque
1700 3517 1754 3579 de·
1836 3525 1838 3528 ’

69 3611 248 3684 votionem,
280 3628 378 3689 quam
411 3628 489 3690 erga
520 3608 654 3672 beatum
679 3607 809 3671 Petrum
844 3618 877 3673 et
907 3631 967 3673 nos
1000 3612 1090 3692 ipsos
1121 3608 1244 3672 habere
1267 3609 1444 3671 dinosceris
1464 3609 1501 3688 c),
1533 3628 1628 3670 usum
1659 3607 1754 3669 mitre

70 3698 130 3762 tibi
154 3707 188 3762 et
210 3698 452 3761 successoribus
476 3699 541 3761 tuis
557 3699 600 3760 de
617 3706 774 3762 consuete
789 3700 877 3762 sedis
893 3699 1076 3783 apostolice
1091 3699 1293 3780 benignitate
1315 3697 1320 3782 Ι
1340 3698 1495 3761 duximus
1511 3694 1754 3782 indulgendum.

70 3823 117 3835 —
138 3788 215 3852 Dat.
239 3787 426 3864 Tusculani,
450 3801 502 3851 ΧΗ
525 3786 579 3850 Kl.
602 3787 691 3852 Iunii.

236 3902 280 3953 Or.
299 3901 456 3969 (Pergam
472 3901 500 3951 u·
518 3903 588 3952 currit
606 3904 660 3953 eccl.
679 3903 717 3968 I),
736 3903 769 3954 im
787 3901 901 3954 Arclririr
919 3903 946 3952 di
962 3903 1030 3954 Stolo
1046 3918 1076 3954 ru
1095 3902 1190 3970 Neapd.

821 4188 888 4262 Nr.
916 4191 1004 4264 314.

73 4321 259 4385 Alexander
274 4320 340 4385 Ill
350 4321 540 4404 beaustragt
553 4321 615 4385 deu
630 4319 781 4402 Bu'sclrof
789 4319 859 4385 und
870 4319 932 4384 das
947 4320 1162 4405 Domkapitel
1173 4342 1234 4384 uon
1253 4319 1411 4399 Grosseto,
1433 4319 1495 4384 dus
1519 4319 1650 4385 Kloster
1663 4321 1755 4385 Mon-

74 4411 173 4475 lr'celli
188 4410 249 4492 (D.
265 4409 383 4488 Siena)
398 4410 450 4475 bei
463 4410 525 4475 der
553 4407 1173 4564 Gruudsteiulegpptgerpetrpg'zefirbauuug
1198 4411 1288 4474 einer
1311 4406 1434 4474 Kirclre
1457 4407 1546 4474 Saul
1567 4409 1689 4496 Arrgdo
1714 4431 1755 4475 zu

609 4613 846 4702 (nrt-uter
862 4615 939 4679 Mai
951 4619 1006 4680 21.
1039 4615 1219 4680 Tusculum.

234 4730 426 4795 Alexander
442 4733 629 4815 episcopus,
652 4753 763 4796 servus
780 4753 946 4796 servorum
964 4733 1027 4802 dei,
1050 4730 1226 4795 venerabili
1242 4731 1332 4795 fratri
1353 4779 1360 4793 .
1378 4780 1384 4794 .
1402 4733 1561 4816 episcopo
1579 4743 1611 4797 et
1627 4734 1755 4798 dilectis

75 4819 155 4896 siliis,
180 4821 353 4903 preposito
370 4830 404 4883 et
419 4824 584 4884 canonicis
601 4821 817 4898 Grossetaois,
839 4821 975 4885 salutem
993 4830 1026 4884 et
1042 4821 1260 4906 apostolicam
1276 4820 1549 4885 benedictionem.
1587 4823 1753 4888 Dilectum

76 4909 175 4972 filium
201 4917 360 4983 nostrum,
384 4911 531 4974 nobilem
559 4912 661 4974 virum
686 4913 839 4975 comitem
864 4911 1131 4976 {ldebrandinum
1158 4957 1388 4974 ........
1414 4911 1597 4975 monuimus
1616 4911 1656 4996 d),
1674 4914 1755 4976 utin

76 5009 186 5061 monte
199 4996 361 5063 Curiliano
373 4999 499 5064 dilectis
511 5003 542 5063 in
557 5001 687 5064 Christo
702 5000 829 5064 filiabus
844 5003 972 5075 nostris,
988 5000 1155 5064 abbatisse
1167 5009 1200 5064 et
1212 5000 1397 5064 sorroribus
1413 5001 1537 5063 Montis
1551 4999 1707 5066 Cellensis
1727 5001 1755 5090 e)

76 5087 272 5163 monasterii,
296 5107 475 5171 congruum
492 5090 600 5154 locum
626 5092 776 5173 assignet,
800 5091 831 5152 in
856 5111 922 5172 quo
939 5090 1108 5153 ecclesiam
1125 5091 1155 5152 in
1173 5093 1364 5154 memoriam
1381 5091 1484 5153 sancti
1500 5088 1631 5173 Angeli,
1655 5112 1753 5174 quam

76 5175 223 5240 Grosseti
246 5176 378 5252 habent,
403 5199 477 5241 cum
502 5182 617 5243 civitas
640 5183 712 5263 ipsa
735 5182 828 5243 iuxta
850 5181 1099 5262 dispositionem
1124 5181 1224 5262 ipsius
1240 5179 1313 5242 illuc
1329 5180 1483 5243 translata
1500 5179 1606 5257 luerit,
1629 5182 1756 5264 possint

76 5265 236 5330 edificare.
283 5268 363 5330 Inde
387 5276 445 5345 est,
470 5270 560 5351 quod
585 5271 816 5334 discretionem
832 5279 974 5332 vestram
999 5289 1059 5352 per
1074 5270 1259 5352 apostolica
1275 5271 1396 5352 scripta
1413 5289 1583 5333 monemus
1599 5273 1755 5334 attentius

76 5364 106 5418 et
131 5357 334 5432 mandamus,
358 5358 520 5437 quatinus,
540 5379 614 5422 cum
638 5360 724 5422 idem
753 5379 864 5422 comes
894 5358 1002 5422 locum
1037 5358 1081 5422 eis
1113 5367 1227 5442 aptum
1259 5360 1301 5422 ad
1326 5359 1498 5422 ecclesiam
1530 5359 1754 5424 fabricandam

77 5447 283 5520 concesserit,
307 5453 352 5521 tu,
375 5447 476 5510 irater
498 5448 665 5532 episcope,
688 5448 830 5532 lapidem
855 5469 929 5511 cum
953 5449 996 5511 ab
1021 5450 1067 5511 eis
1091 5450 1264 5530 requisitus
1287 5448 1393 5526 fueris,
1421 5449 1531 5512 tradas
1555 5459 1588 5512 et
1610 5450 1653 5513 ad
1677 5470 1755 5513 con·

75 5535 264 5599 struendam
278 5535 447 5600 ecclesiam
463 5539 509 5600 eis
532 5536 558 5624 s)
579 5541 701 5620 pariter
721 5539 862 5621 prebeas
883 5535 912 5622 t)
932 5537 1086 5600 auxilium
1100 5546 1133 5601 et
1145 5539 1300 5613 savorem,
1318 5547 1351 5600 et
1363 5539 1517 5602 omnibus
1529 5537 1653 5603 clericis
1668 5547 1754 5603 terre

92 5809 100 5866 J
151 5807 160 5851 t
233 5735 259 5794 a)
278 5731 390 5781 eiusdem
464 5733 490 5795 b)
508 5733 587 5784 linter
604 5749 658 5784 rem
671 5736 756 5783 Rasur
827 5737 851 5802 c)
866 5735 930 5783 ceris
943 5735 996 5798 uus
1002 5735 1086 5782 Rusur
1157 5733 1184 5800 d)
1198 5733 1351 5783 mouerimus
1424 5744 1449 5798 e)
1463 5733 1604 5784 Cellenesis
1677 5737 1756 5802 neas

77 5815 232 5866 gpoeans.
