4126 6366
532 496 553 582 's
575 500 649 580 Ego
673 496 857 561 Bernardus
881 496 986 560 sancti
1002 495 1089 560 Petri
1105 497 1147 559 ad
1163 495 1302 559 Vincula
1325 495 1489 578 presbiter
1511 495 1685 560 cardinalis
1708 496 1756 562 tit.
1775 495 1923 560 Eudoxie
1943 517 1977 560 ss.

532 585 552 670 'r
576 587 649 670 Ego
674 586 836 650 Iohannes
859 589 907 648 tit.
931 595 1042 650 sancte
1065 586 1174 648 Prisce
1197 586 1360 667 presbiter
1383 585 1555 649 cardinalis
1578 607 1620 648 ss.

532 676 552 759 l
576 677 649 758 Ego
674 675 851 758 Gregorius
874 683 987 738 sancte
1011 674 1116 737 Maria
1139 677 1172 737 in
1196 675 1327 738 Porticu
1351 676 1509 738 diaconus
1533 676 1705 738 cardinalis
1728 695 1771 738 ss.

532 765 551 850 †
575 767 648 848 Ego
673 763 851 847 Gregorius
874 774 987 828 sancte
1012 765 1116 828 Marie
1139 766 1171 826 in
1193 764 1321 843 Aquiro
1346 764 1502 828 diaconus
1526 763 1696 829 cardinalis
1718 785 1761 828 ss.

531 854 551 939 †
575 853 649 936 Ego
673 853 849 936 Gregorius
872 856 976 918 sancti
1001 853 1133 935 Georgii
1156 854 1198 915 ad
1221 852 1342 916 Velum
1367 873 1501 918 aureum
1523 853 1680 918 diaconus
1703 854 1878 918 cardinalis
1900 875 1938 918 ss.

532 943 551 1028 †
575 943 648 1026 Ego
671 944 824 1007 Lotarius
847 952 1033 1007 sanctorum
1057 941 1218 1026 Sergiiet
1239 941 1340 1005 Bachi
1363 944 1522 1006 diaconus
1546 943 1718 1008 cardinalis
1742 964 1784 1008 ss.

531 1033 551 1116 †
575 1033 648 1115 Ego
673 1031 849 1115 Gregorius
871 1035 976 1097 sancti
999 1031 1121 1115 Angeli
1145 1032 1304 1096 diaconus
1327 1032 1499 1096 cardinalis
1522 1053 1563 1094 ss.

532 1121 552 1206 †
576 1123 649 1204 Ego
674 1122 788 1185 Petrus
812 1132 923 1186 sancte
947 1122 1050 1186 Marie
1074 1123 1106 1184 in
1128 1120 1193 1185 Via
1216 1122 1283 1185 lata
1305 1122 1463 1185 diaconus
1488 1120 1659 1187 cardinalis
1682 1141 1724 1183 ss.

479 1209 553 1275 Dat.
576 1212 742 1290 Laterani,
773 1232 833 1294 per
864 1231 994 1275 manum
1024 1211 1149 1294 Egidii,
1180 1213 1284 1275 sancti
1308 1209 1437 1275 Nicolai
1470 1212 1501 1274 in
1532 1231 1663 1274 carcere
1685 1210 1836 1275 Tulliano
1867 1213 1986 1275 diaconi

319 1299 501 1363 cardinalis.
541 1301 615 1364 Kal.
632 1298 768 1365 Octobr.
806 1302 988 1365 Indictioue
1010 1302 1107 1365 tertia
1130 1301 1267 1365 decima.
1305 1299 1535 1366 Incaruationis
1552 1299 1717 1364 dominice
1733 1321 1818 1364 anno
1835 1313 1986 1366 Mchtm.

319 1387 534 1452 Pontificatus
557 1411 636 1454 vero
660 1392 775 1454 domni
799 1389 988 1454 CELESTlNI
1011 1411 1067 1473 pp.
1091 1405 1131 1454 ΠΙ
1154 1411 1239 1454 anno
1263 1400 1391 1470 quarto

481 1505 524 1554 Or.
544 1505 577 1554 im
595 1505 708 1556 Archivio
731 1505 865 1570 Capitolarr
881 1521 912 1554 au
928 1505 1031 1556 Rimini.

480 1576 550 1641 Perg.
570 1576 629 1636 rial,
649 1577 685 1625 br.
705 1579 775 1638 O,55,
793 1578 854 1642 long
872 1578 940 1640 0,73,
958 1585 1034 1628 unten
1052 1594 1071 1628 c.
1090 1578 1153 1638 0,03
1174 1577 1363 1644 umgescllagm,
1393 1577 1470 1626 durch
1494 1574 1553 1624 rwei
1568 1575 1662 1626 Licher
1683 1577 1741 1642 gelat
1763 1575 1801 1626 die
1827 1592 1884 1626 rosa
1902 1577 1989 1627 Satra-

317 1646 417 1706 sclmur,
437 1661 522 1697 weron
540 1648 585 1696 das
603 1648 726 1714 Bleisiegel
741 1650 826 1713 lenge,
845 1647 953 1715 Faltreng
969 1650 1013 1699 der
1030 1649 1128 1700 Bullen.
1158 1648 1207 1699 Dic
1224 1648 1322 1698 Firmen
1334 1646 1443 1698 scierim
1454 1663 1502 1696 von
1513 1647 1693 1698 verschr'edem
1705 1647 1814 1698 frendere
1824 1648 1988 1698 metten.

1063 1935 1130 2012 Nr.
1157 1938 1247 2010 469.

322 2069 461 2134 colestia
479 2066 543 2134 JJJ
555 2069 710 2152 gewdlzrt
728 2067 801 2131 dem
825 2067 905 2132 Abte
937 2068 1059 2132 Walter
1078 2089 1139 2132 von
1162 2068 1230 2133 San
1247 2068 1445 2131 Bartolemeo
1460 2067 1499 2130 di
1517 2065 1688 2151 Carpineto
1705 2067 1764 2147 (D.
1781 2067 1916 2150 Penne),
1935 2067 1989 2130 wie

316 2161 430 2224 dessen
449 2157 635 2242 Vorgc'inger
646 2155 867 2236 Kmmmstob,
878 2159 973 2241 Re'ng
983 2157 1053 2221 und
1059 2156 1163 2221 notra
1175 2158 1227 2221 bei
1237 2158 1365 2222 Messen
1375 2154 1446 2219 und
1451 2157 1677 2220 Processrenen
1688 2164 1801 2239 tragen
1812 2177 1858 2220 zu
1870 2156 1988 2237 drtrfen.

886 2275 968 2336 1194
985 2271 1170 2357 September
1182 2276 1239 2336 28.
1273 2273 1423 2336 Lateran.

477 2390 699 2455 CELESTINUS
731 2391 922 2473 episcopus,
960 2409 1071 2454 servus
1101 2410 1271 2453 servorum
1302 2390 1373 2463 dei,
1414 2389 1535 2452 dilecto
1570 2388 1638 2452 tilio
1670 2386 1842 2467 Gualter0,
1883 2389 1987 2453 abbati

318 2482 506 2543 monasterii
537 2482 639 2542 sancti
664 2478 888 2543 Bartholomei
911 2479 955 2542 de
975 2475 979 2562 Ι
1001 2479 1205 2562 Carpenet0,
1239 2478 1377 2542 salutern
1408 2487 1442 2540 et
1472 2478 1687 2561 apostolicam
1715 2478 1988 2542 benedictionem.

317 2571 481 2633 Locorum
507 2589 620 2632 eorum
651 2570 812 2651 prelatos,
845 2588 909 2649 que
932 2568 1021 2632 nullo
1046 2570 1156 2632 medio
1187 2569 1275 2632 sedis
1299 2567 1480 2650 apostolice
1496 2576 1674 2631 noscuntur
1689 2568 1887 2631 iurisditioni
1908 2567 1986 2652 sup}-

317 2660 433 2740 posita‚
465 2659 615 2721 Romana
639 2658 807 2722 consuevit
831 2657 969 2721 ecclesia
992 2658 1177 2740 potioribus
1200 2659 1343 2740 insigniis
1367 2657 1541 2733 decorare,
1573 2665 1609 2719 ut
1636 2664 1729 2720 tanto
1753 2656 1782 2718 ei
1805 2659 1988 2721 devotiores

318 2749 459 2810 existant
500 2756 533 2809 et
569 2749 747 2810 iniunctum
772 2747 831 2810 sibi
856 2747 1144 2809 administrationis
1169 2747 1312 2810 officium
1337 2748 1498 2829 promtius
1522 2755 1556 2809 et
1579 2746 1757 2828 religiosius
1781 2756 1987 2826 exequantur.

318 2844 440 2915 quanto
464 2836 720 2900 benivolentiam
746 2838 813 2900 eius
836 2857 874 2898 ac
898 2835 1153 2899 munificentiam
1179 2838 1211 2900 in
1236 2836 1422 2899 huiusmodi
1452 2837 1651 2898 exteriorum
1683 2836 1856 2900 ornatibus
1880 2838 1988 2900 certius

316 2933 393 2988 sunt
416 2929 554 3007 experti.
600 2926 759 2989 Volentes
783 2927 886 3006 igitur,
912 2925 1162 3007 predecessores
1187 2935 1324 3000 nostros
1358 2926 1412 3004 qui
1436 2921 1673 3010 c[0mmis]sum
1698 2925 1756 2988 tibi
1772 2926 1988 3013 ,decreverunt

318 3017 551 3078 monasterium
584 3014 813 3078 honorandum
852 3022 885 3077 et
909 3016 941 3076 in
964 3034 1022 3076 sua
1044 3014 1157 3076 lortius
1182 3014 1333 3079 libertate
1356 3015 1533 3091 tuendum,
1559 3023 1656 3100 prout
1679 3017 1841 3090 convenit,
1866 3017 1986 3090 imitari,

317 3099 509 3190 devotio[ni]
543 3114 598 3168 tue
629 3107 661 3167 in
694 3106 865 3166 missarum
897 3111 930 3165 et
961 3105 1207 3185 processionum
1239 3103 1513 3168 celebrationibus
1542 3102 1697 3185 pastorali
1721 3105 1811 3186 virga
1841 3113 1876 3167 et
1899 3105 1987 3167 an'ulo

318 3194 480 3273 mitraque
513 3195 640 3269 utendi,
672 3193 754 3255 sicut
784 3193 1046 3256 antecessoribus
1077 3193 1139 3254 tuis
1162 3196 1306 3257 noscitur
1330 3194 1428 3255 luisse
1451 3192 1629 3266 indultum,
1662 3192 1801 3256 liberam
1824 3193 1987 3257 tribuimus

318 3283 479 3363 presentis
502 3283 611 3365 scripti
636 3285 757 3365 pagina
780 3281 998 3346 saccultatem.
1044 3279 1132 3345 Nulli
1157 3303 1236 3365 ergo
1261 3285 1397 3347 omnino
1421 3281 1590 3344 hominurn
1613 3281 1717 3357 liceat,
1739 3280 1825 3345 hanc
1842 3287 1987 3369 paginam

317 3380 427 3434 nostre
459 3373 671 3435 institutionis
694 3391 751 3434 seu
776 3372 993 3433 concessionis
1017 3371 1193 3452 infringere
1217 3372 1269 3434 vel
1294 3372 1322 3434 ei
1346 3392 1425 3434 ausu
1449 3373 1624 3434 temerario
1648 3373 1820 3435 contraire.
1868 3371 1902 3436 Si
1925 3373 1988 3453 quis

317 3469 426 3524 autem
450 3460 514 3524 hoc
538 3469 734 3542 attemptare
758 3464 1001 3542 presumpserit,
1032 3462 1292 3543 indignationem
1317 3461 1555 3542 omnipotentis
1579 3461 1631 3523 dei
1654 3470 1689 3523 et
1712 3461 1887 3524 beatorum
1912 3461 1988 3525 Petri

318 3559 351 3612 et
374 3548 471 3626 Pauli,
496 3549 720 3632 apostolorum
746 3551 821 3624 eius
844 3569 881 3612 se
904 3546 1042 3635 nove[rit
1065 3547 1300 3636 in]lcursurum.
1323 3585 1367 3598 -
1391 3549 1468 3613 Dat.
1492 3549 1652 3627 Laterani,
1676 3565 1728 3614 1111
1750 3549 1804 3614 Kl.
1830 3550 1988 3616 Octobris.

316 3638 525 3703 Pontificatus
550 3641 653 3703 nostri
677 3659 762 3702 anno
786 3647 913 3718 quarto.

479 3755 523 3804 Or.
543 3753 580 3816 (E
602 3753 643 3803 VI.
665 3755 734 3818 182),
754 3752 780 3804 in
799 3753 843 3802 der
857 3753 921 3802 Bibl.
942 3751 1061 3817 Chigr'ana
1078 3769 1108 3801 au
1119 3756 1189 3804 Rem.

478 3825 547 3892 Perg.
566 3825 625 3885 irat,
644 3826 680 3874 br.
698 3826 766 3888 0‚22,
784 3827 847 3890 lang
863 3827 930 3885 0,17,
948 3831 1025 3875 unten
1043 3827 1122 3884 (2022
1140 3827 1329 3892 umgesctlagen,
1356 3825 1435 3876 durch
1453 3827 1469 3876 2
1488 3825 1582 3876 Lir'rlrer
1594 3826 1652 3893 geht
1668 3825 1705 3876 die
1723 3841 1780 3874 rosa
1798 3826 1856 3875 und
1868 3825 1988 3891 Μὶ-

313 3899 379 3965 gelbo
396 3898 579 3958 Seriiemchmm
599 3913 633 3947 an
652 3897 695 3948 der
711 3898 756 3946 das
773 3897 899 3963 Bler'sicgcl
913 3897 998 3962 Mergi,
1017 3897 1126 3963 Faltrmg
1141 3897 1185 3947 der
1200 3897 1304 3948 Brevm.
1762 3942 1764 3946 .

1062 4181 1130 4257 Nr.
1158 4185 1248 4257 470.

324 4319 469 4383 Calestz'rr
487 4317 551 4381 III
561 4317 708 4380 erinnert
719 4314 782 4378 den
799 4312 947 4378 Konvent
958 4335 1019 4379 von
1035 4312 1103 4378 San
1115 4314 1315 4380 Bartolemeo
1330 4315 1370 4380 di
1388 4314 1560 4400 Carpineto
1575 4315 1635 4396 (D.
1649 4316 1771 4398 Penne)
1788 4315 1906 4396 daran,
1919 4316 1990 4381 dass

321 4430 359 4472 er
388 4408 509 4472 Walter
531 4404 703 4488 mogliclest
722 4403 846 4468 selmell
860 4425 900 4468 ru
924 4397 1412 4558 isszpzrgeer‘tlbitpnbngprz‘ptixzppd
1433 4405 1489 4470 ilrn
1513 4405 1608 4470 ilrnen
1630 4405 1815 4490 empsolrlen
1837 4405 1927 4486 habe,
1947 4404 1990 4468 sie

891 4611 973 4672 1194
990 4607 1174 4693 September
1188 4613 1245 4673 28.
1276 4609 1427 4675 Lateran.

480 4725 661 4791 Celestinus
692 4727 885 4808 episcopus,
916 4745 1029 4790 servus
1058 4745 1227 4790 servorum
1260 4727 1330 4804 dei,
1362 4728 1490 4793 dilectis
1521 4727 1610 4803 filiis,
1642 4729 1794 4792 universo
1823 4725 1994 4803 conventui

321 4816 510 4882 monasterii
543 4816 644 4879 sancti
668 4813 891 4878 Bartholomei
921 4816 963 4878 de
983 4811 988 4898 l
1009 4813 1210 4898 Carpeneto,
1242 4815 1379 4880 salutem
1413 4825 1447 4880 et
1475 4819 1693 4900 apostolicam
1721 4816 1988 4880 benedictionem.

322 4909 405 4972 Cum
429 4907 566 4968 dilectus
590 4904 673 4968 filius
697 4912 816 4979 noster,
841 4904 1033 4980 Gualterius,
1057 4924 1143 4967 nunc
1167 4905 1281 4982 abbas,
1305 4915 1381 4968 tunc
1405 4907 1527 4972 electus
1551 4916 1666 4982 vester,
1691 4925 1765 4970 cum
1786 4903 1988 4988 quibusldam

321 5017 365 5060 ex
395 4994 547 5058 fratribus
578 4996 694 5057 vestris
726 4994 768 5056 ad
799 5002 941 5057 nostram
975 4995 1172 5076 presentiam
1213 4995 1403 5058 accessisset
1448 5006 1481 5060 et
1512 4997 1628 5062 fratres
1659 4998 1738 5079 ipsi,
1778 4995 1834 5078 qui
1865 4997 1897 5058 in
1928 4995 1988 5057 eius

321 5095 478 5150 venerant
501 5085 667 5158 comitatu,
699 5103 741 5145 ex
764 5091 856 5165 parte
879 5091 987 5147 vestra
1011 5085 1186 5146 concordis
1209 5083 1377 5148 electionis
1401 5084 1483 5149 illius
1507 5086 1631 5151 litteras
1655 5093 1910 5170 presentassent,
1938 5101 1987 5145 eos

321 5176 464 5256 benigne
503 5173 685 5255 recepimus
724 5181 773 5247 et,
814 5173 1056 5235 communicato
1088 5171 1221 5236 fratrum
1255 5183 1441 5238 nostrorum
1474 5175 1627 5250 consilia,
1668 5194 1769 5258 super
1798 5174 1988 5238 continentia

321 5265 499 5328 litterarum
523 5261 649 5325 illarum
674 5270 707 5326 et
730 5263 894 5326 desiderio
918 5269 1027 5326 vestro
1052 5262 1245 5326 electionem
1269 5263 1354 5327 illam
1379 5271 1481 5328 ratam
1505 5266 1660 5330 duximus
1682 5274 1717 5328 et
1730 5264 1859 5328 firmam
1875 5263 1988 5326 baben·

323 5355 399 5417 dam
436 5360 478 5430 et,
511 5351 674 5415 intellecto
706 5352 893 5415 monasterii
917 5354 1016 5414 vestri
1049 5351 1236 5434 gravamine
1267 5373 1305 5415 ac
1335 5353 1482 5434 inspecta
1504 5355 1637 5437 insuper
1660 5352 1823 5436 corporali
1848 5351 1988 5416 molestia

322 5443 468 5506 eiusdem
500 5441 602 5518 electi,
626 5442 782 5504 maturius
802 5439 830 5527 a)
862 5443 891 5504 ei
923 5441 1060 5504 fecimus
1093 5461 1208 5504 munus
1239 5441 1479 5506 benedictionis
1499 5441 1526 5528 a)
1555 5442 1712 5525 impendi.
1757 5443 1858 5508 Unde
1881 5444 1987 5524 ipsum,

323 5552 397 5596 cum
421 5539 533 5595 nostra
556 5538 589 5594 et
613 5531 747 5594 fratrum
771 5540 955 5594 nostrorum
978 5531 1082 5612 gratia
1110 5539 1342 5605 revertentem,
1373 5534 1575 5596 universitati
1598 5541 1706 5596 vestre
1736 5533 1892 5596 duximus
1922 5547 1987 5614 pro·

482 5731 508 5793 a)
532 5725 582 5777 Ven
600 5725 716 5776 maturius
734 5725 769 5776 bis
786 5725 897 5792 impendi
915 5726 968 5791 auf
981 5727 1072 5776 Ramr.
