4142 6366
1679 319 1740 381 213

75 488 221 564 visitare,
246 493 393 550 mortuos
416 485 556 568 sepelire
579 493 612 548 et
633 485 697 550 alia
720 486 829 549 divina
851 483 970 562 officia,
1000 507 1064 571 que
1086 487 1128 548 ad
1152 485 1357 570 parrochiale
1378 487 1426 551 ius
1448 489 1617 570 pertinent,
1647 484 1742 549 vobis

74 575 195 650 invitis,
218 573 345 659 populo
368 574 542 638 celebrare.
588 576 746 650 Preterea,
770 577 922 658 quicquid
946 575 1146 639 Adalbertus
1169 577 1274 639 dictus
1296 577 1408 654 abbas,
1432 577 1531 660 ipsius
1555 575 1742 640 monasterii

75 667 221 740 invasor,
243 665 286 728 ab
309 662 425 728 eadem
447 667 551 727 sancti
574 663 712 728 Dionisii
736 664 873 728 ecclesia
897 685 955 748 per
977 665 1186 740 venditiones,
1217 667 1467 747 pignorationes,
1496 665 1742 739 infeudationes,

75 755 295 828 investituras,
318 752 456 829 libellos,
487 755 730 829 comutationes,
761 754 940 817 locationes
970 774 1025 817 seu
1048 753 1112 816 alio
1137 755 1284 836 quolibet
1307 755 1407 818 modo
1437 754 1593 830 alienavit,
1617 755 1741 816 irritum

75 863 151 908 esse
175 862 345 906 censemus
376 850 409 905 et
438 843 481 906 ad
504 843 608 924 ipsam
638 843 726 906 beati
750 843 887 906 Dionisii
918 843 1086 906 ecclesiam
1118 844 1292 906 revocandi
1321 843 1509 907 facultatem
1539 842 1635 906 vobis
1664 863 1741 905 con-

75 934 246 1008 cedimus,
280 932 557 1012 quemadmodum
587 951 646 1014 per
675 935 868 995 sententiam
898 932 1067 995 consulum
1099 931 1387 996 Mediolanensium
1411 953 1430 994 a
1454 932 1621 1004 Rubaldo,
1654 931 1743 1017 bone

75 1023 241 1107 memorie
256 1018 510 1102 archiepiscopo,
527 1021 668 1103 legitime
685 1022 859 1084 iudicatum
876 1029 935 1085 est.
965 1021 1120 1084 Decimas
1136 1040 1276 1102 quoque,
1292 1042 1372 1104 quas
1389 1023 1543 1085 canonice
1559 1020 1742 1103 possidetis,

74 1113 175 1174 vobis
198 1109 423 1174 nichilominus
452 1109 688 1173 confirmamus.
733 1110 948 1174 Decernimus
978 1130 1064 1192 ergo,
1098 1118 1132 1171 ut
1164 1111 1241 1173 nulli
1275 1113 1406 1174 omnino
1440 1109 1607 1174 hominurn
1636 1111 1741 1184 liceat,

73 1200 244 1284 prefatum
261 1199 514 1262 monasterium.
539 1246 546 1261 .
570 1247 578 1260 .
602 1199 711 1262 usibus
735 1200 929 1262 omnimodis
945 1198 1122 1282 profutura,
1145 1199 1233 1262 salva
1248 1200 1335 1262 sedis
1356 1199 1536 1282 apostolice
1552 1199 1741 1262 auctoritate

73 1298 109 1352 et
134 1288 391 1352 Mediolanensis
413 1288 649 1371 archiepiscopi
673 1290 828 1352 canonica
852 1290 979 1352 iustitia.
1025 1286 1060 1352 Si
1084 1307 1148 1368 qua
1170 1289 1266 1370 igitur
1289 1336 1296 1350 .
1322 1335 1329 1350 .
1352 1335 1360 1350 .
1384 1287 1515 1353 Cunctis
1538 1297 1646 1351 autem
1670 1334 1677 1349 .
1701 1334 1708 1350 .
1734 1337 1740 1351 .

74 1379 254 1442 inveniant.
300 1376 419 1440 Amen.
441 1413 484 1422 -
507 1376 597 1441 A·m.
621 1413 664 1422 -
686 1378 805 1441 Amen.
829 1413 872 1423 —

293 1467 347 1546 (R)
371 1464 443 1548 Ego
466 1465 657 1530 Alexander
679 1466 840 1529 catholice
862 1465 1000 1529 ecclesie
1022 1465 1198 1550 episcopus
1219 1486 1260 1528 ss.
1282 1461 1345 1550 (M)

259 1593 263 1600 ·
292 1555 313 1636 †
334 1555 407 1637 Ego
431 1554 602 1618 Hubaldus
626 1555 808 1618 Hostiensis
831 1557 1006 1637 episcopus
1029 1574 1070 1616 ss.

290 1643 312 1725 †
334 1643 406 1726 Ego
429 1645 614 1708 Bernartius
638 1643 825 1708 Portuensis
848 1653 882 1708 et
902 1651 1014 1707 sancte
1036 1643 1152 1706 Rufine
1178 1645 1353 1726 episcopus
1376 1663 1416 1706 ss

293 1729 313 1816 †
336 1733 408 1815 Ego
432 1733 618 1798 Gualterius
641 1732 839 1796 Albanensis
863 1733 1035 1815 episcopus
1058 1751 1099 1794 ss.
1123 1727 1169 1816 (3)

291 1855 336 1868 -
357 1824 378 1900 †
400 1821 473 1904 Ego
496 1821 669 1885 Hubaldus
692 1821 851 1904 presbiter
874 1821 1043 1885 cardinalis
1066 1823 1113 1883 tit.
1136 1829 1248 1884 sancte
1271 1821 1383 1886 Crucis
1406 1823 1438 1883 in
1461 1818 1634 1885 Ierusalem
1655 1837 1697 1880 ss.

290 1912 312 1988 †
334 1911 406 1992 Ego
430 1911 589 1974 Henricus
612 1911 773 1993 presbiter
795 1909 967 1975 cardinalis
989 1913 1037 1972 tit.
1060 1919 1245 1974 sanctorum
1269 1911 1368 1974 Nerei
1393 1919 1425 1973 et
1448 1908 1588 1972 Achillei
1610 1928 1652 1971 ss.

291 1999 312 2080 †
334 1999 406 2082 Ego
429 1998 589 2064 lohannes
612 2000 771 2082 presbiter
793 1999 962 2064 cardinalis
986 2000 1032 2061 tit.
1054 2008 1165 2080 sancte
1186 1999 1393 2080 ANASTASIE
1416 2019 1458 2062 ss.

291 2088 312 2171 †
333 2088 406 2171 Ego
429 2089 586 2152 Albertus
610 2089 771 2170 presbiter
794 2088 964 2153 cardinalis
988 2091 1035 2151 tic
1058 2089 1161 2150 sancti
1183 2089 1347 2153 Laurentii
1372 2091 1404 2151 in
1427 2088 1552 2152 Lucina
1575 2105 1616 2148 ss.

290 2177 311 2258 †
333 2176 405 2259 Ego
429 2173 633 2264 Guil(elmus)
655 2181 703 2242 tit.
728 2181 829 2241 sancti
852 2179 937 2242 Petri
960 2177 1002 2241 ad
1025 2176 1163 2240 Vincula
1186 2179 1344 2259 presbiter
1366 2176 1535 2241 cardinalis
1555 2195 1598 2236 ss.

290 2299 335 2312 -
356 2267 377 2346 †
399 2266 473 2350 Ego
497 2267 654 2330 lacinctus
678 2268 834 2331 diaconus
858 2265 1028 2330 cardinalis
1051 2275 1162 2328 sancte
1186 2267 1289 2331 Marie
1311 2267 1342 2330 in
1366 2267 1557 2347 Cosmydyn
1579 2283 1620 2327 ss.

292 2353 313 2438 †
335 2353 407 2437 Ego
431 2354 533 2420 Oddo
557 2358 715 2420 diaconus
738 2357 910 2420 cardinalis
933 2358 1036 2419 sancti
1059 2353 1212 2419 Nicholai
1235 2359 1267 2420 in
1290 2376 1419 2420 carcere
1440 2354 1589 2418 Tulliano
1611 2372 1653 2415 ss

291 2442 312 2524 †
334 2445 406 2526 Ego
430 2447 520 2508 Boso
543 2447 701 2509 diaconus
724 2447 896 2510 cardinalis
919 2453 1104 2508 sanctorum
1128 2445 1250 2509 Cosme
1273 2453 1306 2509 et
1328 2447 1480 2509 Damiani
1502 2463 1542 2506 ss.

292 2527 312 2614 †
334 2532 408 2615 Ego
432 2533 591 2615 Cinthyus
614 2535 769 2598 diaconus
792 2534 960 2598 cardinalis
983 2535 1087 2596 sancti
1110 2533 1248 2598 Adriani
1271 2555 1311 2597 ss

292 2617 312 2704 †
335 2621 407 2704 Ego
430 2622 619 2687 Manfredus
641 2625 797 2687 diaconus
821 2623 991 2687 cardinalis
1014 2623 1115 2685 sancti
1132 2621 1262 2706 Georgii
1285 2623 1329 2686 ad
1344 2620 1462 2685 Velum
1485 2638 1618 2682 aureum
1635 2638 1675 2680 ss.
1691 2613 1738 2701 (1)

238 2708 314 2773 Dat.
337 2708 492 2788 Senonis,
523 2733 583 2794 per
613 2733 744 2776 manum
776 2714 971 2790 Hermanni,
1001 2720 1113 2796 sancte
1135 2712 1285 2799 Romane
1317 2710 1451 2794 ecclesie
1482 2709 1674 2772 subdiaconi
1705 2713 1738 2768 et

76 2797 205 2861 notarii.
260 2813 286 2862 11
315 2797 398 2863 Non
430 2799 607 2866 Novembr.
659 2803 838 2868 indictione
867 2817 940 2866 xm.
993 2799 1223 2866 Incamationis
1260 2803 1422 2888 dominice
1463 2819 1549 2862 anno
1579 2808 1738 2860 aarum.

76 2885 292 2952 Pontificatus
316 2909 394 2953 vero
417 2891 529 2954 domni
553 2890 735 2954 Alexandri
759 2914 814 2976 pp.
838 2906 876 2955 111
898 2912 962 2956 ano
984 2905 1030 2954 VL
1053 2921 1097 2942 ⁴·-

243 3002 286 3056 0r.
304 3003 337 3052 im
354 3003 468 3054 Archrvio
485 3004 513 3054 di
528 3005 595 3054 Staio
611 3022 641 3054 zu
659 3005 781 3056 Mailund.

241 3074 312 3139 Ptrg.
330 3075 389 3135 stad,
413 3077 449 3126 br.
468 3077 555 3137 0,·194,
578 3079 639 3142 lang
655 3079 721 3138 O,56,
745 3085 819 3128 unten
837 3079 915 3138 0,036
932 3078 1121 3144 umgeschlagen,
1144 3077 1221 3126 durch
1244 3075 1302 3126 truci
1317 3076 1409 3126 Lucan
1427 3075 1484 3142 geht
1507 3074 1544 3124 die
1566 3090 1621 3124 rosa
1645 3072 1739 3122 Sollen-

75 3143 177 3204 κᾶνω,
197 3160 283 3194 moran
300 3146 344 3195 das
355 3147 480 3213 Bleirr'egel
493 3149 577 3214 heingi.
611 3148 720 3214 Faltustg
735 3149 778 3199 der
788 3149 885 3199 Bullen.
920 3149 994 3199 Ueber
1004 3150 1041 3198 die
1056 3150 1114 3199 Um·
1131 3149 1186 3199 und
1199 3148 1360 3212 Untersclm'ft
1375 3147 1453 3197 uirilis
1465 3147 1576 3197 Siclreres.
1613 3143 1741 3209 Datim(

75 3215 447 3339 mwffigrgt‘mchm'her,
471 3220 516 3269 das
533 3221 559 3270 H
580 3220 722 3272 Hermam
744 3221 818 3271 daria
843 3219 910 3270 wohl
929 3221 1110 3288 nachgctragm.
1147 3219 1324 3286 leugam
1349 3219 1473 3269 theilwn'se
1494 3234 1543 3268 von
1565 3216 1741 3270 verschiedne

820 3576 887 3651 Nr.
913 3579 1001 3652 205.

77 3703 266 3770 Alexander
281 3705 347 3770 III
371 3704 507 3770 erkcnnt
525 3705 589 3771 den
617 3705 818 3860 Erabisclrog
846 3708 979 3810 Johann
996 3708 1040 3839 {J
1064 3729 1124 3772 von
1153 3707 1268 3773 Toledo
1296 3707 1346 3772 als
1377 3707 1544 3772 Primam
1565 3707 1630 3788 fiir
1651 3725 1741 3790 gans

644 3807 921 3968 11661)εεῖἴὶἷῖ
936 3819 987 3967 ll
1015 3801 1180 3968 Haterius.

241 4029 431 4095 Alexander
461 4032 642 4115 episcopus,
672 4054 784 4097 servus
814 4054 980 4099 servorum
1010 4037 1077 4111 dei,
1107 4032 1281 4098 venerabili
1312 4033 1401 4097 fratri
1424 4032 1545 4110 Ioanni,
1575 4030 1739 4095 Toletano

78 4121 330 4204 archiepiscopo
361 4129 395 4185 et
426 4119 655 4204 Hispaniarum
685 4123 831 4205 primati,
862 4125 995 4205 eiusque
1024 4125 1274 4197 successoribus,
1307 4123 1462 4186 canonice
1495 4121 1740 4200 substituendis,

78 4213 109 4273 in
143 4219 351 4293 perpetuum.
405 4210 620 4275 Sacrosancta
649 4211 798 4276 Romana
828 4214 963 4277 ecclesia
982 4212 1009 4299 ει)
1048 4214 1091 4277 ab
1121 4215 1194 4295 ipso
1224 4213 1385 4276 salvatore
1422 4214 1565 4274 omnium
1603 4211 1740 4272 domino

77 4300 149 4363 lesu
175 4298 307 4363 Christo
337 4306 436 4382 caput
458 4308 491 4363 et
513 4300 613 4365 cardo
636 4310 686 4364 est
709 4303 851 4365 omnium
876 4303 1082 4366 ecclesiarum
1106 4304 1252 4365 instituta
1275 4310 1335 4366 etc.
1379 4301 1524 4381 Ideoque
1546 4298 1740 4362 venerabilis

79 4387 180 4452 irater
195 4388 343 4462 Ioannes,
367 4408 465 4471 quem
480 4409 557 4453 vera
572 4391 605 4453 in
621 4388 750 4454 Christo
766 4390 922 4455 charitate
938 4392 1111 4474 diligimus,
1125 4393 1189 4454 tuis
1205 4389 1451 4454 rationabilibus
1467 4386 1740 4471 postulationibus

79 4487 239 4560 paternae
256 4475 286 4562 b)
308 4479 438 4561 pietatis
460 4478 578 4542 affectu
601 4480 753 4543 duximus
775 4481 990 4544 annuendum.
1034 4483 1095 4545 Per
1117 4483 1275 4562 presentis
1303 4499 1381 4561 ergo
1405 4479 1563 4561 privilegii
1586 4479 1739 4559 paginam

79 4568 228 4648 primatis
251 4568 443 4648 dignitatem
467 4588 525 4650 per
548 4567 775 4650 Hispaniarum
799 4590 898 4652 regna
920 4571 977 4633 tibi
1000 4578 1034 4634 et
1061 4569 1216 4633 ecclesiae
1239 4567 1417 4632 Toletanae
1447 4567 1638 4631 auctoritate
1661 4586 1741 4648 apo·

77 4657 196 4718 stolica
219 4655 448 4720 confirmamus
470 4666 531 4720 etc.
576 4657 748 4720 Primatem
772 4667 805 4722 te
828 4659 992 4741 praesules
1014 4659 1190 4743 Hispaniae
1212 4659 1387 4742 respicient
1417 4656 1514 4720 etad
1537 4664 1579 4733 te,
1609 4657 1637 4718 si
1660 4654 1739 4737 quid

80 4745 164 4808 inter
188 4763 247 4808 eos
270 4747 441 4826 questione
464 4747 597 4828 dignum
621 4754 770 4810 exortum
795 4798 801 4812 .
827 4797 833 4811 .
858 4798 864 4811 .
890 4796 897 4810 .

294 4833 367 4916 Ego
390 4833 581 4898 Alexander
604 4835 782 4900 catholicae
805 4837 960 4902 ecclesiae
983 4837 1166 4920 episcopus.

294 4923 367 5005 Ego
391 4932 453 4986 etc.
477 4932 538 4988 etc.
563 4932 624 4987 etc.

240 5011 316 5076 Dat.
331 5013 483 5076 Laterani
503 5011 539 5098 ο),
554 5033 614 5095 per
629 5033 758 5076 manum
776 5011 915 5090 Geraldi,
929 5020 1061 5077 sanctae
1076 5014 1245 5077 Romanae
1261 5012 1418 5076 ecclesiae
1433 5012 1609 5095 scriptoris.
1639 5026 1678 5076 111
1692 5011 1740 5073 Id.

80 5097 285 5164 Decembris.
321 5100 503 5165 indictione
518 5117 575 5166 xv.
612 5101 845 5166 incarnationis
869 5104 1028 5168 dominice
1044 5124 1128 5166 anno
1143 5113 1300 5166 MCLXVII.
1336 5100 1545 5165 Pontificatus
1560 5101 1740 5164 Alexandri

80 5209 169 5272 pape
184 5204 224 5254 111
245 5211 332 5254 anno
356 5200 483 5255 octavo.

239 5303 363 5369 Abschn‘ft
378 5305 419 5354 des
439 5305 495 5356 Cod.
518 5305 544 5356 C.
563 5307 598 5356 23
606 5307 659 5371 sol.
679 5306 735 5364 64¹³,
754 5304 781 5354 in
798 5304 842 5354 der
857 5305 920 5356 Bibl.
944 5305 1110 5356 Vallicellr'ana
1126 5322 1158 5354 nu
1174 5307 1244 5356 Rom.

241 5375 289 5424 Die
324 5375 485 5442 Ucberschn'ft
513 5379 602 5428 lauret:
644 5377 807 5441 Privilegium
843 5375 929 5427 domui
958 5378 1093 5427 Alexandri
1122 5392 1188 5442 pape
1214 5377 1250 5428 ΠΙ
1279 5392 1353 5442 super
1383 5377 1489 5442 primatu
1517 5377 1621 5440 Ioanni,
1660 5374 1739 5425 archi·

8 5461 9 5464 ’
81 5446 202 5512 episcopo
221 5447 354 5498 Toletano.

81 5633 750 5772 11mirdafflomfflommeoemm
822 5635 849 5703 b)
867 5637 1019 5701 penitentiae
1090 5638 1115 5706 c)
1134 5636 1304 5688 Laterauensi.
1323 5673 1377 5684 ..-.
1395 5639 1432 5705 ,1)
1455 5635 1532 5702 Vergl.
1551 5635 1588 5687 die
1608 5634 1667 5687 Uri.
1686 5649 1741 5684 vm
