4142 6366
1730 347 1795 410 ²99

112 510 237 574 Dilecti
262 509 317 572 filii
341 513 452 586 nostri,
476 513 567 593 prior
589 522 623 576 et
645 514 794 578 canonici
818 527 930 581 sancte
948 518 1050 582 Marie
1067 518 1108 582 de
1123 520 1228 594 Reno,
1251 519 1441 581 transmissa
1456 518 1554 581 nobis
1577 518 1795 584 insinuatione

113 607 348 676 monstrarunt,
380 601 479 682 quod,
512 621 586 666 cum
611 604 643 665 in
667 604 804 667 ccclesia
827 606 869 669 de
892 605 968 671 Sala
987 605 1011 692 ¹)
1034 609 1083 671 ius
1113 607 1273 671 haberent
1303 616 1497 688 patronatus
1520 608 1621 689 ipsius
1649 609 1795 685 ecclesie,

114 690 392 770 archipresbitero
424 699 553 755 mortuo
584 693 750 774 predictus
773 695 864 776 prior
891 696 933 759 ad
956 697 1065 760 locum
1090 697 1180 760 illum
1204 697 1349 772 accessit,
1381 705 1417 759 ut
1447 717 1521 760 curn
1553 699 1701 779 patronis
1733 699 1795 762 illis

114 791 149 844 et
173 779 298 843 clericis
321 780 475 844 omnibus
499 782 541 845 de
564 781 825 864 archipresbiteri
849 786 1080 850 substitutione
1099 784 1126 870 ²)
1149 794 1312 849 tractaret.
1359 786 1442 851 Cum
1465 795 1575 849 autem
1608 788 1738 868 patroni
1762 798 1796 852 et

112 869 224 933 clerici
249 871 333 933 inter
356 891 392 933 se
415 871 546 953 penitus
570 870 785 949 dissentirent,
818 893 932 938 omnes
963 875 1158 939 electionem
1188 875 1316 957 prefato
1350 876 1450 957 priori
1478 876 1676 940 unanimiter
1707 897 1794 939 com·

113 961 283 1034 miserunt,
305 961 373 1036 sed,
397 981 437 1024 eo
455 961 497 1022 de
520 981 652 1024 assensu
677 963 831 1038 omnium,
857 964 986 1028 duobus
1001 965 1054 1028 vel
1077 965 1180 1029 tribus
1196 975 1323 1027 tanturn
1344 967 1501 1047 exceptis,
1525 965 1691 1047 quendam
1706 986 1794 1048 pres·

113 1049 258 1112 biterum
274 1050 445 1132 prescripti
462 1051 557 1113 castri
575 1050 607 1113 in
624 1051 931 1132 archipresbiterum
947 1054 1097 1136 eligente,
1112 1064 1191 1136 post
1202 1074 1366 1117 recessum
1378 1054 1446 1117 eius
1459 1054 1593 1136 quidam
1606 1055 1794 1137 capellanus

114 1139 249 1202 abbatis
285 1139 389 1202 sancti
417 1138 577 1220 Stephani
597 1137 626 1224 b)
656 1139 888 1218 Bononiensis,
924 1153 1050 1206 mutato
1090 1144 1296 1225 quorundam
1328 1152 1541 1225 patronorum
1574 1144 1728 1220 consilio,
1761 1145 1794 1208 in

113 1228 425 1309 archipresbiterum
449 1238 498 1292 est
521 1228 651 1292 electus.
697 1229 790 1292 Licet
813 1242 923 1295 autem
950 1228 1089 1318 fu[is]set
1113 1234 1335 1313 postmodum,
1370 1232 1600 1314 appellationis
1621 1233 1793 1297 obstaculo

114 1317 320 1398 interposito,
345 1325 571 1380 a'memorato
594 1319 703 1400 priore
727 1319 920 1400 prohibitus,
945 1330 981 1383 ut
1004 1323 1332 1384 amministrationem
1355 1323 1491 1385 ecclesie
1515 1343 1582 1385 non
1606 1323 1794 1404 susciperet,

114 1414 295 1488 antequam
319 1407 361 1470 de
384 1407 500 1488 prioris
524 1406 695 1488 presbiteri
720 1407 880 1472 electione
904 1420 1077 1486 constaret,
1102 1421 1208 1473 utrum
1232 1411 1346 1474 irritari
1370 1411 1506 1474 deberet
1520 1411 1572 1474 vel
1594 1412 1693 1474 etiam
1716 1431 1793 1474 con·

114 1496 247 1570 firmari,
271 1494 500 1559 nichilominus
515 1505 636 1571 tamen,
660 1496 884 1578 appellatione
907 1507 1107 1581 contempta,
1133 1499 1278 1563 officium
1302 1500 1794 1582 archipresbiteratusexercuit

112 1595 147 1648 et
173 1585 489 1649 administrationem
514 1587 620 1649 minus
643 1587 794 1650 ordinate
817 1589 950 1670 recepit.
997 1590 1090 1654 Inde,
1101 1598 1158 1664 est,
1183 1589 1274 1670 quod
1297 1589 1485 1652 discretioni
1502 1599 1608 1653 vestre
1632 1608 1692 1672 per
1714 1611 1792 1671 apo·

111 1674 234 1738 stolica
256 1675 378 1756 scripta
407 1676 610 1752 mandamus,
643 1676 808 1758 quatinus,
839 1677 986 1758 partibus
1018 1680 1216 1754 convocatis,
1239 1679 1380 1742 rationes
1411 1689 1443 1742 et
1475 1679 1695 1762 allegationes,
1730 1700 1793 1761 que

111 1764 192 1826 hinc
216 1763 292 1826 inde
314 1766 486 1846 proposite
503 1765 629 1841 suerint,
654 1765 793 1829 audiatis
809 1777 850 1842 et,
874 1765 1095 1849 appellatione
1111 1778 1246 1844 remota,
1272 1769 1362 1849 quod
1379 1769 1498 1831 iustum
1514 1769 1617 1842 fuerit,
1634 1769 1791 1832 iudicetis.

111 1852 149 1916 Si
175 1873 254 1916 vero
278 1860 477 1917 memoratus
500 1855 688 1936 capellanus
711 1875 747 1918 se
770 1857 1008 1919 contumaciter
1034 1857 1262 1932 absentaverit,
1295 1858 1469 1938 quominus
1492 1857 1535 1920 ad
1558 1867 1699 1921 vestram
1722 1877 1792 1939 pre·

111 1944 256 2005 sentiam
287 1944 396 2007 veniat
429 1954 463 2006 et
493 1964 605 2007 coram
627 1945 724 2009 vobis
752 1946 872 2009 iustitie
895 1956 1018 2027 pareat,
1050 1947 1166 2028 ipsum,
1198 1957 1327 2010 remoto
1351 1947 1581 2028 appellationis
1610 1947 1792 2022 obstaculo,

112 2052 254 2096 censura
276 2033 497 2099 ecclesiastica
519 2029 725 2118 perlcellatis.
748 2071 791 2082 —
814 2034 891 2098 Dat.
915 2032 1077 2112 Velletris,
1101 2049 1153 2099 1111
1175 2036 1263 2099 Non.
1289 2035 1377 2098 Maii.
1402 2071 1445 2082 —

279 2173 321 2224 Or.
350 2174 406 2224 und
427 2176 513 2239 Reges!
530 2173 615 2236 (Mem.
641 2191 696 2226 can.
721 2173 748 2224 di
763 2175 789 2223 S.
810 2175 954 2240 Salvatore),
982 2175 1015 2225 im
1039 2175 1154 2225 Archivio
1180 2175 1208 2224 di
1223 2177 1290 2226 Staio
1313 2191 1345 2224 au
1368 2177 1483 2241 Bologna.

279 2246 345 2312 Perg.
367 2247 427 2305 ὕοι,
445 2247 481 2296 br.
502 2247 571 2305 odd,
590 2249 651 2312 lartg
666 2247 752 2307 0‚152‚
771 2253 847 2297 maten
865 2247 945 2307 0,015
963 2247 1154 2314 umgeschlagm,
1180 2249 1258 2297 durch
1282 2246 1340 2297 noti
1364 2247 1457 2296 [acher
1478 2247 1537 2311 geht
1558 2246 1595 2296 dr?
1620 2245 1792 2311 trunsum,

110 2317 185 2366 deren
210 2316 336 2383 Bleisiegel
349 2319 465 2367 verloren.
502 2318 612 2384 Fadmg
628 2319 672 2367 der
689 2319 792 2367 Brevem.
829 2320 918 2369 Durcln
936 2319 982 2368 das
993 2321 1104 2385 gesaltete
1123 2320 1265 2386 Paergammt
1281 2319 1312 2367 ist
1327 2319 1365 2369 ein
1382 2319 1448 2368 Loth
1464 2319 1576 2384 much!
1592 2319 1648 2366 und
1662 2318 1736 2368 dorin
1754 2317 1793 2370 tin

111 2387 266 2454 qufsadm
282 2391 400 2456 lrd'ngend,
419 2389 447 2440 in
464 2390 508 2440 aare
525 2390 580 2439 wn't
596 2391 646 2440 dier
661 2391 841 2458 urspriinglich,
860 2391 928 2442 niem
944 2407 974 2440 m
990 2407 1071 2458 sagea.
1102 2391 1166 2442 Eine
1182 2391 1331 2457 Aufsctnyn
1349 2391 1394 2442 wie
1410 2389 1443 2442 sie
1459 2390 1496 2438 die
1512 2389 1605 2440 Sckrete
1622 2391 1705 2450 hum,
1716 2391 1792 2454 fehlt.

860 2782 928 2860 Nr.
956 2788 1046 2862 329.

110 2939 236 3006 Luctus
252 2940 318 3004 III
334 2940 520 3024 beaustragt
540 2943 596 3006 die
613 2942 762 3023 Bisclrbye
775 2963 837 3006 von
852 2941 1020 3024 Procensa,
1042 2944 1179 3023 Parma,
1207 2943 1363 3010 Cremona
1386 2944 1456 3008 und
1475 2946 1508 3010 T
1502 2955 1616 3010 ortona
1639 2947 1708 3011 und
1729 2948 1791 3011 den

112 3028 440 3094 Kanonikerkonvent
462 3051 522 3095 von
537 3033 647 3115 Borgo
668 3031 736 3095 San
759 3032 909 3096 Donnino
926 3032 984 3104 (D.
1001 3032 1152 3112 Parma),
1173 3034 1244 3098 ihre
1259 3035 1586 3118 Psarrargehiirzgen
1607 3057 1652 3100 su
1674 3057 1791 3100 veran-

110 3119 229 3200 lassen,
250 3119 325 3183 dem
342 3117 473 3185 Kloster
494 3119 596 3185 Santa
619 3121 736 3184 Maria
768 3121 902 3185 Teodota
924 3123 964 3186 di
985 3122 1091 3185 Pania
1112 3123 1438 3205 zuntckzuerstatten,
1462 3145 1533 3189 was
1554 3126 1603 3190 sie
1624 3125 1704 3190 ohne
1728 3125 1790 3191 Zu-

584 3212 764 3294 stimmung
777 3231 838 3274 von
853 3210 967 3275 dassen
984 3208 1121 3295 Kapitel
1132 3212 1271 3277 besitzen
1287 3213 1328 3298 ¹).

674 3355 893 3417 1182-1183
908 3353 985 3416 Mai
998 3355 1050 3418 17.
1091 3351 1230 3417 Velletri.

273 3495 394 3559 Lucius
415 3496 600 3578 episcopus,
624 3517 735 3561 servus
750 3516 919 3560 servorum
941 3496 1003 3572 dei,
1026 3496 1269 3561 venerabilibus
1285 3497 1437 3562 fratribus
1454 3549 1459 3562 .
1478 3549 1484 3563 .
1500 3498 1689 3564 Placentino
1707 3500 1732 3581 ⁸)
1754 3550 1761 3564 .
1783 3552 1790 3565 .

109 3586 278 3648 Parmensi
296 3584 323 3670 ⁴)
347 3633 354 3646 .
378 3634 384 3648 .
409 3581 622 3649 Cremonensi
638 3583 666 3670 ι)
689 3597 722 3649 et
745 3633 752 3647 .
775 3633 782 3646 .
805 3583 1054 3669 Terdonensi⁶)
1077 3585 1243 3667 episcopis
1266 3593 1300 3649 et
1315 3587 1443 3651 dilectis
1457 3589 1531 3652 filiis
1557 3639 1563 3652 .
1587 3637 1594 3651 .
1619 3594 1790 3673 preposito

109 3682 144 3738 et
172 3675 343 3738 canonicis
371 3675 474 3737 sancti
498 3673 676 3760 Dominini,
706 3674 845 3738 salutem
868 3683 902 3738 et
925 3675 1142 3757 apostolicam
1165 3675 1439 3740 benedictionem.
1485 3679 1686 3742 Dilectarum
1710 3681 1743 3744 in
1763 3679 1791 3766 c)

107 3763 241 3828 Christo
265 3763 402 3827 filiarum
432 3774 616 3828 nostrarum
640 3813 647 3827 .
673 3812 679 3826 .
704 3763 871 3827 abbatisse
900 3773 934 3826 et
962 3783 1111 3827 sororum
1141 3771 1252 3826 sancte
1276 3765 1380 3828 Marie
1407 3764 1568 3843 Teodote,
1601 3771 1791 3833 transmissa

106 3855 208 3917 nobis
231 3853 345 3916 relatio
369 3853 534 3934 patefecit,
560 3855 650 3935 quod
697 3855 757 3929 .D.,
782 3853 951 3934 quondam
970 3850 995 3938 ⁷)
1017 3854 1141 3916 intrusa
1163 3853 1265 3934 ipsius
1289 3857 1486 3931 monasterii,
1512 3857 1553 3918 de
1575 3858 1697 3938 prediis
1720 3860 1790 3923 eius

9 4017 10 4022 γ
105 3943 178 4006 sine
203 3936 430 4026 consc[ien]tia
460 3953 494 4006 et
517 3964 650 4006 assensu
675 3952 855 4006 conventus
879 3942 1077 4023 quibusdam
1099 3942 1275 4005 vendendo
1294 3941 1324 4028 d)
1347 3954 1381 4006 et
1403 3944 1605 4009 infeudando
1626 3949 1789 4012 concessit

106 4043 140 4096 et
164 4027 321 4116 Ceclili]a,
347 4052 413 4113 que
436 4032 480 4093 illi
496 4033 659 4106 successit,
683 4032 830 4095 similiter
852 4030 963 4112 aliqua
986 4031 1078 4095 dedit
1094 4041 1135 4106 et,
1160 4050 1225 4112 que
1241 4033 1283 4095 ab
1300 4033 1355 4095 illa
1370 4034 1447 4097 data
1463 4034 1598 4110 fuerant,
1620 4046 1656 4099 ut
1671 4038 1788 4118 potuit,

106 4121 325 4185 confirmavit.
371 4120 537 4202 Quocirca
567 4122 755 4185 discretioni
778 4130 886 4183 vestre
910 4141 970 4202 per
993 4121 1177 4202 apostolica
1199 4120 1323 4203 scripta
1344 4123 1561 4205 precipiendo
1584 4126 1789 4202 mandamus,

106 4212 263 4292 quatinus
278 4210 513 4292 parrochianos
528 4221 663 4287 vestros,
688 4221 732 4286 ut,
757 4230 821 4290 que
842 4209 904 4272 illis
921 4205 964 4295 [a]
986 4210 1115 4292 prelata
1159 4211 1209 4272 .D.
1232 4211 1304 4274 sine
1326 4231 1458 4275 assensu
1475 4213 1609 4294 capituli
1632 4235 1789 4279 concessa

105 4311 184 4364 sunt
207 4299 260 4362 vel
283 4300 326 4362 ab
350 4299 452 4362 altera
474 4300 675 4376 confirmata,
700 4299 900 4362 monasterio
924 4301 995 4362 sine
1011 4299 1203 4363 difficultate
1219 4302 1397 4376 restituant,
1423 4303 1598 4365 districtius
1618 4307 1787 4369 moneatis.

9 4437 10 4442 1
106 4389 210 4470 Quod
234 4390 261 4451 si
285 4388 391 4452 lacere
415 4388 499 4454 forte
531 4390 702 4464 noluerint,
734 4409 805 4463 eOS,
836 4388 1061 4470 appellatione
1091 4399 1233 4463 remota,
1265 4387 1626 4476 excommunicatiolnis
1656 4395 1787 4459 vinculo

106 4478 274 4542 innodetis
297 4487 330 4540 et
346 4477 481 4552 faciatis,
505 4479 589 4542 sicut
610 4477 914 4543 excommunicatos
930 4498 1033 4560 usque
1049 4479 1091 4541 ad
1108 4478 1366 4542 satisfactionem
1386 4476 1391 4565 Ι
1411 4501 1590 4564 congruam
1606 4485 1728 4548 evitari.
1744 4519 1788 4530 -

105 4570 185 4630 Dat.
209 4565 353 4643 Velletri,
378 4579 440 4630 XVI
463 4569 516 4630 Kl.
539 4568 631 4632 lunii.

272 4707 313 4756 Or.
333 4707 367 4758 im
385 4706 499 4757 Archivio
517 4708 544 4757 di
561 4707 629 4756 State
645 4723 675 4756 su
693 4705 817 4756 Mailand.

270 4777 1148 4846 Prrg.ital.,br.0,142‚lmrg0,125,mim0‚014rmgeschlagm,
1173 4778 1252 4828 durch
1278 4779 1335 4828 senei
1352 4780 1446 4830 Licha
1466 4782 1524 4847 geht
1548 4781 1586 4831 die
1609 4781 1782 4848 Hansscltmrr,

105 4853 193 4900 welche
209 4849 255 4900 mir
272 4850 325 4901 dem
342 4851 468 4917 Blcbiegel
481 4853 597 4912 valorem
616 4851 726 4916 Faltmrg
742 4851 786 4900 der
802 4851 905 4901 Brcvm.

106 5023 309 5030 -...---.——
473 5022 532 5029 ..—

267 5115 292 5164 at
316 5105 451 5158 nabuthe
468 5108 520 5172 arcs
534 5109 618 5156 Ram
694 5108 722 5167 b)
741 5105 864 5158 ther'lweisc
880 5107 933 5169 auf
947 5109 1031 5157 Ram
1102 5106 1127 5172 c)
1147 5123 1217 5158 arum
1235 5107 1261 5156 in
1279 5107 1332 5172 auf
1344 5106 1431 5158 Rasur
1513 5109 1540 5172 d)
1559 5108 1640 5160 linter
1657 5126 1673 5160 ο
1690 5112 1782 5165 Ramr.

160 5183 195 5234 Ji
222 5179 495 5245 masfflassagama
509 5179 666 5230 Commmell'
678 5178 855 5245 Emiquprov.
869 5178 994 5229 ccircond.
1009 5179 1037 5228 di
1048 5179 1148 5231 Parnm.
1205 5182 1231 5242 2)
1250 5179 1327 5244 Vergl.
1340 5179 1378 5228 die
1391 5179 1574 5232 Urkundevm
1589 5183 1621 5231 13
1636 5183 1698 5248 Juli
1708 5185 1782 5234 1180.

104 5259 131 5316 3]
154 5251 784 5316 fledald,Bisckosvonl'riuema,1167-1192.
852 5254 880 5314 4)
900 5252 1017 5302 Bernard
1026 5251 1062 5310 Il,
1075 5251 1234 5305 Birclwt'von
1249 5251 1348 5310 Parma,
1363 5253 1544 5304 rna-1194.
1611 5255 1638 5320 5)
1656 5254 1781 5320 sicardis,

105 5325 263 5389 Bisthofvon
279 5323 402 5385 Cremona,
419 5323 593 5373 risa-1215.
666 5323 693 5388 6)
718 5321 791 5372 Wold
808 5323 877 5373 oddo
895 5323 930 5376 II.
1004 5324 1031 5389 7)
1050 5323 1127 5388 Vergl.
1139 5322 1176 5371 die
1191 5321 1404 5378 urkundevoms
1420 5324 1708 5382 odeberum-1169.
