4126 6356
337 280 399 346 1¹4

332 454 477 518 eiusdem
501 455 607 530 curtis,
631 454 802 518 ecclesiam
824 453 926 516 sancti
951 453 1083 516 Martini
1108 475 1181 518 cum
1205 455 1358 519 omnibus
1380 453 1583 537 pertinentiis
1606 452 1680 528 suis,
1705 451 1879 514 ecclesiam
1902 450 1999 512 sancti

330 545 505 620 Laurentii,
531 544 703 607 ecclesiam
726 544 828 606 sancti
852 542 1031 607 Salvatoris
1054 553 1088 606 et
1114 546 1285 608 ecclesiam
1314 545 1418 607 sancti
1442 542 1611 606 Ambrosii
1635 543 1668 604 in
1691 541 1840 623 predicte
1865 541 2000 602 civitatis

330 632 487 696 suburbio
510 635 597 708 sitas,
623 633 795 695 ecclesiam
825 634 929 696 sancti
953 632 1110 714 Sepulcri‚
1141 635 1293 698 ecclesias
1316 634 1420 696 sancti
1444 633 1576 713 Georgii
1602 641 1634 694 et
1657 631 1760 693 sancti
1784 627 1939 691 Nicholai
1963 629 2000 690 de

330 721 523 798 Fornicada,
556 723 727 785 ecclesiam
757 723 861 784 sancti
885 721 1018 803 Georgii
1050 723 1091 784 de
1115 723 1213 788 Curte
1236 722 1370 805 Angulfi
1395 743 1468 785 cum
1493 731 1609 802 quarta
1631 729 1724 802 parte
1747 720 1948 782 decimarum
1971 725 2000 781 et

331 811 484 874 omnibus
507 812 549 873 ad
573 831 645 873 eam
669 812 917 893 pertinentibus,
942 812 1113 874 ecclesiam
1138 815 1179 876 de
1199 813 1307 876 Suave
1330 833 1404 876 cum
1426 819 1498 873 tota
1519 811 1621 890 ipsius
1645 810 1708 871 loci
1731 818 1822 871 curte
1846 819 1880 870 et
1902 809 2000 870 tribus

329 900 478 981 partibus
509 901 722 976 decimarum,
754 900 926 963 ecclesiam
956 903 1059 964 sancti
1082 902 1167 965 Petri
1199 904 1241 966 de
1263 903 1386 984 Liorgo
1420 921 1494 963 cum
1525 899 1661 963 decimis
1684 909 1717 960 et
1740 898 1999 980 possessionibus

328 990 402 1066 suis
426 990 598 1052 ecclesiam
613 991 716 1052 sancti
733 989 912 1053 Clementis
928 991 969 1053 de
983 991 1146 1054 Persiceto
1163 1012 1237 1054 cum
1254 993 1389 1055 decimis
1406 1000 1439 1054 et
1453 987 1716 1072 possessionibus
1731 988 1806 1062 suis,
1831 987 1998 1049 ecclesiam

328 1079 432 1141 sancti
455 1079 541 1142 Petri
572 1081 605 1141 in
629 1079 749 1142 Galera
772 1100 845 1142 cum
869 1081 1022 1144 omnibus
1045 1082 1250 1162 pertinentiis
1273 1083 1347 1158 suis,
1379 1079 1550 1142 ecclesiam
1578 1077 1681 1140 sancti
1706 1075 1842 1139 Andree
1866 1076 1909 1138 de
1933 1075 1998 1138 Sar·

327 1167 457 1230 zanisco
481 1188 555 1231 cum
579 1177 676 1244 curte,
710 1169 846 1232 decimis
876 1179 910 1233 et
937 1169 1090 1232 omnibus
1112 1171 1316 1253 pertinentiis
1339 1171 1412 1244 suis,
1442 1179 1566 1231 curtem
1597 1167 1640 1229 de
1662 1165 1872 1247 Formigada,
1906 1185 2000 1246 quam

328 1256 448 1320 nobilis
471 1259 629 1320 memorie
652 1258 820 1321 comitissa
842 1259 988 1321 Matildis
1010 1260 1107 1322 vobis
1130 1261 1213 1323 iuste
1236 1261 1407 1334 concessit,
1438 1277 1512 1321 cum
1543 1257 1625 1319 silva
1648 1265 1682 1318 et
1703 1255 1774 1318 aliis
1798 1255 1999 1337 pertinentiis

327 1346 401 1422 suis,
434 1346 579 1409 decimas
610 1367 742 1428 quoque
772 1347 938 1410 novalium
968 1348 1115 1411 eiusdem
1143 1350 1249 1424 curtis,
1282 1369 1362 1431 quas
1386 1349 1561 1430 episcopus
1585 1347 1783 1408 Mantuanus
1806 1343 1906 1407 vobis
1930 1365 1999 1406 con·

326 1436 431 1511 cessit,
456 1443 489 1498 et
504 1436 584 1497 alias
601 1436 754 1511 decimas,
772 1457 853 1518 quas
868 1437 982 1499 ltollus
997 1435 1023 1520 ¹)
1039 1448 1073 1500 et
1087 1438 1214 1501 Eliseus
1227 1437 1262 1520 ²),
1287 1438 1458 1500 Mantuani
1478 1435 1637 1518 episcopi,
1653 1434 1749 1497 vobis
1765 1433 2001 1496 rationabiliter

326 1535 565 1587 concesserunt.
611 1526 826 1588 Decemimus
849 1545 937 1607 ergo,
961 1537 996 1589 ut
1020 1527 1097 1589 nulli
1121 1529 1257 1590 omnino
1274 1528 1443 1590 hominum
1459 1525 1564 1601 liceat,
1588 1524 1752 1606 prefatum
1768 1525 2000 1586 monasterium

325 1623 449 1676 temere
472 1613 670 1695 perturbare,
695 1625 751 1678 aut
766 1615 834 1678 eius
849 1616 1073 1697 possessiones
1089 1617 1214 1679 auferre
1229 1617 1281 1680 vel
1297 1617 1424 1680 ablatas
1440 1617 1587 1690 retinere,
1603 1614 1750 1676 minuere
1765 1633 1822 1675 seu
1839 1613 2000 1694 aliquibus

324 1703 556 1766 vexationibus
580 1703 724 1785 fatigare,
748 1712 798 1767 set
820 1705 931 1767 omnia
954 1706 1081 1788 integra
1104 1717 1335 1769 conserventur
1358 1725 1479 1780 eorum,
1503 1725 1564 1787 pro
1595 1723 1734 1784 quorum
1764 1701 1999 1784 gubernatione

326 1801 426 1872 atque
457 1794 695 1856 sustentatione
728 1814 885 1856 concessa
914 1805 1003 1870 sunt,
1035 1795 1146 1858 usibus
1176 1797 1376 1858 omnimodis
1406 1795 1591 1877 profutura,
1630 1792 1721 1855 salva
1751 1791 1999 1854 diocesanorum

325 1883 558 1964 episcoporum
582 1883 741 1945 canonica
764 1884 893 1946 iustitia.
931 1884 967 1948 Si
989 1905 1055 1965 qua
1070 1886 1167 1966 igitur
1183 1886 1215 1948 in
1239 1885 1381 1948 futurum
1404 1883 1626 1947 ecclesiastica
1640 1881 1836 1945 secularisve
1852 1899 1998 1962 persona,

324 1970 409 2033 hanc
433 1981 543 2034 nostre
559 1973 802 2035 constitutionis
817 1974 973 2054 paginam
989 1975 1103 2048 sciens
1127 1985 1242 2037 contra
1257 1995 1330 2037 eam
1350 1984 1473 2036 temere
1487 1972 1599 2035 venire
1613 1971 1833 2052 temptaverit,
1856 1971 1998 2032 secundo

324 2061 461 2122 tertiove
492 2061 703 2137 commonita,
736 2063 763 2124 si
794 2082 860 2124 non
890 2063 1114 2126 satisfactione
1146 2084 1290 2146 congrua
1323 2063 1561 2138 emendaverit,
1597 2061 1772 2142 potestatis
1801 2059 1998 2140 honorisque

324 2149 373 2212 sui
397 2149 557 2232 dignitate
581 2160 690 2213 careat
714 2171 868 2232 reamque
887 2172 923 2215 se
939 2153 1051 2216 divino
1068 2153 1188 2216 iudicio
1205 2155 1345 2216 existere
1362 2153 1404 2215 de
1420 2159 1609 2234 perpetrata
1624 2149 1797 2231 iniquitate
1813 2158 1998 2230 cognoscat,

324 2249 357 2301 et
380 2259 400 2301 a
422 2240 640 2302 sacratissimo
664 2260 803 2322 corpore
834 2261 873 2304 ac
902 2243 1061 2325 sanguine
1093 2244 1145 2304 dei
1169 2252 1203 2305 et
1234 2243 1368 2318 domini,
1401 2239 1620 2323 redemptoris
1652 2239 1754 2301 nostri
1777 2238 1850 2300 Iesu
1876 2236 1998 2310 Christi,

323 2328 518 2404 alienafiat,
542 2338 641 2409 atque
665 2329 698 2392 in
721 2337 870 2392 extremo
894 2332 1045 2394 examine
1070 2332 1215 2395 districte
1238 2332 1353 2395 ultioni
1376 2331 1553 2393 subiaceat.
1599 2327 1733 2391 Cunctis
1750 2336 1870 2402 autem,
1895 2327 1997 2388 eidem

324 2419 397 2480 loco
420 2438 480 2480 sua
502 2419 570 2480 iura
592 2419 805 2494 servantibus,
828 2421 871 2482 sit
892 2441 961 2502 pax
984 2421 1107 2483 domini
1132 2423 1234 2484 nostri
1257 2422 1328 2485 Iesu
1345 2419 1464 2484 Christi
1484 2421 1522 2498 a),
1547 2427 1707 2500 quatenus
1731 2415 1842 2480 ethic
1865 2415 1996 2477 fructum

322 2507 412 2570 bone
434 2507 573 2571 actionis
595 2509 780 2590 percipiant
803 2519 836 2572 et
858 2511 947 2592 apud
972 2511 1154 2573 districtum
1174 2519 1178 2596 Ι
1198 2511 1340 2574 iudicem
1364 2509 1491 2592 premia
1513 2517 1624 2594 eterne
1646 2506 1738 2588 pacis
1763 2505 1942 2568 inveniant.
1957 2539 1997 2550 -

323 2595 446 2659 Amen.
471 2595 560 2659 Am.
583 2597 703 2660 Amen.
727 2633 771 2644 —

537 2686 598 2763 (R)
622 2687 696 2768 Ego
718 2687 883 2769 Eugenius
907 2686 1067 2777 catholice
1092 2689 1229 2776 ecclesiq
1253 2689 1430 2771 episcopus
1452 2707 1494 2749 ss
1519 2686 1587 2765 (M)

537 2769 557 2855 †
581 2775 654 2857 Ego
678 2777 818 2840 Ymarus
841 2777 1044 2841 Tusculanus
1067 2780 1244 2860 episcopus
1267 2799 1308 2841 ss

536 2860 556 2946 †
579 2865 653 2946 Ego
677 2864 776 2947 Hugo
799 2867 986 2930 Hostiensis
1009 2869 1185 2950 episcopus
1208 2889 1250 2930 ss.
1274 2863 1321 2952 (6)

536 2987 579 3000 -
603 2950 623 3036 †
645 2955 719 3035 Ego
742 2953 1019 3040 GG.(Gregorius)
1042 2957 1203 3038 presbiter
1226 2954 1399 3020 cardinalis
1422 2954 1470 3017 tit.
1496 2951 1616 3016 Calixti
1639 2971 1680 3014 ss.

535 3043 556 3122 †
578 3043 651 3124 Ego
676 3043 848 3107 Hubaldus
871 3046 1032 3127 presbiter
1055 3046 1228 3109 cardinalis
1249 3047 1298 3108 tit.
1322 3053 1435 3108 sancte
1457 3043 1614 3105 Praxedis
1637 3061 1676 3102 ss.

535 3131 555 3216 †
578 3133 652 3213 Ego
677 3133 866 3196 Mansredus
889 3135 1051 3216 presbiter
1074 3135 1245 3198 cardinalis
1267 3136 1317 3198 tit.
1340 3142 1453 3220 sancte
1477 3131 1597 3196 Savine
1621 3150 1662 3192 ss.

536 3217 556 3303 †
579 3222 653 3303 Ego
676 3221 850 3286 Aribertus
873 3225 1035 3306 presbiter
1058 3225 1231 3287 cardinalis
1253 3225 1303 3287 tit.
1327 3232 1441 3299 sancte
1463 3219 1640 3284 Anastasie
1663 3238 1705 3280 ss.

535 3306 556 3392 †
579 3311 652 3392 Ego
676 3310 774 3375 Iulius
797 3313 959 3393 presbiter
982 3315 1154 3376 cardinalis
1177 3315 1224 3377 tit
1247 3315 1351 3377 sancti
1375 3311 1521 3375 Marcelli
1544 3331 1585 3372 ss,

533 3398 554 3481 †
577 3399 651 3481 Ego
675 3401 876 3464 Octavianus
899 3403 1061 3484 presbiter
1084 3403 1257 3466 cardinalis
1279 3404 1328 3465 tit.
1352 3411 1465 3487 sancte
1488 3398 1608 3484 Cecilie
1632 3418 1672 3460 ss.
1696 3392 1744 3475 (2)

535 3483 556 3568 †
579 3489 653 3570 Ego
677 3490 836 3573 Gerdus(l)
867 3492 1029 3574 presbiter
1058 3492 1231 3555 cardinalis
1262 3493 1311 3554 tit.
1334 3491 1437 3554 sancti
1461 3486 1621 3570 Stephani
1646 3487 1679 3548 in
1703 3483 1796 3547 Celio
1821 3495 1935 3546 monte
1957 3503 1993 3546 ss.

536 3611 579 3623 -
600 3578 621 3661 †
644 3579 718 3660 Ego
742 3581 825 3644 Otto
850 3581 1008 3643 diaconus
1031 3581 1204 3644 cardinalis
1226 3581 1330 3644 sancti
1355 3579 1488 3660 Georgii
1512 3576 1554 3639 ad
1578 3574 1699 3638 Velum
1723 3593 1860 3636 aureum
1883 3595 1923 3636 ss.

534 3666 555 3749 †
578 3666 651 3749 Ego
676 3667 852 3751 Gregorius
875 3670 1034 3733 diaconus
1057 3671 1230 3734 cardinalis
1253 3669 1357 3732 sancti
1380 3667 1501 3749 Angeli
1526 3687 1566 3728 ss.
1591 3663 1640 3746 (ι)

536 3753 557 3838 †
579 3757 653 3838 Ego
676 3755 767 3820 Vido
791 3759 949 3822 diaconus
973 3761 1145 3823 cardinalis
1168 3769 1282 3822 sancte
1306 3759 1408 3822 Marie
1432 3759 1465 3820 in
1488 3754 1617 3817 Porticu
1640 3775 1682 3817 ss.

534 3847 555 3922 †
577 3847 651 3927 Ego
675 3847 815 3910 lacintus
838 3848 997 3912 diaconus
1020 3849 1193 3912 cardinalis
1215 3858 1328 3912 sancte
1346 3847 1376 3927 b)
1400 3846 1504 3909 Marie
1527 3846 1559 3906 in
1583 3841 1778 3924 Cosmydyn
1803 3861 1844 3903 ss.

535 3931 556 4016 †
579 3934 652 4016 Ego
676 3934 838 4000 Iohannes
862 3938 1019 4001 diaconus
1043 3939 1215 4002 cardinalis
1239 3948 1426 4001 sanctorum
1450 3933 1555 4015 Sergii
1579 3943 1612 3995 et
1634 3929 1739 3995 Bachi
1763 3951 1805 3992 ss.
1831 3929 1879 4008 (2)

482 4021 570 4085 Data
594 4023 715 4106 Signie,
746 4045 805 4106 per
835 4045 968 4089 manum
996 4027 1146 4105 Bosonis,
1178 4038 1290 4114 sancte
1312 4027 1464 4110 Romane
1492 4023 1629 4107 ecclesie
1660 4019 1840 4102 scriptoris.
1888 4031 1924 4079 xl
1945 4015 1994 4117 Kl.

321 4111 411 4174 Iunii.
457 4110 640 4176 Indictione
670 4108 753 4199 x[v].
796 4115 1033 4179 lncarnationis
1064 4118 1229 4204 dominice
1261 4136 1348 4179 anno
1372 4125 1479 4175 MCL11.
1529 4110 1744 4175 Pontificatus
1774 4127 1853 4170 vero
1887 4108 1993 4170 domur

321 4200 466 4262 EUGenii
490 4221 578 4282 pape
601 4217 639 4262 111
663 4222 750 4264 anno
773 4213 902 4266 octavo.
924 4239 969 4251 -

485 4313 528 4363 Or.
547 4314 580 4362 im
598 4315 711 4364 Archrbr'o
732 4315 866 4380 Capitolare
882 4334 912 4366 m
929 4319 1017 4384 Reggr'o
1035 4320 1092 4368 nell
1110 4318 1209 4368 Emilia.

484 4385 552 4451 Perg.
572 4387 632 4446 irat,
651 4387 687 4436 br.
707 4389 776 4448 ofin,
793 4391 855 4454 lang
871 4392 940 4448 0,68,
960 4398 1034 4439 urim
1053 4394 1131 4450 0,025
1149 4389 1339 4454 umgeschlagen,
1366 4386 1444 4435 durch
1463 4385 1521 4434 sauci
1536 4385 1630 4434 Licher
1643 4381 1706 4447 girrg
1722 4382 1760 4430 die
1778 4379 1889 4440 διήκειν,
1915 4376 1994 4460 welche

321 4457 367 4506 mr't
383 4458 435 4505 dem
454 4457 580 4523 Bleisr'egcl
597 4459 715 4508 verlorm.
754 4460 863 4509 Initialc:
876 4461 970 4526 stacte,
994 4463 1104 4512 venierit
1131 4462 1298 4526 Uncialsorm‚
1322 4458 1486 4521 Gritersclmst
1507 4472 1558 4522 eng.
1601 4455 1759 4519 Vercamgvmg
1778 4453 1827 4502 Nr·
1847 4452 1948 4509 ΜΨ,
1970 4465 1993 4498 ¹¹³

320 4530 367 4578 den
384 4527 535 4578 Buchstaben
552 4531 635 4589 betoni,
646 4531 716 4595 fitllt
733 4535 757 4591 0,
764 4533 820 4581 125.
856 4533 986 4597 Konscn’pt
1003 4550 1020 4598 g
1037 4535 1082 4582 mit
1099 4533 1294 4597 Schleifensattcl,
1320 4531 1459 4595 Mayieskeln
1476 4529 1540 4578 nach
1560 4527 1664 4577 starkem
1686 4525 1779 4574 Puukrc
1797 4527 1886 4585 betoni,
1912 4523 1994 4573 Zei'lrtt·

320 4601 386 4650 wcite
404 4603 489 4660 0,019.
533 4601 582 4650 Von
600 4603 766 4652 Decemimus
784 4619 817 4652 an
835 4603 867 4652 ist
883 4606 1016 4653 wesentliclt
1034 4605 1203 4670 weirlci'ufriger
1216 4603 1364 4670 gcsclrricben
1381 4604 1420 4651 als
1438 4601 1532 4659 vorher,
1559 4600 1617 4648 weil
1631 4599 1676 4647 das
1694 4598 1770 4647 Sritct
1790 4597 1935 4661 Pergam*
1950 4591 1993 4642 sul

320 4674 359 4721 als
384 4671 441 4720 sehr
461 4687 531 4737 grass
556 4673 645 4722 enaies.
682 4673 746 4722 Drei
770 4676 847 4724 Amen
873 4675 921 4726 Nr.
943 4675 1005 4736 721²,
1032 4678 1076 4725 das
1099 4677 1198 4725 mr'ttlcre
1222 4676 1290 4724 misst
1316 4677 1405 4732 0,125,
1429 4672 1552 4720 schliessen
1578 4671 1615 4718 die
1641 4671 1704 4718 letale
1722 4668 1792 4718 Zeila
1835 4670 1897 4717 Rota
1919 4667 1958 4715 n'r
1971 4667 1993 4746 Ι4

327 4743 487 4809 Verdr'ckung)
511 4745 622 4810 geringlu
652 4747 731 4804 0‚063
757 4747 790 4794 im
817 4747 999 4796 Durchmesser.
1041 4749 1178 4812 Ringkreuz
1203 4748 1259 4795 und
1286 4744 1450 4808 Umerschmfl
1472 4741 1562 4809 gleiche
1578 4741 1659 4790 Hand
1683 4742 1739 4790 und
1754 4741 1837 4798 Dinte,
1868 4735 1994 4820 Lirruclurst

320 4815 388 4864 wora
406 4829 454 4864 von
479 4815 584 4866 urerer.
631 4816 800 4882 Momgramm
824 4817 871 4867 ivr.
895 4819 932 4878 20,
964 4819 1068 4868 semar
1091 4819 1270 4884 dairmag,
1296 4817 1353 4866 hoca
1380 4818 1467 4875 o,059,
1493 4815 1553 4862 anit
1576 4815 1645 4872 0‚04-
1682 4814 1730 4861 Die
1757 4813 1890 4877 Datimu'
1913 4811 1994 4859 actm

320 4903 368 4936 von
397 4887 500 4936 andem
523 4888 600 4936 Dinte
628 4887 793 4938 henurdkren
821 4892 859 4938 als
889 4890 934 4940 der
958 4891 1142 4954 Hauptka'rper,
1175 4891 1233 4940 doch
1255 4890 1285 4938 ist
1307 4905 1331 4938 es
1353 4887 1470 4936 vielleicht
1499 4887 1535 4934 die
1559 4884 1648 4950 gleiche
1675 4884 1763 4942 Hand,
1799 4883 1907 4934 Bosonis
1938 4878 1995 4930 wll

319 4958 501 5024 nachgetragm.
538 4961 587 5009 Die
604 4959 781 5027 Zeegenfimen
808 4977 862 5010 zum
883 4967 992 5028 grisstm
1014 4963 1105 5023 Thalle,
1128 4978 1198 5010 wmn
1222 4961 1289 5010 nicht
1306 4961 1365 5020 alle,
1383 4975 1430 5008 vora
1446 4957 1550 5024 gleicher
1567 4956 1648 5006 Hand
1665 4957 1722 5004 ulad
1736 4956 1822 5018 Dirae,
1850 4955 1924 5006 wotct
1938 4949 1991 5002 nuci

326 5031 442 5096 Varlagen
456 5030 588 5096 gearbeitct.

562 5171 745 5183 —d

478 5260 504 5328 a)
524 5261 599 5311 Crisli
697 5262 725 5326 b)
743 5261 953 5328 iibergesclrdeben.
973 5300 1024 5306 -
1044 5260 1079 5329 .1)
1098 5259 1202 5325 Hituls,
1229 5259 1333 5324 Bisthos
1352 5275 1399 5310 von
1419 5258 1533 5319 illanlua,
1563 5259 1748 5308 1007-1044.
1851 5259 1878 5322 2)
1898 5253 1990 5309 Eh'smtr

320 5332 425 5396 Bisrlrof
435 5349 483 5382 vm:
502 5333 617 5395 Mantua,
638 5335 820 5384 1056-1057.
