4142 6366
1684 345 1748 411 229

60 501 262 568 abbatissae
284 503 472 585 praedictae
490 503 518 590 a)
545 505 768 568 obedientiam
798 507 1108 588 praedecessoribus
1138 509 1200 572 tuis
1232 513 1441 593 promiserint
1470 523 1526 578 aut
1555 515 1746 582 fidelitatem

60 593 264 670 iuraverint3
284 591 521 676 profitebantur
535 602 654 670 tamen,
667 595 757 674 quod
771 615 826 659 eas
838 597 977 660 viderint
989 599 1031 661 ab
1041 598 1165 661 eisdem
1182 601 1246 662 tuis
1262 603 1570 683 praedecessoribus
1586 607 1747 672 benedici,

60 683 141 746 Nos
159 683 259 766 igitur
274 690 509 764 cognoscentes
525 691 592 746 tam
609 704 652 746 ex
667 683 737 759 hiis,
763 705 848 768 quae
864 706 906 750 ex
923 695 1014 767 parte
1030 695 1085 751 tua
1101 687 1239 770 allegata
1255 701 1338 768 sunt,
1363 713 1460 774 quam
1479 713 1521 756 ex
1537 699 1747 762 attestatione

61 775 205 836 testium
229 770 360 835 alterius
384 775 493 853 partis,
518 774 608 854 quod
633 781 855 838 antecessores
879 777 925 838 tui
941 776 1125 840 abbatissas
1142 786 1176 841 et
1192 780 1350 844 moniales
1366 785 1542 864 supradicti
1560 788 1746 851 monasterii

63 862 320 933 benedixerint,
358 863 472 925 missas
501 863 545 926 ibi
576 862 723 945 publicas
754 863 988 928 celebraverint
1030 874 1064 930 et
1102 868 1288 948 praedictae
1318 869 1430 934 Athae
1460 873 1680 940 obedientiam
1714 885 1747 940 et

64 951 269 1015 fidelitatem
299 953 481 1033 receperint
511 960 544 1015 et
576 953 747 1034 quomodo
782 955 880 1017 etiam
905 954 1013 1018 clerici
1036 955 1120 1018 illius
1145 961 1333 1022 monasterii
1365 962 1412 1023 eis
1444 961 1666 1027 obedientiam
1691 986 1746 1028 ex·

63 1041 238 1104 hibuerint
261 1048 294 1103 et
316 1040 507 1104 fidelitatem
537 1042 720 1118 iuraverint,
752 1045 961 1108 attendentes
993 1064 1134 1125 quoque,
1165 1055 1297 1110 cautum
1330 1069 1402 1113 esse
1434 1052 1623 1128 canonibus,
1655 1055 1745 1135 quod

64 1131 178 1194 omnis
203 1129 342 1194 ecclesia
364 1132 532 1215 episcopo,
564 1133 596 1194 in
619 1134 709 1194 cuius
738 1135 931 1214 episcopatu
955 1136 1129 1216 consurgit,
1162 1135 1298 1201 subesse
1328 1139 1457 1214 debeat,
1489 1150 1523 1204 te
1546 1162 1566 1204 a
1589 1143 1745 1224 petitione

65 1229 276 1284 memoratae
299 1220 487 1283 abbatissae
510 1240 609 1303 super
631 1221 791 1296 libertate,
824 1242 922 1301 quam
953 1222 1014 1285 sibi
1047 1225 1219 1287 adversum
1250 1234 1284 1288 te
1307 1228 1478 1291 vendicare
1501 1231 1672 1308 nitebatur,
1703 1235 1745 1297 de

65 1311 239 1374 communi
262 1309 397 1372 fratrum
420 1317 606 1372 nostrorum
636 1311 772 1375 consilio
800 1311 1001 1374 absolvimus
1024 1320 1146 1376 ettam
1170 1314 1239 1391 tibi,
1265 1337 1362 1396 quam
1388 1317 1543 1382 ecclesiae
1566 1328 1640 1384 tuae
1657 1322 1744 1384 idem

66 1401 310 1464 monasterium
333 1399 588 1462 adiudicavimus
611 1408 645 1462 et
667 1409 829 1481 perpetuo
860 1401 995 1464 subesse
1025 1404 1237 1465 decrevimus.
1283 1403 1330 1468 Ut
1359 1415 1469 1470 autem
1502 1407 1583 1472 haec
1614 1419 1745 1475 nostrae

66 1489 275 1553 diffinitionis
307 1491 469 1552 sententia
500 1496 571 1551 rata
603 1497 637 1552 et
667 1488 761 1553 firma
789 1499 984 1572 permaneat
1022 1500 1055 1554 et
1086 1495 1254 1574 perpetuis
1280 1496 1486 1578 temporibus
1517 1497 1746 1564 inviolabiliter

66 1580 281 1654 observetur,
313 1599 384 1642 earn
416 1577 610 1641 auctoritate
641 1579 824 1663 apostolica
854 1580 1047 1643 roboramus
1088 1591 1121 1644 et
1152 1587 1331 1664 praesentis
1362 1587 1474 1667 scripti
1507 1591 1625 1669 pagina
1656 1609 1744 1653 corn-

16 1741 17 1744 ,
68 1671 245 1732 munimus.
282 1665 480 1743 Statuentes,
503 1675 539 1730 ut
561 1666 636 1730 nulli
659 1671 793 1732 omnino
809 1667 980 1732 hominum
996 1669 1101 1745 liceat,
1125 1669 1209 1735 hanc
1225 1672 1375 1754 paginam
1393 1683 1523 1738 nostrae
1540 1676 1745 1742 diffinitionis

67 1757 246 1840 infringere
268 1755 321 1821 vel
344 1759 374 1820 ei
401 1756 603 1836 aliquatenus
635 1759 803 1822 contraire.
848 1755 884 1820 Si
914 1761 987 1838 quis
1019 1768 1129 1823 autem
1159 1760 1223 1824 hoc
1255 1770 1450 1845 attemptare
1480 1770 1743 1849 praesumpserit,

67 1849 333 1930 indignationem
358 1848 593 1930 omnipotentis
617 1847 668 1911 dei
692 1856 726 1910 et
748 1848 918 1912 beatorum
934 1849 1020 1912 Petri
1044 1857 1078 1912 et
1100 1849 1197 1926 Pauli,
1220 1853 1447 1934 apostolorum
1464 1855 1540 1931 eius,
1564 1876 1600 1920 se
1617 1860 1745 1922 noverit

68 1958 286 2001 incursurum.

288 2023 344 2108 (R)
368 2025 441 2108 Ego
465 2025 657 2088 Alexander
680 2024 862 2089 catholicae
885 2024 1041 2090 ecclesiae
1065 2028 1239 2111 episcopus
1261 2049 1302 2093 ss.
1325 2027 1387 2116 (M)

287 2112 307 2198 †
331 2113 403 2197 Ego
427 2114 611 2178 Bernardus
634 2115 819 2178 Portuensis
843 2123 876 2178 et
898 2124 1031 2179 sanctae
1054 2115 1190 2180 Rufinae
1214 2121 1390 2203 episcopus
1412 2141 1453 2184 ss.

287 2202 308 2288 †
330 2204 404 2285 Ego
427 2203 671 2267 Hildebrandus
693 2204 845 2268 basilicae
868 2219 919 2268 XII
940 2205 1181 2286 Apostolorum
1206 2208 1365 2290 presbiter
1388 2211 1558 2275 cardinalis
1581 2232 1622 2277 ss,

286 2296 308 2374 †
330 2293 403 2376 Ego
428 2291 614 2356 Guilielmus
638 2294 683 2356 tit
707 2295 809 2356 sancti
834 2293 919 2356 Petri
943 2297 985 2357 ad
1007 2293 1147 2358 Vincula
1170 2297 1333 2379 presbiter
1355 2301 1523 2364 cardinalis
1546 2321 1588 2364 ss.

287 2380 308 2466 i
331 2381 404 2465 Ego
426 2383 516 2445 Boso
540 2382 702 2466 presbiter
724 2382 894 2446 cardinalis
917 2392 1048 2448 sanctae
1073 2383 1292 2450 Pudentianae
1315 2387 1362 2451 tit.
1385 2388 1526 2454 Pastoris
1549 2411 1590 2453 ss.

286 2472 307 2554 †
329 2473 402 2554 Ego
425 2472 539 2535 Petrus
562 2472 725 2556 presbiter
746 2472 919 2535 cardinalis
942 2475 990 2535 tit
1013 2477 1115 2537 sancti
1138 2474 1304 2539 Laurentii
1328 2479 1359 2539 in
1382 2477 1528 2543 Damaso
1551 2499 1593 2543 ss.

286 2561 307 2642 †
329 2560 402 2644 Ego
425 2560 586 2625 lacinthus
610 2562 766 2625 diaconus
789 2561 962 2626 cardinalis
985 2572 1117 2627 sanctae
1141 2566 1265 2629 Mariae
1289 2566 1322 2628 in
1345 2565 1523 2632 Cosmedin
1545 2588 1588 2632 ss.

285 2650 306 2731 †
328 2651 401 2734 Ego
424 2649 562 2714 Ardicio
585 2651 743 2714 diaconus
767 2650 940 2715 cardinalis
963 2653 1066 2716 sancti
1089 2652 1257 2719 Tmodori
1281 2675 1322 2718 ss.

285 2736 305 2822 †
329 2740 402 2822 Ego
426 2740 608 2803 Maniridus
631 2740 789 2804 diaconus
811 2740 981 2804 cardinalis
1004 2743 1107 2805 sancti
1130 2744 1261 2827 Georgii
1284 2745 1327 2808 ad
1350 2744 1469 2809 Velurn
1494 2767 1627 2811 aureum
1649 2768 1690 2811 ss.

283 2829 304 2908 †
327 2827 401 2912 Ego
422 2829 499 2911 Ugo
522 2830 678 2893 diaconus
702 2829 870 2894 cardinalis
893 2833 997 2894 sancti
1020 2829 1185 2896 Eustachii
1209 2837 1300 2898 iuxta
1322 2835 1481 2917 templum
1505 2835 1679 2920 Agrippae
1701 2858 1742 2900 ss.

16 2975 17 2988 ,
230 2916 353 2981 Datum
377 2918 560 2996 Tusculani,
593 2939 652 3001 per
674 2939 806 2983 manum
831 2919 984 2996 Gratiani,
1014 2931 1147 2986 sanctae
1168 2922 1338 2987 Romanae
1369 2923 1526 2988 ecclesiae
1549 2926 1742 2990 subdiaconi

16 3041 18 3088 t
70 3015 102 3068 et
125 3007 255 3069 notarii.
300 3021 363 3072 xm
381 3006 411 3095 b)
434 3008 603 3073 Kalendas
627 3007 704 3071 Iulii.
748 3009 928 3073 Indictione
949 3024 996 3072 lv.
1042 3010 1274 3076 Incarnationis
1305 3013 1465 3078 dominice
1488 3035 1572 3079 anno
1596 3028 1740 3080 MCLXXI.

16 3111 17 3170 ξ
70 3093 283 3160 Pontificatus
306 3117 385 3160 vero
409 3099 523 3162 domni
547 3097 729 3162 Alexandri
753 3118 861 3181 papae
883 3113 923 3162 111
945 3119 1033 3162 anno
1056 3115 1116 3163 x11.

16 3253 18 3260 ,
228 3211 431 3275 Kopialurkunde
457 3214 490 3263 im
514 3213 588 3264 Arch.
615 3213 786 3263 Arabescavile
810 3229 840 3262 su
870 3213 971 3278 Capra,
1003 3215 1100 3264 danach
1124 3215 1248 3282 Abschrr'st
1272 3218 1328 3266 uad
1353 3217 1478 3268 Kallatian
1504 3221 1545 3269 des
1569 3221 1654 3270 Herm
1681 3220 1741 3272 Can.

74 3283 179 3334 Giamllr'
193 3299 224 3332 ru
246 3284 337 3348 Capua.

228 3355 301 3405 Dim
321 3355 380 3406 Ura.
405 3356 436 3405 ist
455 3357 528 3406 sclron
552 3357 664 3406 rweimal
680 3357 810 3420 gedruckt,
833 3355 984 3421 fifilerhast:
1011 3357 1141 3407 Franccsco
1168 3359 1294 3420 Gronata,
1319 3361 1399 3411 Stan'a
1424 3363 1501 3412 Sacra
1524 3363 1588 3412 della
1616 3363 1698 3413 Clicsa
1716 3363 1745 3412 di

16 3481 17 3484 Ἴ
73 3427 157 3491 Capua
179 3429 256 3476 17⁶6.
291 3428 324 3476 Il
331 3435 359 3492 p.
378 3429 436 3488 138,
454 3429 543 3477 basser:
561 3429 639 3478 Sacra
661 3428 742 3477 Guida
760 3429 824 3477 della
845 3427 928 3476 caasa
950 3429 1084 3478 Cattedrale
1101 3429 1128 3478 di
1149 3431 1240 3494 Capua,
1260 3432 1351 3498 Napoli
1368 3435 1432 3483 1859
1446 3441 1472 3496 p.
1492 3434 1542 3483 311
1562 3435 1635 3484 Anna.
1671 3435 1743 3485 Beide

75 3499 158 3548 Werke
181 3499 241 3548 sind
262 3499 317 3548 sehr
340 3501 420 3549 seiten.
440 3528 473 3537 -
493 3501 550 3549 Fiir
573 3501 609 3549 die
627 3500 711 3549 Kritik
734 3501 760 3548 in
784 3500 827 3548 der
846 3499 996 3564 papstlicken
1016 3501 1120 3551 Kanslei
1142 3504 1197 3551 und
1218 3505 1290 3552 deren
1309 3505 1472 3570 Anwenduug
1493 3505 1524 3553 ist
1545 3506 1617 3554 disses
1634 3507 1682 3556 eim
1700 3507 1744 3556 der

66 3571 271 3620 hammonicam
292 3571 433 3629 Urhmden,
452 3572 489 3620 die
505 3573 619 3636 aufuns
638 3571 775 3638 gekammen
797 3571 859 3620 sind.
897 3572 936 3620 lm
955 3572 1033 3621 Sacra
1054 3574 1135 3622 Gru'da
1148 3582 1174 3637 p.
1194 3576 1245 3624 293
1261 3591 1296 3640 sq.
1321 3578 1416 3642 lingere
1433 3576 1598 3643 Ahhandlung
1623 3579 1682 3626 tiber
1697 3579 1743 3626 das

16 3637 18 3648 ’
68 3643 106 3690 als
127 3645 216 3692 raucit
239 3642 342 3692 erklr'r'rre
362 3643 505 3708 fflvilegr'm
529 3644 569 3692 des
588 3643 686 3708 Papstes
703 3642 835 3692 Zacharias
856 3649 916 3702 τίω·
946 3643 1018 3692 scham
1035 3645 1078 3694 der
1099 3646 1225 3706 Uazstand,
1245 3647 1301 3696 dass
1318 3663 1341 3696 es
1358 3649 1411 3710 auf
1428 3647 1572 3713 Pergameni
1585 3649 1742 3716 pessumam,

67 3715 171 3764 erlrdrtet
187 3715 226 3763 die
243 3713 388 3780 Μάνης.
409 3743 441 3752 -
460 3713 540 3766 Ihrem
557 3719 676 3765 Ancusern
693 3716 756 3764 nach
767 3717 852 3779 genart
868 3714 905 3764 aie
927 3715 1043 3766 Urkrmde
1066 3732 1096 3765 su
1114 3717 1160 3766 dm
1180 3717 1468 3769 Pmnk-Miaeauan·

813 4001 878 4076 Nr.
909 4006 996 4076 227.

70 4131 257 4195 Alexander
265 4131 288 4194 Ι
285 4131 309 4194 Ι
306 4131 330 4194 Ι
339 4131 524 4214 beaustragt
537 4132 592 4195 die
601 4132 818 4212 Bischofevan
832 4134 952 4197 Exeter
965 4135 1034 4198 und
1048 4135 1220 4199 Worcester
1233 4134 1302 4198 und
1313 4135 1447 4198 denAbt
1459 4155 1519 4198 van
1530 4135 1740 4216 Faureslzam,

69 4221 125 4285 die
146 4219 310 4286 Ursaclren
324 4220 381 4284 des
408 4220 552 4302 Verfalls
566 4241 626 4284 van
642 4220 688 4285 St.
706 4221 867 4305 Angustia
882 4224 924 4304 as
937 4222 1133 4308 Canterbury
1147 4246 1187 4288 zu
1202 4224 1411 4289 untersuclzen
1426 4225 1499 4288 und
1510 4246 1550 4288 zu
1566 4226 1739 4306 entfernen.

679 4377 703 4418 c.
719 4359 934 4420 1170-1172
958 4357 1135 4422 Tusculum.

228 4487 419 4553 Alexander
435 4491 620 4572 episcopus,
643 4510 754 4554 servus
777 4511 943 4554 servorum
960 4494 1022 4567 dei,
1045 4493 1285 4558 venerabilibus
1301 4492 1462 4568 fratribus,
1478 4489 1738 4578 B(artholomeo)

71 4580 249 4644 Exoniensi
264 4577 287 4664 ¹)
310 4587 344 4641 et
359 4574 527 4663 R(ogerio)
541 4577 762 4661 Wigorniensi
776 4578 801 4665 ²)
824 4583 990 4665 episcopis
1004 4580 1036 4668 8),
1061 4592 1094 4645 et
1108 4583 1230 4646 dilecto
1247 4582 1322 4657 filio,
1345 4581 1457 4645 abbati
1474 4582 1516 4645 de
1532 4585 1558 4645 F
1559 4582 1739 4656 auresham,

70 4669 208 4734 salutem
232 4677 266 4733 et
287 4667 504 4750 apostolicam
528 4669 800 4732 benedictionem.
846 4669 929 4734 Cum
953 4691 995 4734 ex
1017 4673 1160 4755 suscepti
1177 4674 1341 4755 regiminis
1357 4670 1467 4735 officio
1484 4673 1570 4735 circa
1586 4671 1739 4735 ecclesias

71 4761 124 4822 dei
148 4779 258 4822 curam
283 4765 316 4820 et
337 4757 589 4821 sollicitudinem
614 4757 772 4821 adhibere
794 4759 984 4836 debeamus,
1016 4770 1051 4824 ut
1081 4763 1111 4824 in
1138 4770 1224 4825 statu
1255 4763 1381 4844 integro
1413 4769 1446 4823 et
1467 4758 1625 4839 honesto,
1656 4762 1740 4823 sicut

71 4851 174 4922 decet,
198 4853 438 4921 conserventur,
467 4844 617 4910 dolemus
645 4847 819 4930 plurimum
843 4857 876 4911 et
897 4849 1074 4927 turbamur,
1108 4871 1181 4914 cum
1214 4851 1320 4933 aliqua
1350 4850 1478 4913 illarum
1510 4850 1668 4932 contingit
1697 4869 1740 4912 ex

71 4937 269 5002 insulfitienti
293 4935 443 4999 custodia
466 4937 642 5018 provisoris
665 4944 722 4999 aut
744 4939 776 4999 in
800 4937 940 5001 discreto
964 4941 1120 5021 regimine
1143 4941 1410 5023 dilapidationem
1427 4940 1589 5003 bonorum
1605 4959 1737 5001 suorum

71 5037 105 5092 et
120 5047 285 5090 enormem
303 5027 460 5089 sustinere
476 5027 641 5088 iacturam.
672 5025 824 5090 Pervenit
838 5035 947 5090 autem
964 5029 1005 5090 ad
1022 5029 1217 5093 audientiam
1234 5038 1386 5104 nostram,
1400 5030 1490 5109 quod
1508 5029 1738 5091 monasterium

70 5119 171 5180 sancti
204 5115 379 5199 Augustini
410 5111 665 5189 Cantuariensis,
705 5116 796 5197 quod
835 5117 877 5178 ad
914 5118 1163 5198 dispositionem
1195 5128 1228 5182 et
1259 5119 1495 5182 ordinationem
1529 5126 1674 5180 nostram
1706 5124 1740 5179 et

70 5207 206 5270 ecclesie
214 5205 371 5281 Romane,
388 5202 475 5266 nullo
491 5205 664 5279 mediante,
681 5213 830 5288 spectare
845 5206 1032 5282 dinoscitur,
1049 5209 1090 5270 ad
1106 5216 1173 5271 tam
1190 5207 1409 5271 miserabilem
1425 5215 1546 5271 statum
1563 5208 1738 5280 devenerit,

71 5297 158 5376 quod
181 5315 247 5358 non
270 5293 377 5357 solum
400 5293 431 5356 in
453 5293 697 5376 temporalibus,
720 5295 780 5357 sed
803 5297 900 5357 etiam
924 5296 955 5357 in
979 5297 1200 5379 spiritualibus
1223 5299 1350 5360 videtur
1373 5298 1414 5361 ad
1440 5296 1588 5360 ultimum
1610 5298 1738 5358 venisse

71 5385 233 5449 deiectum
256 5393 298 5461 et,
322 5385 382 5447 nisi
405 5383 584 5446 remedium
607 5382 744 5448 celerius
767 5383 970 5462 adhibeatur,
992 5387 1097 5450 timeri
1119 5390 1249 5470 poterit,
1276 5407 1317 5450 ne
1339 5386 1467 5470 lapsum
1484 5386 1738 5470 irreparabilem,

233 5571 260 5636 a)
278 5572 311 5620 In
327 5572 370 5621 dtr
385 5571 510 5620 Kollahhn
530 5569 647 5619 Giamllis
663 5569 845 5636 ansgardim,
865 5587 931 5619 mms
948 5569 1014 5618 wotl
1020 5571 1108 5634 sclrlen
1184 5573 1210 5635 b)
1230 5574 1265 5624 111
1278 5575 1397 5625 Granata.
1416 5613 1470 5621 -
1488 5576 1524 5642 .1)
1542 5578 1736 5639 Barrlrolomaus,

72 5647 171 5712 Birthas
182 5659 230 5693 van
249 5644 343 5702 Exerer,
365 5643 544 5692 rior-1184.
641 5645 666 5704 2)
687 5644 770 5707 linger,
790 5641 894 5706 Bz'sckaf
907 5659 954 5691 van
979 5642 1110 5703 Worcesler,
1133 5647 1313 5694 1164-1179.
1404 5654 1431 5712 3)
1449 5650 1490 5697 An
1508 5650 1545 5698 die
1560 5650 1673 5715 Bischo'fc
1689 5667 1738 5700 aaa

72 5719 155 5768 Eram
171 5717 228 5766 und
250 5715 378 5764 Warcesler
389 5715 535 5780 garrularum
553 5713 612 5762 e'nd
626 5714 675 5762 eine
692 5713 763 5763 ll'eilu
780 5714 863 5779 Bricse
880 5714 1027 5764 Alexanders
1045 5715 1090 5764 III
1101 5715 1221 5781 gedcane,
1240 5734 1259 5767 z.
1280 5719 1310 5770 B.
1334 5717 1411 5784 Jaffe',
1429 5722 1487 5786 fi'eg.
1507 5723 1691 5775 8989-8994.
