4090 6358
524 499 545 578 †
567 497 641 581 Ego
665 493 775 560 Guido
797 499 909 557 sancte
932 492 1082 556 Romane
1105 489 1241 554 ecclesie
1264 489 1436 554 cardinalis
1459 488 1616 553 diaconus
1638 511 1681 554 ss.

524 586 546 670 †
567 585 641 669 Ego
666 583 812 648 Cinthius
835 583 992 646 diaconus
1016 579 1190 644 cardinalis
1213 586 1324 642 sancte
1348 578 1498 644 Romane
1521 578 1658 667 ecclesie
1676 577 1707 662 ²)
1732 601 1774 642 ss.

436 694 440 700 ·
472 675 548 739 Dat.
565 676 698 750 Biterbi,
722 693 782 757 per
803 692 936 736 manum
961 671 1129 746 ROBERTI,
1152 676 1265 755 sancte
1288 668 1438 757 Romane
1462 669 1596 758 ecclesie
1620 669 1793 752 presbiteri
1816 669 1989 734 cardinalis

314 775 348 830 et
370 765 561 830 cancellarii.
600 779 639 828 111
660 763 715 827 Kl.
735 763 823 827 Maii.
861 759 1043 824 indictione
1066 772 1138 823 vm.
1175 757 1412 822 Incarnationis
1435 760 1599 847 dominice
1623 778 1710 823 anno
1733 771 1864 823 mchV.
1904 761 1988 823 Pon·

313 856 453 920 tificatus
475 875 555 919 vero
577 854 693 918 domni
716 851 872 916 EUGENII
893 865 932 914 111
955 869 1043 938 pape
1065 869 1152 914 anno
1176 850 1293 932 primo.
1316 883 1360 894 -

475 959 518 1010 Or.
536 959 593 1009 und
606 957 731 1024 Abschn'ft
746 958 780 1006 im
798 953 912 1006 Arrheto
933 954 1065 1019 Capitonre
1081 970 1112 1003 m
1135 954 1249 1004 Voltma.

476 1032 519 1084 Or.
539 1032 609 1096 Perg.
626 1030 687 1090 alal,
706 1030 742 1079 br.
762 1030 849 1090 0,604,
868 1029 928 1092 laavg
943 1028 1012 1087 0,66,
1030 1033 1105 1076 milen
1122 1027 1201 1087 0,οΜ
1225 1023 1419 1091 unagcscllagm,
1445 1023 1523 1074 durch
1546 1023 1604 1074 uwel·
1619 1025 1712 1076 Licher
1733 1027 1792 1092 geht
1816 1025 1854 1076 dr'e
1877 1027 1990 1094 lellgelle

314 1104 502 1165 Salienschm,
527 1104 600 1154 deren
617 1101 673 1152 Blei
687 1103 803 1161 verlorm,
829 1099 938 1163 Fallrmg
956 1099 999 1149 der
1015 1099 1110 1148 Bullm
1148 1096 1259 1146 lm'trhlc:
1288 1095 1406 1162 niednges
1425 1097 1632 1164 Doppelbong.
1676 1097 1832 1166 Verermgung
1848 1100 1895 1148 Nr.
1915 1102 1989 1157 thou,

310 1179 374 1240 fitllt
394 1177 480 1237 O,206.
521 1177 569 1226 PP.
595 1173 717 1224 Celestini
744 1172 777 1222 im
799 1171 940 1236 Komcn'pte
966 1169 1093 1236 hulllang,
1125 1171 1202 1219 Amen
1224 1169 1270 1218 Nr.
1296 1165 1348 1218 2x¹.
1385 1167 1536 1232 Ringkrem,
1573 1168 1710 1236 Umsclrifl
1737 1171 1794 1218 md
1825 1171 1991 1235 Untersclmfl

310 1249 400 1315 gleicbc
415 1249 490 1297 Dinte
513 1247 558 1296 wie
570 1246 707 1309 Kmum'pt,
726 1244 845 1308 Inschrr'st
857 1259 922 1309 garta
934 1241 1094 1291 armachanae
1107 1241 1172 1306 gelbo
1184 1240 1266 1299 Dirae,
1288 1239 1332 1288 neit
1348 1239 1389 1288 ilr
1404 1239 1467 1288 arach
1484 1240 1528 1290 der
1538 1241 1692 1291 Aussmkreis
1705 1242 1824 1308 gemacht,
1849 1243 1991 1293 lmknis

313 1337 361 1370 von
379 1320 423 1370 der
438 1320 548 1369 braum
565 1316 768 1382 Korum‘ptdinte,
793 1331 841 1365 von
858 1315 899 1364 ihr
909 1313 973 1362 mccl
986 1314 1030 1362 das
1042 1313 1212 1378 Mmgramm
1224 1311 1271 1361 Νι.
1285 1312 1325 1370 2¹³,
1344 1310 1402 1360 loch
1422 1312 1509 1371 nott,
1527 1313 1563 1362 br.
1582 1315 1669 1376 omo.
1699 1315 1762 1363 Rota
1779 1314 1828 1367 Nr.
1848 1319 1872 1375 1,
1890 1315 1991 1364 Drmi-

314 1407 401 1442 messer
411 1393 500 1452 0,Οό6.
529 1389 659 1455 Datimng
667 1404 722 1438 vum
735 1385 986 1451 Komm'ptschrer'ber,
1008 1385 1114 1449 Eugenii
1127 1383 1200 1433 dorin
1212 1385 1237 1434 in
1249 1385 1338 1450 langen
1359 1383 1506 1432 Buchstabm
1522 1384 1568 1433 neit
1582 1385 1717 1434 omnnem
1729 1387 1760 1446 E,
1780 1386 1885 1436 Roberti
1901 1386 1992 1453 gla'clr

315 1463 398 1524 Dine,
410 1463 469 1512 doch
481 1462 514 1512 im
528 1461 708 1529 grwdlnliclen
718 1459 837 1509 schweren
848 1458 956 1518 Duknu,
975 1457 1026 1506 also
1035 1456 1102 1506 wohl
1109 1455 1291 1522 naclgetragen.
1329 1454 1422 1520 ngeu
1440 1455 1531 1505 dlhrm
1547 1458 1595 1506 alle
1610 1472 1658 1506 uon
1675 1457 1718 1505 der
1735 1457 1934 1523 Komm'ptdinu
1944 1459 1991 1516 ker,

315 1552 366 1586 mer
386 1537 473 1585 Petrus
495 1533 519 1582 d.
540 1533 566 1585 S.
579 1532 660 1584 Maris
676 1531 702 1582 iu
713 1531 813 1581 Porticu
833 1545 882 1580 von
899 1529 1015 1590 bellarm
1033 1529 1076 1578 der
1090 1532 1182 1594 grdsste
1195 1526 1266 1576 Tleil
1279 1527 1323 1576 der
1334 1523 1432 1576 urnam
1442 1527 1551 1594 efferebar
1566 1529 1630 1578 auch
1647 1535 1719 1579 miter
1735 1530 1785 1580 sich
1799 1530 1888 1596 geiste
1906 1531 1991 1581 Hand.

1073 1707 1140 1784 ΝΥ.
1173 1711 1233 1783 66.

317 1821 431 1903 Eugen
448 1817 513 1884 III
532 1816 683 1902 bestdngt
702 1815 777 1882 dem
801 1813 932 1880 Kloster
954 1815 1054 1880 Sanct
1073 1815 1188 1879 Maria
1207 1812 1254 1878 ian
1287 1813 1386 1878 Thale
1408 1813 1573 1897 Josaplat
1592 1813 1653 1896 (D.
1678 1814 1883 1901 Jemsalm)
1906 1817 1993 1879 sethe

318 1909 554 1976 Besitathtlmer
575 1909 645 1972 und
664 1909 783 1972 nimmt
799 1927 834 1969 es
857 1905 919 1969 mit
933 1904 1081 1969 Zubeltiir
1104 1905 1138 1967 in
1158 1903 1388 1988 apostolischeu
1411 1901 1541 1982 Schuta,
1569 1903 1684 1984 wostir
1703 1926 1737 1970 es
1750 1904 1900 1990 sithrlich
1925 1903 1994 1970 εἰπε

754 1995 839 2062 Um
856 1993 943 2060 Gold
954 1995 1067 2058 audie
1084 1991 1189 2058 Kurie
1202 2015 1242 2058 zu
1258 1993 1432 2057 entriclzten
1447 1993 1506 2056 lat
1522 1995 1559 2080 ¹).

943 2101 1027 2164 1145
1050 2099 1127 2164 Mai
1146 2103 1176 2162 4.
1233 2097 1366 2167 Viterbo.

479 2209 643 2290 Eugenius
672 2209 863 2292 episcopus,
895 2227 1007 2271 servus
1039 2225 1207 2270 servorum
1238 2205 1300 2282 dei,
1332 2204 1453 2269 dilecto
1486 2203 1553 2269 filio
1578 2203 1730 2282 Gnidoni,
1759 2207 1873 2272 abbati
1902 2209 1994 2272 vallis

317 2297 481 2382 Iosaphat,
512 2297 646 2380 eiusque
677 2297 839 2372 fratribus,
871 2304 938 2361 tam
971 2295 1177 2379 presentibus
1207 2314 1306 2376 quarn
1337 2294 1461 2370 suturis,
1492 2293 1673 2378 regularem
1696 2298 1797 2360 vitam
1828 2298 1993 2380 professis,

318 2391 350 2452 in
373 2395 576 2472 perpetuum.
622 2387 848 2450 Possessiones
873 2394 907 2450 et
933 2386 1024 2451 bona
1047 2385 1265 2448 ecclesiastica
1289 2386 1487 2468 patrimonia
1511 2405 1692 2467 pauperum
1724 2395 1799 2449 sunt
1831 2397 1865 2450 et
1889 2389 1994 2470 pretia

317 2484 537 2560 peccatorum.
582 2474 626 2539 Et
649 2477 726 2541 ideo
749 2496 769 2540 a
791 2474 881 2540 nullo
905 2476 1029 2540 debent
1050 2473 1185 2540 distrahi
1209 2475 1276 2538 sive
1301 2474 1463 2557 occupari,
1485 2483 1537 2538 set
1559 2475 1602 2537 ad
1626 2495 1711 2552 usus,
1734 2477 1777 2539 ad
1793 2497 1877 2559 quos
1893 2478 1990 2539 desti-

318 2574 394 2631 nata
416 2575 499 2642 sunt,
523 2564 647 2630 illibata
669 2566 798 2629 servari.
844 2563 932 2646 Quia
955 2584 1034 2647 ergo
1058 2585 1102 2628 ex
1124 2565 1270 2628 iniuncto
1287 2563 1384 2627 nobis
1400 2583 1420 2626 a
1435 2564 1500 2626 deo
1516 2561 1627 2628 officio
1643 2565 1809 2642 incumbit,
1834 2566 1989 2630 ecclesias

317 2677 392 2721 cum
415 2657 481 2719 suis
504 2655 706 2738 pertinentiis
729 2655 909 2731 defensare,
933 2653 1059 2718 utilitati
1074 2663 1181 2716 vestre
1197 2656 1229 2716 in
1246 2661 1414 2736 posterum
1431 2653 1651 2736 providentes,
1674 2653 1846 2719 ecclesiam
1862 2657 1989 2738 ligionis

318 2767 391 2811 cum
408 2743 578 2829 parrochia
595 2752 628 2808 et
643 2743 787 2808 decimas
804 2745 905 2827 ipsius
922 2743 993 2820 loci,
1010 2753 1043 2807 et
1058 2743 1220 2806 decimam
1232 2742 1356 2805 Thanis
1372 2764 1392 2806 a
1406 2743 1585 2820 Bernardo,
1602 2745 1764 2827 episcopo
1776 2741 1942 2809 Nazareth
1955 2746 1988 2823 ¹),

317 2837 361 2899 ad
392 2855 475 2919 opus
507 2832 678 2916 hospitalis
710 2834 829 2897 domus
851 2840 959 2898 vestre
983 2833 1077 2897 vobis
1096 2830 1125 2916 b)
1148 2851 1356 2910 concessam;
1395 2834 1427 2895 in
1452 2829 1577 2912 Sycilia
1606 2835 1640 2896 in
1670 2831 1753 2908 loco,
1786 2837 1842 2914 qui
1874 2835 1990 2897 dicitur

317 2927 545 2999 Patemonum,
574 2921 745 2988 ecclesiam
770 2930 881 2986 sancte
904 2921 1008 2986 Marie
1032 2922 1142 2984 matris
1165 2922 1301 2996 domini,
1332 2930 1365 2984 et
1388 2920 1493 2998 aliam,
1523 2929 1636 2985 sancte
1659 2921 1763 2985 Marie
1785 2923 1989 3006 Magdalene,

317 3015 378 3078 sub
402 3017 475 3097 ipso
499 3020 607 3076 castro
622 3012 726 3086 sitam,
750 3013 791 3076 ad
816 3010 986 3095 exemplar
1008 3011 1251 3095 predecessoris
1274 3013 1385 3086 nostri,
1409 3011 1508 3075 beate
1531 3012 1766 3075 recordationis
1789 3035 1878 3096 pape
1895 3014 1989 3077 Iuno

318 3105 422 3180 centii,
453 3102 514 3166 sub
544 3099 633 3165 beati
656 3103 743 3165 Petri
775 3101 877 3166 tutela
908 3109 943 3165 et
972 3108 1083 3164 nostra
1110 3100 1301 3164 defensione
1324 3101 1528 3183 suscipimus.
1574 3099 1631 3165 Ad
1654 3101 1805 3166 indicium
1828 3101 1857 3184 ε)
1881 3111 1988 3166 autem

318 3201 475 3277 percepte
497 3191 591 3256 huius
615 3211 634 3254 a
657 3190 808 3254 Romana
831 3190 968 3254 ecclesia
991 3189 1147 3254 libertatis
1170 3192 1238 3253 auri
1263 3191 1391 3254 unciam
1417 3190 1511 3253 nobis
1540 3192 1726 3273 nostrisque
1747 3193 1989 3257 successoribus

318 3283 407 3345 annis
430 3282 565 3364 singulis
580 3279 780 3363 persolvetis.
829 3277 1045 3362 Quecumque
1062 3279 1088 3359 ⁸)
1104 3299 1183 3342 vero
1203 3277 1231 3359 d)
1256 3272 1316 3361 per
1331 3280 1494 3344 autentica
1509 3280 1779 3364 predecessorum
1797 3292 1988 3354 nostrorum,

318 3371 473 3436 videlicet
496 3370 598 3434 felicis
620 3371 780 3434 memorie
803 3368 966 3433 Paschalis
985 3368 1015 3452 e)
1039 3378 1072 3432 et
1095 3368 1275 3432 innocentii
1291 3367 1321 3452 ⁴)
1345 3370 1524 3452 privilegia,
1556 3378 1624 3433 tam
1648 3372 1681 3432 in
1704 3371 1859 3449 ecclesiis,
1893 3393 1987 3453 quam

318 3463 351 3524 in
374 3459 510 3524 decimis
534 3468 567 3522 et
589 3459 660 3523 aliis
683 3459 775 3522 vobis
799 3479 955 3522 concessa
977 3457 1029 3521 vel
1052 3457 1244 3521 confirmata
1266 3465 1350 3534 sunt,
1382 3459 1477 3522 vobis
1501 3467 1534 3522 et
1557 3479 1617 3543 per
1637 3480 1698 3523 vos
1721 3461 1830 3524 eidem
1854 3461 1989 3525 ecclesie

318 3552 415 3615 beate
430 3550 533 3614 Marie
557 3549 599 3612 de
621 3547 706 3612 valle
720 3547 877 3631 Iosaphat
891 3569 951 3631 per
967 3549 1127 3631 presentis
1142 3547 1253 3631 scripti
1269 3547 1420 3630 paginam
1444 3547 1683 3626 confirmamus,
1706 3550 1796 3614 salva
1811 3551 1989 3634 apostolice

317 3641 405 3704 sedis
421 3638 613 3703 auctoritate
630 3635 665 3723 β).
702 3636 916 3701 Decernimus
932 3657 1021 3720 ergo,
1045 3645 1082 3700 ut
1096 3636 1172 3702 nulli
1190 3637 1323 3700 omnino
1339 3635 1509 3702 hominum
1525 3638 1628 3714 liceat,
1651 3659 1711 3703 vos
1727 3641 1850 3704 exinde
1866 3649 1989 3724 pertur-

317 3731 406 3808 bare,
429 3731 582 3804 minuere,
606 3728 732 3792 auferre
747 3735 804 3791 aut
818 3729 1001 3791 temerariis
1017 3726 1247 3790 vexationibus
1263 3726 1410 3808 fatigare,
1449 3725 1485 3790 Si
1501 3727 1572 3808 quis
1589 3736 1698 3792 autem
1714 3729 1777 3792 hoc
1793 3738 1988 3813 attemptare

317 3819 560 3902 presumpserit,
583 3819 664 3882 iram
687 3818 742 3880 dei
766 3816 999 3900 omnipotentis
1023 3818 1173 3892 incurrat,
1197 3823 1230 3879 et
1245 3814 1463 3879 anathematis
1478 3819 1641 3882 sententie
1656 3819 1834 3883 subiaceat.
1873 3820 1989 3884 Amen.

318 3908 438 3974 Amen.
460 3907 605 3974 Amen·

529 3993 585 4084 (R)
608 3995 682 4079 Ego
705 3994 871 4077 Eugenius
894 3991 1055 4057 catholice
1079 3992 1215 4058 ecclesie
1239 3996 1416 4077 episcopus
1438 4015 1479 4057 ss.
1504 3991 1569 4080 (M)

528 4086 550 4167 †
573 4085 646 4168 Ego
671 4083 843 4148 Conradus
866 4083 1056 4148 Sabinensis
1080 4084 1256 4166 episcopus
1278 4103 1319 4146 ss.

528 4174 550 4258 †
572 4176 646 4258 Ego
668 4171 910 4237 Theodewinus
932 4179 1045 4235 sancte
1067 4171 1183 4236 Rufine
1207 4175 1383 4256 episcopus
1406 4192 1446 4234 ss,

530 4265 552 4343 †
574 4262 647 4346 Ego
671 4259 849 4345 Gregorius
873 4261 1035 4344 presbiter
1058 4261 1230 4325 cardinalis
1253 4264 1302 4325 tit.
1327 4260 1447 4325 Calixti
1471 4281 1512 4325 ss.

530 4350 551 4436 †
574 4352 648 4434 Ego
671 4349 818 4415 Thomas
840 4350 1003 4434 presbiter
1025 4351 1194 4414 cardinalis
1217 4352 1264 4414 tit.
1288 4349 1427 4416 Vestine
1449 4371 1491 4414 ss.

528 4441 550 4522 †
573 4440 646 4524 Ego
671 4439 860 4504 Mansredus
883 4439 1048 4522 presbiter
1070 4441 1245 4504 cardinalis
1268 4442 1318 4503 tit.
1342 4448 1454 4506 sancte
1477 4442 1597 4507 Savine
1620 4463 1662 4506 ss.

528 4532 550 4610 †
573 4531 645 4613 Ego
669 4529 817 4593 Villanus
841 4528 1004 4612 presbiter
1027 4530 1199 4593 cardinalis
1222 4531 1269 4592 tit.
1293 4533 1396 4593 sancti
1412 4529 1573 4614 Stephani
1596 4534 1629 4594 in
1654 4531 1745 4596 Celio
1768 4542 1884 4596 monte
1906 4555 1945 4595 ss.

529 4621 549 4699 †
572 4618 645 4703 Ego
669 4617 846 4701 Gregorius
869 4618 1024 4681 diaconus
1047 4619 1221 4682 cardinalis
1243 4627 1430 4683 sanctorum
1454 4618 1560 4704 Sergii
1583 4631 1618 4685 et
1639 4620 1741 4685 Bachi
1766 4642 1808 4685 ss

528 4709 548 4790 †
572 4708 644 4791 Ego
670 4705 772 4770 Oddo
795 4708 953 4771 diaconus
976 4709 1147 4773 cardinalis
1169 4710 1272 4772 sancti
1298 4707 1429 4791 Georgii
1454 4712 1495 4773 ad
1518 4711 1639 4774 Velum
1662 4731 1797 4775 aureum
1821 4732 1864 4775 ss.

529 4795 549 4881 †
573 4798 646 4880 Ego
671 4796 781 4860 Guido
805 4798 963 4861 diaconus
987 4797 1156 4862 cardinalis
1180 4807 1367 4862 sanctorum
1393 4797 1514 4863 Cosme
1538 4808 1572 4864 et
1594 4800 1745 4865 Damiani
1767 4821 1809 4864 ss.

475 4885 551 4950 Dat.
567 4887 693 4951 Biterbi
713 4886 725 4934 s
730 4885 753 4968 l,
777 4905 836 4969 per
859 4907 991 4950 manum
1006 4887 1152 4961 Roberti‚
1175 4896 1287 4952 sancte
1302 4888 1453 4952 Romane
1475 4889 1613 4954 ecclesie
1628 4890 1802 4973 presbiteri
1819 4889 1982 4954 cardinalis

316 4981 350 5036 et
373 4975 564 5039 cancellarii.
602 4973 704 5060 11118)
727 4975 842 5039 Nonas
865 4977 953 5039 Maii.
992 4977 1174 5040 Indictione
1198 4989 1270 5041 v111.
1308 4977 1543 5042 Incarnationis
1567 4979 1732 5044 dominice
1755 5000 1842 5044 anno
1860 4990 1982 5044 mcxlv.

315 5064 526 5129 Pontificatus
549 5085 628 5129 vero
652 5065 764 5129 domni
787 5064 926 5148 Eugenii
950 5080 988 5129 111
1011 5087 1099 5149 pape
1122 5086 1208 5129 anno
1232 5068 1349 5149 primo.

464 5169 521 5221 Or.
543 5169 580 5234 (S.
601 5170 700 5220 Placido
717 5171 764 5219 Nr.
785 5172 845 5234 177)
867 5171 901 5220 im
918 5170 1034 5221 Arctoe
1052 5171 1080 5219 di
1094 5171 1161 5220 Staio
1178 5187 1209 5219 su
1228 5171 1346 5220 Polemio.

474 5241 531 5290 Das
551 5242 677 5309 Bleur'egel
692 5241 724 5290 ist
742 5244 857 5294 veriores.

474 5365 500 5429 a)
513 5364 605 5414 eclesie
628 5335 640 5340 “
676 5334 877 5432 unauna.
948 5371 973 5428 c)
986 5367 1160 5416 iudiciumDr.
1233 5364 1260 5430 d)
1273 5379 1334 5414 vero
1347 5369 1451 5431 quenr.
1525 5367 1725 5433 emesenam.
1799 5369 1820 5428 n
1830 5367 1979 5418 viveretur.

314 5436 343 5500 g)
364 5433 401 5484 111
420 5436 469 5484 Dr.
488 5465 540 5476 η·-
560 5439 597 5500 .ῐ)
621 5436 670 5485 Die
691 5437 817 5504 Abschn'ft
839 5438 914 5487 dieser
940 5438 1056 5488 Urhmde
1078 5437 1199 5488 verdaarke
1222 5437 1260 5486 icl
1283 5437 1336 5486 dem
1360 5439 1444 5489 Herm
1477 5439 1566 5496 Cunna.
1596 5441 1752 5506 Giuscppe
1780 5437 1980 5490 Silvestriin

316 5507 433 5556 Palermo.
448 5534 480 5545 -
494 5507 583 5558 Dmcl
600 5524 647 5558 von
665 5509 805 5570 Delabordc,
834 5509 932 5560 Chanes
950 5510 979 5558 de
1001 5510 1074 5560 Terre
1092 5510 1174 5560 Sainte
1196 5508 1270 5574 (Bibl.
1287 5509 1327 5558 des
1347 5507 1420 5562 e'coles
1438 5511 1581 5575 Fronfmtes
1601 5511 1728 5562 anthim
1744 5519 1767 5562 et
1787 5513 1815 5561 de
1826 5514 1900 5562 Rome
1910 5508 1978 5567 XIX)

308 5585 337 5643 p.
361 5581 402 5628 68.
456 5580 533 5647 Vergl.
557 5581 620 5629 arach
643 5580 681 5629 die
708 5581 768 5631 Ure.
790 5596 846 5630 vom
871 5583 887 5630 6
911 5581 985 5646 Apn‘l
1006 5583 1081 5632 1142.
1192 5583 1218 5646 2)
1244 5581 1373 5645 Bemard,
1407 5583 1511 5648 Br'schos
1527 5600 1576 5634 von
1599 5585 1735 5645 Nazareth,
1760 5601 1780 5632 c.
1807 5581 1978 5634 arao-1129.

302 5651 341 5788 ἐξ
365 5649 451 5775 griekser
448 5651 557 5774 vespm}
563 5653 613 5774 baja
608 5651 771 5774 {lieclffimus
774 5651 845 5718 fehlt
860 5651 886 5703 in
898 5653 1181 5719 dervwangcgangmcn
1196 5652 1313 5703 Urkundae
1329 5653 1493 5707 Immunem.
1568 5659 1596 5722 4)
1618 5656 1680 5707 Urk.
1697 5673 1752 5706 vom
1765 5657 1781 5704 2
1796 5656 1900 5724 Jamar
1912 5653 1978 5706 1113.
