4126 6356
298 467 354 554 (R)
378 471 450 552 Ego
474 468 638 534 Adrianus
662 466 824 554 catholice
848 467 985 556 ecclesie
1008 471 1183 556 episcopus
1205 494 1249 537 ss.
1272 473 1339 560 (M)

297 563 318 640 †
339 561 413 642 Ego
436 561 561 626 Imarus
584 558 786 622 Tusculanus
810 561 986 642 episcopus
1009 580 1051 625 se.

297 648 317 733 †
340 650 413 730 Ego
437 651 537 731 Hugo
561 649 746 712 Hostiensis
769 649 944 732 episcopus
967 671 1008 714 ss.

295 739 316 822 †
338 739 412 820 Ego
437 736 544 801 Guido
568 738 731 820 presbiter
753 737 922 802 cardinalis
945 739 993 802 tit.
1016 741 1120 804 sancti
1144 737 1317 824 Grisogoni
1340 762 1381 804 ss.

297 831 318 908 †
340 829 413 910 Ego
437 826 611 891 Hubaldus
635 826 797 910 presbiter
819 827 992 891 cardinalis
1015 830 1064 892 tit.
1087 835 1199 893 sancte
1222 831 1380 896 Praxedis
1403 852 1445 896 ss.

295 917 316 1000 †
338 916 411 1000 Ego
436 916 626 982 Maniredus
649 916 811 999 presbiter
833 916 1006 981 cardinalis
1029 917 1075 982 tit.
1098 925 1212 982 sancte
1234 919 1355 985 Savine
1377 941 1419 986 ss.

296 1009 316 1090 †
339 1006 412 1088 Ego
436 1005 608 1070 Aribertus
632 1006 795 1088 presbiter
817 1005 987 1070 cardinalis
1010 1008 1058 1071 tit
1081 1015 1193 1092 sancte
1215 1008 1392 1076 Anastasis
1414 1031 1456 1075 ss.

296 1095 316 1178 †
339 1097 412 1178 Ego
435 1095 533 1160 lulius
555 1096 718 1178 presbiter
740 1095 912 1160 cardinalis
935 1097 982 1159 tit.
1005 1098 1108 1162 sancti
1133 1098 1278 1162 Marcelli
1301 1120 1343 1164 ss.

296 1183 317 1268 †
339 1187 413 1268 Ego
435 1183 593 1248 Astaldus
617 1184 778 1267 presbiter
800 1185 972 1249 cardinalis
995 1187 1043 1250 tit.
1067 1196 1179 1250 sancte
1201 1188 1308 1276 Prisce
1331 1209 1372 1253 ss.

297 1272 318 1357 †
340 1275 413 1357 Ego
433 1273 595 1338 lohannes
613 1274 775 1357 presbiter
786 1273 960 1340 cardinalis
972 1276 1020 1339 tit.
1031 1286 1218 1340 sanctorum
1227 1277 1382 1342 Iohannis
1397 1287 1431 1342 et
1445 1280 1478 1344 P.
1496 1280 1661 1344 Pamachii
1670 1281 1704 1362 (i)
1711 1302 1752 1345 ss.

297 1361 318 1446 †
340 1363 413 1446 Ego
437 1361 599 1427 Henricus
622 1359 784 1446 presbiter
808 1363 976 1428 cardinalis
1000 1367 1047 1428 tit.
1071 1373 1256 1430 sanctorum
1279 1366 1379 1432 Nerei
1402 1375 1436 1432 et
1459 1365 1601 1432 Achillei
1623 1390 1664 1432 ss.

297 1450 318 1536 †
340 1453 413 1536 Ego
436 1452 598 1516 lohannes
622 1452 781 1535 presbiter
804 1452 976 1516 cardinalis
999 1455 1047 1518 tit
1070 1462 1256 1520 sanctorum
1280 1453 1427 1522 Silvestri
1450 1465 1485 1521 et
1506 1457 1637 1522 Martini
1660 1478 1701 1522 ss

295 1544 317 1622 ³5
339 1544 413 1626 Ego
438 1540 545 1604 Guido
568 1543 727 1605 diaconus
751 1541 919 1606 cardinalis
941 1551 1053 1607 sancte
1077 1543 1181 1608 Marie
1204 1547 1235 1610 in
1258 1546 1389 1612 Porticu
1412 1565 1453 1610 ss.

296 1634 316 1718 †
340 1631 413 1713 Ego
437 1630 599 1695 lohannes
622 1631 780 1696 diaconus
803 1631 975 1696 cardinalis
997 1641 1185 1698 sanctorum
1209 1633 1315 1717 Sergii
1339 1643 1373 1700 et
1394 1632 1495 1702 Bachi
1516 1655 1559 1699 ss.

297 1719 317 1803 †
341 1720 414 1802 Ego
436 1720 652 1784 lldebrandus
675 1723 777 1784 sancti
802 1720 966 1785 Eustachii
990 1723 1146 1786 diaconus
1169 1724 1338 1788 cardinalis
1360 1745 1402 1788 ss.

296 1811 316 1892 †
339 1811 414 1892 Ego
437 1808 515 1872 Odo
539 1811 694 1873 diaconus
718 1809 887 1874 cardinalis
909 1811 1011 1874 sancti
1034 1809 1163 1875 Nicolai
1186 1815 1219 1876 in
1243 1834 1372 1878 carcere
1396 1812 1549 1877 Tulliano
1573 1830 1615 1874 ss.

243 1896 320 1962 Dat.
343 1899 450 1963 Rome
473 1899 561 1982 apud
584 1907 733 1964 sanctum
756 1901 896 1976 Petrum,
915 1907 979 1981 ‘per
1001 1921 1133 1964 manum
1153 1901 1300 1980 Rolandi,
1323 1911 1435 1968 sancte
1450 1902 1600 1966 Romane
1616 1899 1754 1964 ecclesie

83 1987 254 2070 presbiteri
277 1988 448 2052 cardinalis
471 1996 504 2051 et
528 1988 719 2052 cancellarii.
758 2004 784 2052 11
807 1989 883 2052 Idus
908 1989 1055 2054 lanuarii.
1092 1989 1275 2056 Indictione
1297 2006 1343 2056 111.
1388 1991 1628 2056 lucarnacionis
1652 1989 1754 2054 domi-

15 2129 16 2132 ,
83 2077 150 2141 nice
172 2097 260 2141 anno
276 2090 410 2142 MCL1111.
457 2076 669 2142 Pontificatus
691 2099 771 2142 vero
794 2078 907 2141 domni
930 2079 1069 2142 Adriani
1093 2100 1181 2162 pape
1196 2095 1356 2146 1111anno
1379 2084 1497 2164 primo.

240 2193 391 2260 Absclm'ften
409 2193 450 2242 des
470 2192 527 2244 Cod.
552 2192 604 2244 Vas.
623 2193 701 2252 4043,
728 2193 796 2242 6196
805 2193 856 2256 sol.
877 2195 937 2254 111,
955 2195 1027 2245 8013
1045 2192 1115 2260 (olm
1133 2194 1285 2265 sanamur),
1310 2195 1338 2247 in
1355 2196 1399 2246 der
1414 2195 1479 2248 Birt.
1503 2194 1618 2248 Vaticana
1634 2210 1665 2244 ru
1682 2195 1752 2246 Rom.

826 2477 892 2554 Nr.
924 2480 1010 2554 152.

83 2610 236 2676 Hadrian
246 2611 269 2674 I
275 2609 304 2674 V
314 2610 432 2674 nimmt
444 2609 506 2674 das
524 2607 652 2674 Kloster
661 2608 730 2674 San
746 2609 908 2674 Ponaz'ano
921 2610 961 2676 di
973 2613 1082 2678 Lucra
1098 2613 1132 2676 in
1146 2612 1374 2698 apostoliscken
1388 2612 1505 2680 Sanun
1523 2611 1593 2678 und
1604 2612 1753 2698 bestdttgt

622 2700 713 2763 seim
736 2699 972 2765 Besitatlnimer
992 2701 1061 2766 und
1080 2701 1207 2768 Rechte.

588 2817 671 2878 1155
686 2814 822 2890 Januar
833 2818 888 2881 21.
918 2815 953 2880 S.
970 2816 1066 2881 Peter
1077 2837 1139 2882 von
1154 2817 1247 2883 Rern.

240 2947 403 3013 Adrianus
419 2950 605 3033 episcopus,
628 2969 739 3012 servus
755 2969 922 3015 servorum
939 2949 1003 3028 dei,
1027 2950 1152 3015 dilectis
1172 2951 1246 3016 filiis
1261 2951 1413 3030 Henrico‚
1436 2951 1550 3016 abbati
1566 2951 1752 3015 monasterii

83 3041 179 3103 sancti
205 3040 369 3116 Pontiani,
402 3041 492 3121 quod
516 3059 609 3103 secus
633 3037 801 3102 Lucanam
832 3041 995 3103 civitatem
1023 3043 1121 3104 situm
1145 3050 1202 3118 est,
1233 3044 1368 3125 eiusque
1397 3042 1558 3117 fratribus
1588 3049 1655 3104 tam
1679 3061 1751 3123 pre·

83 3129 225 3192 sentibus
251 3149 349 3209 quam
380 3128 510 3205 futuru,
543 3127 724 3212 regularem
754 3131 854 3192 vitam
887 3129 1051 3212 professis,
1090 3132 1122 3194 in
1161 3139 1365 3215 perpetuum.
1410 3131 1611 3214 Religiosam
1650 3132 1752 3194 vitam

84 3217 301 3301 heligentibus
317 3218 535 3301 apostolicum
551 3219 705 3282 convenit
723 3219 841 3281 adesse
856 3219 1032 3302 presidium
1057 3228 1090 3283 et
1110 3228 1222 3284 contra
1241 3222 1435 3285 secularium
1450 3222 1594 3284 virorum
1609 3219 1752 3283 incursus

85 3316 230 3371 nostrum
255 3309 473 3390 patrocinium
496 3308 663 3391 impertiri,
693 3328 734 3371 ne
761 3307 846 3371 sorte
876 3307 1050 3372 cuiuslibet
1078 3310 1267 3372 temeritatis
1296 3311 1440 3375 incursus
1469 3318 1526 3373 aut
1557 3329 1614 3373 eos
1636 3329 1656 3372 a
1678 3329 1751 3392 pro-

85 3398 188 3480 posito
213 3405 350 3460 revocet
379 3405 435 3462 aut
458 3397 566 3473 robur,
599 3397 689 3478 quod
713 3396 807 3474 absit,
839 3415 930 3462 sacre
954 3396 1117 3481 religionis
1140 3399 1301 3482 infringat.
1346 3401 1547 3483 Eapropter,
1578 3397 1697 3464 dilecte
1719 3401 1752 3462 in

85 3486 218 3550 domino
247 3485 301 3562 fili,
332 3485 474 3550 Henrice
496 3485 614 3562 abbas,
644 3487 708 3549 tuis
738 3487 830 3549 iustis
854 3486 1128 3569 postulationibus
1158 3488 1338 3552 clementer
1360 3489 1539 3563 annuimus,
1572 3495 1605 3551 et
1636 3488 1753 3571 prede·

86 3595 250 3640 cessorum
282 3583 477 3651 nostrorum,
506 3576 606 3639 felicis
630 3575 865 3638 recordationis
888 3575 1009 3639 Leonis
1033 3574 1156 3664 vilui),
1186 3577 1326 3640 Pascalis
1348 3576 1416 3664 11²)
1447 3586 1481 3640 et
1503 3576 1641 3660 Eugenii
1664 3591 1703 3640 111
1720 3573 1754 3662 ³),

85 3665 306 3729 Romanorum
331 3665 533 3748 pontificum,
565 3665 706 3746 vestigiis
729 3664 923 3743 inherentes
956 3665 1117 3748 prefatum
1140 3665 1228 3729 beati
1252 3666 1399 3730 Pontiani
1431 3668 1673 3740 monasterium,
1703 3667 1754 3729 cui

85 3755 146 3820 deo
176 3762 316 3818 auctore
343 3756 506 3838 presideS,
537 3753 597 3818 sub
627 3753 713 3818 beati
736 3756 822 3819 Petri
856 3761 889 3818 et
918 3761 1028 3820 nostra
1059 3756 1265 3837 protectione
1302 3755 1496 3839 suscipimus
1526 3762 1560 3820 et
1594 3755 1754 3837 presentis

85 3846 192 3927 scripti
228 3843 398 3927 privilegio
429 3844 674 3908 communimus.
728 3841 926 3918 Statuentes,
958 3852 993 3908 ut
1023 3862 1247 3927 quascumque
1277 3847 1517 3928 possessiones,
1548 3863 1754 3926 quecumque

86 3933 169 3998 bona
191 3934 284 3998 idem
314 3937 548 3998 monasterium
581 3933 611 3996 in
643 3934 880 4015 presentiarum
910 3934 994 3996 iuste
1024 3939 1057 3996 et
1089 3936 1246 3998 canonice
1277 3935 1434 4016 possidet,
1464 3941 1521 3996 aut
1550 3933 1580 3996 in
1611 3932 1753 3998 futurum

87 4025 299 4088 concessione
328 4021 534 4106 pontificum,
566 4021 739 4105 largitione
768 4041 882 4105 regum
912 4021 965 4086 vel
994 4023 1193 4106 principum,
1225 4022 1391 4088 oblatione
1420 4021 1564 4087 fidelium
1599 4041 1656 4086 seu
1686 4020 1754 4085 aliis

86 4112 171 4176 iustis
196 4113 315 4188 modis,
343 4120 510 4195 prestante
533 4113 677 4188 domino,
708 4112 827 4194 poterit
851 4110 994 4193 adipisci,
1024 4111 1117 4176 firma
1138 4112 1232 4177 vobis
1255 4113 1435 4195 vestrisque
1457 4110 1697 4178 successoribus
1721 4117 1754 4176 et

85 4201 203 4267 illibata
228 4210 450 4285 permaneant.
488 4203 524 4266 In
539 4202 659 4282 quibus
681 4199 743 4264 hec
759 4199 899 4284 propriis
914 4199 1067 4264 duximus
1082 4203 1297 4284 exprimenda
1311 4201 1497 4268 vocabulis:
1522 4201 1753 4265 monasterium

85 4295 184 4356 sancti
209 4290 354 4356 Cassiani
377 4290 421 4354 de
444 4290 567 4356 Carisia
581 4312 654 4354 cum
680 4290 833 4356 omnibus
856 4289 1060 4372 pertinentiis
1082 4291 1155 4367 suis,
1180 4290 1339 4375 capellam
1363 4294 1466 4356 sancti
1490 4290 1635 4354 Pontiani
1657 4292 1754 4356 sitam

86 4382 115 4442 in
136 4381 238 4464 plebe
260 4382 340 4458 Pini,
371 4379 531 4463 capellam
561 4382 665 4444 sancti
688 4381 774 4444 Petri
806 4379 848 4442 de
871 4378 1022 4456 Libiano,
1053 4379 1213 4462 capellam
1242 4381 1346 4444 sancti
1369 4378 1520 4446 Germani
1543 4380 1588 4446 de
1608 4378 1753 4456 Giziano,

87 4471 244 4553 capellam
267 4471 370 4534 saneti
393 4470 534 4534 Romani
556 4471 652 4534 sitam
677 4471 709 4531 in
739 4469 867 4532 civitate
888 4468 1030 4544 Lucana,
1062 4469 1221 4552 capellam
1251 4472 1354 4534 sancti
1378 4469 1564 4546 Giminiani,
1594 4469 1753 4551 capellam

86 4562 182 4625 sancti
208 4557 352 4636 Genesii‚
379 4557 538 4642 capellam
556 4566 682 4640 'sancte
706 4558 808 4622 Marie
839 4559 871 4622 in
903 4565 989 4622 terra
1012 4555 1175 4634 Classum,
1206 4558 1364 4642 capellam
1395 4561 1498 4624 sancti
1521 4558 1691 4622 Benedicti
1722 4560 1754 4622 in

87 4650 223 4730 palatio,
255 4647 415 4732 capellam
444 4657 557 4712 sancte
580 4647 684 4712 Marie
714 4648 757 4711 de
781 4645 973 4730 Carignano,
1006 4647 1165 4731 capellam
1196 4649 1301 4713 sancti
1322 4649 1459 4714 Andree
1489 4648 1533 4712 de
1554 4647 1753 4730 Buslnngnn,

88 4738 242 4821 capellam
265 4739 368 4802 sancti
384 4737 488 4820 Blagii
508 4736 536 4825 ι)
560 4738 602 4802 de
625 4737 819 4821 Rasignan0,
842 4735 1001 4820 capellam
1024 4737 1127 4801 sancti
1149 4737 1228 4802 Iusti
1251 4738 1293 4802 de
1317 4737 1440 4814 Marlia,
1465 4735 1626 4821 capellam
1649 4737 1752 4802 sancti

88 4825 260 4892 Salvatoris
290 4827 334 4890 de
356 4826 512 4906 Vaccole,
543 4827 704 4910 capellam
734 4826 836 4890 sancti
860 4825 1003 4890 Cassiani
1034 4825 1077 4890 de
1100 4824 1245 4905 Guamo,
1276 4835 1310 4892 et
1340 4826 1499 4911 capellam
1530 4828 1633 4892 sancti
1656 4825 1753 4892 Blasii

88 4915 127 4979 de
148 4916 349 5000 Oldepissio.
397 4915 550 4980 Obeunte
573 4937 652 4979 vero
674 4925 716 4991 te,
744 4935 830 4980 nunc
853 4916 999 4980 eiusdem
1022 4913 1085 4980 loci
1107 4916 1238 4996 abbate,
1270 4916 1323 4981 vel
1353 4925 1485 4981 tuorum
1515 4914 1662 4998 quolibet
1683 4935 1754 4978 suc·

88 5025 248 5071 cessomm
272 5004 377 5070 nullus
401 5005 446 5069 ibi
476 5006 623 5088 qualibet
651 5005 870 5089 subreptionis
902 5005 1020 5068 astutia
1050 5025 1107 5070 seu
1139 5005 1294 5072 violentia
1324 5013 1533 5090 preponatur,
1563 5006 1624 5068 nisi
1654 5023 1752 5086 quem

88 5093 195 5160 iratres
220 5097 386 5160 communi
410 5114 570 5160 consensu
593 5093 645 5159 vel
666 5094 802 5158 fratrum
825 5114 902 5178 pars
932 5093 1058 5158 consilii
1085 5097 1222 5159 sanioris
1251 5095 1303 5160 vel
1334 5096 1377 5160 de
1404 5115 1464 5160 suo
1491 5093 1544 5159 vel
1567 5094 1609 5158 de
1639 5093 1753 5168 alieno,

88 5185 111 5246 si
136 5187 331 5268 oportuerit,
362 5184 502 5268 collegio
539 5185 717 5249 secundum
751 5185 806 5248 dei
837 5184 989 5249 timorem
1022 5191 1055 5250 et
1084 5184 1173 5248 beati
1204 5185 1373 5249 Benedicti
1405 5183 1551 5268 regulam
1588 5181 1753 5266 elegerint.

89 5271 213 5340 Electus
237 5282 348 5338 autem
371 5295 391 5338 a
412 5273 588 5338 diocesano
611 5276 770 5358 episcopo
793 5273 1034 5340 benedictionis
1049 5273 1292 5338 ordinationem
1307 5275 1454 5359 accipiat,
1476 5273 1639 5354 siquidem
1653 5273 1754 5355 gratis

89 5371 118 5426 et
139 5363 302 5428 catholice
324 5363 460 5428 voluerit
487 5363 660 5440 exhibere3
690 5363 835 5446 alioquin
857 5363 901 5427 ad
923 5363 1108 5428 Romanum
1131 5363 1320 5446 pontificem
1343 5365 1395 5430 vel
1418 5364 1460 5430 ad
1483 5383 1582 5446 quem
1606 5361 1754 5428 maluerit

89 5453 281 5519 catholicum
305 5455 499 5538 episcopum
516 5453 755 5518 consecrandus
769 5453 913 5518 accedat
951 5451 1008 5516 Ad
1024 5449 1086 5517 hec
1102 5453 1271 5534 adicimus
1294 5461 1330 5518 ut
1345 5474 1412 5533 eos,
1435 5455 1491 5537 qui
1506 5453 1560 5536 pia
1574 5451 1753 5519 devotione

241 5615 267 5682 a)
294 5612 365 5664 mas
379 5614 466 5665 Blasii.
485 5651 537 5658 -
557 5615 593 5680 .1)
616 5613 676 5664 Ura.
694 5629 750 5663 vom
769 5616 800 5664 11
820 5612 882 5680 Julr'
900 5613 974 5666 1050.
1060 5611 1088 5682 2)
1109 5612 1170 5667 Ura.
1188 5630 1244 5668 vom
1262 5617 1298 5668 27
1316 5613 1391 5682 April
1406 5616 1482 5666 1104.
1569 5613 1596 5682 3)
1619 5611 1679 5664 Ura.
1698 5629 1753 5664 vom

90 5681 119 5732 21
135 5685 262 5736 December
282 5689 349 5737 1110
367 5687 440 5752 (Bibl.
462 5685 545 5738 Publi.
564 5687 663 5754 Regcsla
681 5685 728 5736 Nr.
749 5687 784 5754 1).

1490 5762 1547 5817 21*
