4090 6358
314 327 357 397 4²

316 507 416 568 dente
439 505 511 585 ipsa
534 504 605 585 ripa
628 503 670 567 ab
694 502 857 586 Agaziolo
885 504 1055 584 usquead
1087 520 1241 586 campum
1264 503 1390 581 Beduli,
1415 515 1534 567 terram
1558 514 1590 567 et
1612 501 1743 566 vineam
1767 500 1860 566 iuxta
1883 519 2003 565 muros

316 595 456 658 civitatis
488 595 645 679 Ravenne
676 613 750 656 cum
781 605 867 656 turre
899 594 1092 657 Umbratica
1127 595 1159 656 in
1199 595 1360 676 integrum
1391 615 1411 657 a
1441 594 1610 657 Posterula
1643 593 1786 675 Augusti
1817 613 1929 674 usque
1962 593 2002 653 ad

316 696 447 767 portam
470 683 678 758 Taurensem,
711 684 842 746 hortum
873 703 972 745 unum
1002 684 1163 765 integrum
1194 685 1227 746 in
1251 685 1326 746 loco
1349 685 1461 766 pontis
1486 683 1635 759 Calciaci,
1667 685 1700 745 in
1724 684 1859 765 regione
1890 683 2002 744 sancti

317 775 460 860 Andree,
490 772 662 835 aduobus
693 773 848 835 lateribus
872 775 940 835 iura
964 773 1064 853 ipsius
1087 774 1200 850 sancti,
1233 795 1253 835 a
1283 773 1414 855 reliquis
1438 773 1567 836 duobus
1597 772 1752 836 lateribus
1774 773 1829 835 via
1851 772 2002 854 publica

316 865 422 926 lacum
454 862 509 942 qui
541 871 676 924 vocatur
706 862 847 926 Sanctus
882 882 956 925 cum
991 863 1145 925 omnibus
1175 863 1272 926 rebus
1296 884 1335 925 ac
1367 864 1571 944 pertinentiis
1602 863 1683 936 suis,
1718 882 1792 924 cum
1824 861 1933 943 plebe
1967 881 2003 922 ac

317 952 451 1035 capellis
475 961 508 1013 et
538 951 639 1013 titulis
671 952 772 1033 ipsius
792 951 828 1032 a),
860 951 893 1013 id
925 961 974 1014 est
1004 962 1116 1038 sancte
1139 953 1258 1040 Marie,
1294 954 1397 1015 sancti
1422 953 1563 1027 Martini,
1595 952 1698 1014 sancti
1722 952 1808 1013 Petri
1833 961 1867 1013 et
1890 951 2002 1012 sancti

315 1041 480 1116 Venantii,
505 1061 580 1102 cum
604 1040 739 1104 decimis
763 1053 796 1104 et
819 1042 978 1122 primitiis,
1004 1061 1077 1103 cum
1101 1042 1241 1124 piscaria
1264 1062 1327 1128 que
1349 1053 1486 1104 vocatur
1509 1042 1615 1117 Tilini,
1647 1051 1680 1104 et
1703 1040 1792 1103 fossa
1816 1040 2003 1120 archipres-

315 1131 420 1206 biteri,
445 1138 477 1192 et
500 1131 640 1210 piscaria
657 1150 720 1217 que
735 1141 873 1193 vocatur
887 1131 976 1192 Falci
996 1129 1034 1208 b),
1060 1150 1133 1193 cum
1157 1130 1232 1194 loco
1256 1133 1311 1212 qui
1336 1130 1453 1194 dicitur
1469 1131 1685 1206 Monticellus,
1709 1131 1817 1193 Lacus
1840 1131 1957 1191 siccus
1978 1130 2002 1200 tl

316 1241 390 1284 cum
414 1220 492 1301 ripis
515 1218 657 1281 fluminis
672 1220 753 1283 Padi
775 1230 808 1283 et
824 1219 922 1283 Gauri
940 1240 982 1282 ex
998 1221 1141 1300 utrisque
1161 1221 1309 1302 partibus
1333 1241 1436 1302 usque
1452 1221 1494 1283 ad
1510 1241 1607 1297 mare,
1633 1229 1666 1282 et
1682 1241 1702 1282 a
1717 1221 1793 1281 loco
1810 1218 1956 1303 Conche
1976 1218 2003 1300 ‘ll

315 1308 449 1396 Agathe
473 1329 516 1370 ex
539 1329 604 1370 una
627 1319 721 1390 parte
745 1329 848 1390 usque
872 1310 915 1371 ad
939 1330 1028 1372 mare
1051 1330 1125 1372 cum
1149 1310 1223 1372 loco
1247 1311 1374 1391 integro
1402 1311 1457 1391 qui
1481 1311 1599 1373 dicitur
1614 1311 1828 1372 Masinzatica
1848 1311 1884 1387 θ),
1917 1309 2005 1370 inter

317 1399 431 1462 affines
465 1398 506 1462 de
537 1408 610 1461 toto
643 1399 717 1462 loco
751 1418 789 1462 ac
812 1399 973 1461 territorio
1005 1400 1195 1486 massacelle
1215 1399 1241 1478 s)
1274 1419 1339 1486 que
1369 1409 1505 1462 vocatur
1536 1400 1644 1462 Lacus
1674 1409 1819 1474 sanctus,
1856 1398 1900 1460 ab
1937 1417 2003 1458 uno

316 1489 417 1552 latere
451 1486 539 1550 fossa
571 1487 754 1550 Molendini
786 1488 827 1550 de
857 1487 948 1550 volta
977 1487 1118 1551 Latercli
1137 1483 1175 1572 g),
1208 1490 1429 1552 descendente
1462 1489 1494 1551 in
1522 1488 1693 1570 Aquiliolo
1713 1487 1753 1564 h),
1787 1497 1821 1549 et
1844 1508 1864 1549 a
1894 1486 2003 1548 fluvio

315 1579 418 1640 Triba
434 1597 537 1657 usque
553 1577 586 1639 in
602 1576 709 1639 Eliam
732 1587 765 1640 et
788 1598 848 1659 per
869 1577 1025 1659 paludem
1048 1599 1152 1659 usque
1176 1579 1207 1640 in
1232 1579 1376 1641 mediam
1400 1579 1535 1641 curbam
1559 1589 1592 1641 et
1619 1578 1702 1640 ultra
1730 1577 1866 1640 curbam
1890 1597 2003 1656 usque

315 1668 442 1729 Padum
473 1676 506 1729 et
537 1667 620 1729 ultra
649 1667 775 1729 Padum
806 1687 909 1747 usque
937 1666 979 1729 ad
1004 1667 1141 1731 Gazium
1172 1667 1321 1750 episcopi
1351 1679 1464 1755 sancte
1488 1667 1712 1732 Comaclensis
1736 1666 1883 1751 ecclesie,
1923 1665 2003 1726 inde

317 1777 419 1838 usque
444 1754 576 1819 fluvium
601 1758 655 1836 qui
671 1767 808 1818 vocatur
823 1756 906 1832 Cesi,
931 1757 972 1818 ab
991 1757 1055 1818 alio
1080 1757 1180 1819 latere
1196 1758 1297 1820 curba
1318 1756 1343 1838 i)
1361 1757 1564 1821 descendens
1581 1758 1613 1819 in
1639 1776 1776 1819 concam
1795 1754 1824 1832 1ί)
1841 1755 2003 1838 Agatule,

316 1858 350 1909 et
380 1865 439 1927 per
470 1845 576 1927 ipsam
607 1846 639 1907 in
667 1845 812 1909 Gaurum
829 1843 870 1929 l),
907 1866 926 1907 a
956 1848 1053 1909 tertio
1086 1846 1186 1909 latere
1217 1847 1319 1928 paluS,
1352 1867 1415 1933 que
1446 1848 1554 1928 pergit
1578 1848 1661 1909 inter
1688 1847 1793 1908 rivum
1816 1843 1946 1925 Angeli
1973 1853 2005 1904 et

317 1936 564 1998 Masinzaticam
588 1955 690 2016 usque
707 1935 943 2010 Monticellum‚
967 1945 999 1998 et
1014 1935 1219 1998 Vedetosam
1232 1938 1273 2018 111)
1297 1947 1478 1999 currentem
1503 1938 1535 1998 in
1552 1935 1686 2011 Padum,
1711 1956 1731 1997 a
1755 1943 1871 2016 quarto
1895 1932 2004 1996 latere

315 2024 495 2087 Vaculinus
526 2034 559 2086 et
578 2023 608 2098 11)
642 2023 735 2106 Ager
765 2025 868 2087 malus
908 2035 941 2087 et
974 2024 1061 2088 Calis
1093 2026 1134 2087 de
1169 2025 1346 2088 Vincareto
1386 2037 1546 2107 pergente
1587 2027 1619 2087 in
1654 2024 1840 2087 Laterclum
1859 2029 1900 2098 0).
1954 2023 2003 2084 In-

316 2134 414 2195 super
437 2113 647 2176 concedimus
679 2114 775 2177 vobis
798 2115 972 2196 piscariam
996 2116 1156 2196 integram
1179 2135 1243 2201 que
1267 2125 1404 2178 vocatur
1422 2115 1561 2190 Volane,
1586 2135 1661 2177 cum
1684 2115 1753 2177 rivo
1774 2113 1953 2175 Badaleno
1974 2115 2003 2188 P)

316 2214 350 2267 et
366 2202 534 2267 Gavalena
557 2205 689 2279 maiore,
714 2205 757 2266 ad
773 2205 880 2285 ipsam
903 2205 1077 2285 piscariam
1101 2205 1294 2286 pertinente,
1319 2225 1394 2268 cum
1410 2205 1596 2286 ponticellis
1613 2225 1655 2267 ex
1675 2203 1821 2284 utrisque
1836 2202 2003 2284 partibus,

316 2295 400 2357 sicut
431 2293 511 2355 olim
542 2294 703 2355 intravere
733 2294 766 2354 in
798 2313 903 2369 mare,
936 2294 1044 2356 eidem
1067 2293 1214 2356 similiter
1237 2296 1448 2376 pertinentes.
1496 2295 1569 2380 Hec
1590 2294 1743 2357 nimirum
1766 2294 1878 2355 omnia
1900 2291 2004 2354 vobis

316 2383 498 2463 vestrisque
529 2383 772 2446 successoribus
803 2382 956 2464 legitimis
987 2393 1020 2446 et
1051 2383 1211 2459 fratribus,
1248 2385 1398 2466 religiose
1420 2384 1622 2459 viventibus,
1658 2391 1818 2465 perpetuo
1841 2381 2004 2444 habenda

318 2473 537 2548 concedimus
562 2473 607 2534 ita
630 2493 717 2548 sane,
748 2482 784 2534 ut
808 2493 827 2534 a
848 2473 945 2535 vobis
968 2473 1103 2554 singulis
1127 2473 1387 2556 quibuscumque
1406 2473 1434 2554 q)
1466 2474 1559 2535 annis
1582 2473 1750 2555 pensionis
1774 2472 1909 2533 nomine
1936 2483 2004 2533 tres

317 2563 462 2644 argentei
483 2560 512 2644 r)
536 2560 641 2637 solidi,
665 2560 858 2625 difficultate
888 2563 1084 2643 postposita,
1113 2573 1225 2650 sancte
1249 2573 1359 2650 nostre
1381 2563 1533 2651 Romane
1557 2563 1692 2648 ecclesie
1715 2561 1901 2624 actionariis
1930 2581 2003 2641 per-

315 2653 492 2714 solvantur.
539 2650 664 2715 Crisma
696 2661 729 2714 et
758 2652 868 2714 oleum
898 2662 1048 2715 sanctum
1071 2673 1090 2714 a
1114 2651 1319 2715 Comaclensi
1352 2653 1520 2733 accipietis
1550 2653 1723 2734 episcop0,
1757 2653 1783 2714 si
1815 2650 2004 2712 catholicus

317 2741 421 2816 fuerit,
453 2751 485 2804 et
508 2741 578 2803 sine
602 2741 772 2822 pravitatis
796 2742 970 2804 exactione
992 2743 1094 2823 gratis
1116 2741 1213 2804 vobis
1238 2741 1315 2804 dare
1335 2746 1365 2820 5)
1390 2740 1537 2818 voluerit,
1562 2743 1611 2804 sin
1635 2751 1753 2817 autem,
1786 2760 1846 2821 pro
1871 2740 2004 2802 eisdem

316 2831 529 2894 sacramentis
561 2830 761 2911 accipiendis
794 2831 836 2892 ad
868 2851 1108 2912 quemcumque
1144 2831 1321 2893 malueritis
1357 2831 1555 2894 catholicum
1588 2832 1781 2912 episcopum
1816 2830 2003 2891 recurratis.

315 2921 587 2983 Benedictionem
612 2940 745 3002 quoque
769 2920 908 2996 abbatis,
940 2920 1177 2982 monachorum
1207 2931 1389 2983 vestrorum
1413 2921 1638 2982 ordinationes
1666 2930 1700 2982 et
1731 2919 2004 2982 consecrationes

316 3011 466 3072 altarium
499 3010 687 3072 monasterii
718 3011 817 3072 vestri
849 3020 882 3073 et
914 3030 1043 3085 eorum,
1075 3030 1139 3090 que
1169 3009 1201 3070 in
1232 3010 1422 3072 massacella
1442 3011 1472 3088 t)
1503 3010 1593 3073 lacus
1626 3009 1729 3072 sancti
1761 3017 1844 3083 sunt,
1876 3028 1895 3069 a
1932 3027 2003 3088 quo

314 3099 482 3162 volueritis
512 3098 675 3162 catholico
706 3099 866 3181 episcopo
897 3099 1069 3180 suscipere,
1101 3099 1266 3161 licentiam
1290 3098 1449 3176 habeatis,
1479 3100 1543 3181 qui,
1576 3099 1757 3185 apostolice
1787 3098 1873 3160 sedis
1897 3096 2003 3160 fultus

316 3190 518 3265 auctoritate,
543 3188 634 3269 quod
657 3189 849 3270 postulatur,
875 3189 1052 3269 indulgeat.
1099 3188 1254 3251 Mansuro
1275 3187 1302 3272 ὓ)
1328 3190 1427 3252 etiam
1452 3190 1585 3251 decreto
1609 3189 1797 3262 statuimus,
1830 3197 1865 3249 ut
1887 3207 2003 3267 neque

315 3289 359 3355 tu,
385 3278 504 3340 dilecte
527 3278 559 3340 in
577 3278 712 3340 domino
728 3277 773 3340 fili
798 3278 911 3354 abbas,
936 3298 1043 3360 neque
1060 3277 1176 3358 aliquis
1192 3299 1417 3340 successorum
1441 3288 1572 3341 tuomm
1594 3278 1637 3340 ad
1659 3277 1831 3340 cuiuslibet
1847 3276 2002 3357 episcopi

316 3368 469 3431 sinodum
492 3387 629 3449 pergere
653 3368 877 3449 compellatur,
911 3368 972 3429 nisi
997 3388 1016 3428 a
1039 3368 1192 3429 Romano
1225 3367 1382 3448 pontifice
1405 3368 1457 3430 vel
1481 3368 1590 3448 legato
1623 3367 1690 3429 eius
1715 3366 1809 3429 fuerit
1832 3366 2002 3428 invitatus.

315 3457 372 3520 Ad
396 3457 457 3544 hec
481 3456 659 3519 adicientes
684 3457 896 3530 decernimus,
921 3468 957 3518 ut
980 3457 1058 3518 nulli
1082 3456 1342 3538 archiepiscopo
1375 3457 1452 3519 nulli
1477 3457 1636 3538 episcopo
1661 3457 1765 3530 liceat,
1797 3455 2002 3517 monasterio

316 3557 425 3610 vestro
449 3566 627 3627 gravamen
652 3546 777 3623 inferre,
803 3547 919 3608 necin
944 3547 1025 3627 ipso,
1051 3556 1107 3607 aut
1130 3547 1198 3608 eius
1221 3546 1319 3608 rebus
1342 3557 1543 3627 potestatem
1566 3566 1726 3609 exercere.
1773 3545 1862 3606 Nulli
1886 3553 2003 3606 autern

316 3635 503 3699 mortalium
535 3635 672 3698 facultas
703 3636 759 3712 sit,
791 3645 902 3718 preter
932 3635 1063 3700 abbatis
1095 3645 1129 3697 et
1157 3633 1292 3697 fratrum
1323 3636 1510 3698 monasterii
1541 3635 1746 3698 voluntatem
1770 3635 1907 3696 colonos
1941 3653 2002 3696 seu

315 3725 462 3801 villanos,
496 3723 635 3787 famulos
658 3736 714 3787 aut
738 3724 882 3800 famulas,
916 3725 958 3786 ad
987 3725 1091 3805 ipsum
1122 3725 1356 3786 monasterium
1384 3725 1594 3805 pertinentes,
1627 3733 1683 3786 aut
1706 3724 1748 3786 de
1772 3722 1871 3799 cellis,
1901 3723 2001 3796 villis,

316 3815 428 3878 castris
451 3834 508 3876 seu
537 3813 690 3895 plebibus
723 3813 853 3877 sodmm
884 3824 1080 3894 extorquere
1104 3823 1160 3875 aut
1190 3814 1268 3876 alias
1292 3815 1481 3876 exactiones
1505 3813 1630 3889 inferre,
1662 3814 1721 3875 sed
1753 3832 1886 3893 semper
1906 3813 2002 3874 sedis

316 3903 499 3990 apostolice
530 3903 669 3966 tuitione
700 3903 876 3966 foveamini
908 3913 955 3978 et,
989 3903 1015 3964 si
1047 3923 1179 3965 necesse
1211 3903 1314 3978 fuerit,
1351 3903 1517 3966 audientia
1547 3902 1800 3977 conservemini,
1837 3900 1931 3964 salva
1967 3903 2001 3963 in

317 3994 470 4056 omnibus
493 3992 640 4054 eiusdem
669 3993 852 4080 apostolice
881 3993 968 4054 sedis
992 3994 1194 4054 auctoritate.
1241 3992 1275 4056 Si
1308 4012 1373 4072 qua
1404 3994 1502 4072 igitur
1534 3993 1567 4054 in
1598 3991 1740 4054 futurum
1772 3991 2001 4054 ecclesiastica

316 4083 509 4145 secularisve
525 4102 675 4163 persona,
699 4082 784 4144 hanc
804 4092 914 4168 nostre
939 4082 1180 4144 constitutionis
1204 4083 1361 4162 paginam
1384 4082 1498 4157 sciens,
1523 4091 1639 4144 contra
1655 4101 1728 4143 eam
1744 4091 1868 4144 temere
1883 4081 1999 4142 venire

315 4171 504 4246 tentaverit„
533 4172 679 4234 secundo
709 4173 848 4234 tertiove
880 4171 1091 4246 commonita,
1123 4172 1149 4232 si
1183 4191 1249 4232 non
1270 4169 1300 4252 v)
1325 4171 1548 4234 satisfactione
1581 4190 1727 4251 congrua
1760 4170 1998 4244 emendaverit,

315 4261 489 4342 potestatis
513 4259 714 4341 honorisque
737 4261 785 4322 sui
811 4260 970 4342 dignitate
993 4269 1103 4322 careat
1126 4279 1281 4340 reamque
1307 4280 1342 4321 se
1366 4261 1478 4322 divino
1502 4261 1623 4323 iudicio
1648 4261 1787 4322 existere
1811 4258 1853 4321 de
1877 4279 1997 4341 perpe·

315 4361 400 4414 trata
434 4350 606 4430 iniquitate
641 4360 838 4431 cognoscat,
883 4361 915 4413 et
950 4370 969 4410 a
1006 4349 1226 4412 sacratissimo
1261 4369 1400 4430 corpore
1435 4370 1473 4412 ac
1507 4351 1665 4431 sanguine
1701 4349 1753 4411 dei
1789 4358 1822 4411 et
1858 4349 1997 4422 domini,

316 4439 533 4521 redemptoris
556 4440 658 4501 nostri
682 4440 754 4502 Iesu
777 4439 905 4515 Christi,
939 4438 1044 4501 aliena
1069 4438 1134 4513 fiat,
1170 4449 1269 4519 atque
1293 4439 1325 4499 in
1353 4449 1502 4502 extremo
1526 4439 1679 4502 examine
1709 4439 1854 4524 districte
1879 4438 1997 4500 ultioni

315 4530 491 4592 subiaceat.
538 4527 671 4592 Cunctis
694 4538 813 4605 autem,
844 4529 952 4592 eidem
976 4529 1051 4590 loco
1076 4529 1159 4590 iusta
1171 4526 1208 4610 w)
1232 4528 1444 4606 servantibus,
1476 4530 1518 4592 sit
1545 4549 1613 4610 pax
1646 4527 1770 4591 domini
1795 4527 1898 4590 nostri
1922 4527 1997 4589 lesu

317 4617 444 4695 Christi,
481 4626 641 4699 quatenus
665 4617 773 4680 ethic
801 4619 940 4681 fructum
965 4617 1052 4705 bone
1082 4617 1220 4679 actionis
1249 4618 1433 4699 percipiant
1464 4628 1497 4680 et
1525 4618 1614 4699 apud
1646 4617 1827 4680 districtum
1853 4616 1997 4680 iudicem

316 4709 442 4796 premia
465 4717 575 4795 eterne
599 4709 690 4787 pacis
714 4709 889 4771 inveniant.
935 4706 1055 4769 Amen.
1101 4706 1220 4770 Amen.

529 4791 584 4879 (R)
608 4797 680 4878 Ego
706 4796 887 4860 Celestinus
911 4795 1072 4859 catholice
1096 4794 1232 4858 ecclesie
1257 4796 1433 4878 episcopus
1456 4817 1497 4858 ss
1523 4795 1594 4876 (M).

528 4881 549 4967 †
573 4885 646 4966 Ego
671 4885 841 4948 Conradus
864 4886 1055 4950 Sabinensis
1079 4886 1254 4966 episcopus
1274 4907 1314 4948 ss

528 4970 549 5056 †
572 4974 646 5056 Ego
668 4975 911 5038 Theodewinus
930 4979 957 5056 x)
980 4985 1093 5061 sancte
1116 4971 1205 5060 Silve
1229 4973 1378 5038 Candide
1402 4974 1577 5055 episcopus
1601 4993 1642 5035 ss

528 5059 549 5145 †
571 5063 645 5144 Ego
668 5063 841 5128 Albericus
865 5065 1050 5128 Hostiensis
1075 5064 1251 5145 episcopus
1275 5084 1315 5125 ss,

528 5148 548 5234 †
571 5153 645 5234 Ego
669 5153 829 5236 Georgius
852 5155 1014 5237 presbiter
1037 5153 1210 5216 cardinalis
1233 5153 1281 5215 tit.
1305 5151 1408 5214 sancti
1434 5152 1552 5216 Calixti
1576 5173 1618 5215 ss,

315 5307 516 5317 m.—
536 5313 688 5320 --..--.
701 5315 738 5321 -

474 5372 499 5437 a)
518 5371 579 5435 ipsis
599 5372 632 5420 II
699 5373 725 5439 b)
745 5376 823 5424 Falce
848 5375 903 5424 Vm.
978 5375 1001 5436 c)
1019 5389 1044 5422 so
1062 5374 1088 5422 in
1107 5373 1162 5421 Vcn.
1180 5373 1235 5420 und
1251 5373 1318 5420 Alex.
1340 5371 1397 5432 ΙΙΙ)
1416 5373 1566 5432 LaciscusL
1586 5372 1711 5421 Lacilicus
1730 5371 1761 5420 ΙΙ
1828 5370 1855 5435 d)
1878 5369 1998 5420 ConceI

313 5440 370 5488 und
386 5440 434 5489 ΙΙΙ
499 5444 524 5510 e)
543 5443 708 5494 Masinzarica
727 5446 760 5495 ΙΙ
827 5448 850 5513 f)
870 5461 952 5509 masse
977 5447 1031 5494 Vm.
1116 5449 1142 5508 g)
1162 5443 1281 5492 Laterulo
1301 5443 1335 5503 Il,
1357 5445 1404 5493 ΙΙΙ
1482 5445 1509 5510 h)
1529 5443 1703 5509 AquiliouoI
1788 5443 1812 5502 ἰ)
1831 5443 1998 5503 cursusI,II

314 5510 341 5576 k)
360 5511 470 5561 Cuncam
490 5514 510 5561 I
593 5516 613 5582 l)
633 5515 718 5566 Gauro
743 5517 800 5570 Ven.
892 5529 927 5582 m)
946 5517 1098 5566 Vedetulam
1118 5516 1138 5575 s,
1157 5515 1311 5564 Vedicosam
1335 5515 1391 5564 Vm.
1481 5520 1507 5581 n)
1528 5515 1664 5564 Vacolinus
1683 5522 1708 5564 et
1726 5530 1772 5580 per
1789 5513 1825 5574 II,
1846 5513 1992 5576 Vaculinus,

314 5585 383 5648 Ager
401 5583 518 5634 malusI
635 5587 664 5653 o)
684 5589 825 5639 Cantellum
850 5589 905 5637 Vera
1025 5596 1053 5653 p)
1072 5588 1203 5636 Badereno
1223 5586 1244 5646 J,
1269 5585 1395 5636 Baderino
1414 5587 1462 5635 III
1474 5589 1529 5636 und
1550 5588 1605 5637 Ven.
1725 5591 1752 5654 q)
1772 5587 1911 5651 quibusque
1936 5587 1991 5636 Vm.

314 5657 335 5718 r)
354 5671 380 5703 so
403 5655 458 5705 Vm.
480 5664 538 5706 stat!
560 5661 656 5723 argenti
735 5663 757 5721 s)
777 5661 862 5709 facere
886 5661 942 5709 Ven.
1021 5665 1040 5724 t)
1060 5658 1182 5718 massal,
1207 5659 1262 5710 Ven.
1335 5663 1361 5727 u)
1380 5666 1477 5708 maturo
1502 5659 1557 5709 Ven.
1631 5659 1658 5726 v)
1678 5659 1731 5708 sine
1804 5657 1837 5724 w)
1857 5657 1912 5706 iura
1936 5657 1994 5708 Vm.

312 5729 337 5792 x)
357 5727 518 5792 Theogninus
539 5729 560 5794 J,
579 5731 708 5781 Theofilus
727 5732 761 5792 ΙΙ,
781 5731 937 5796 Thioquinus
961 5731 1016 5780 Ven.
