4090 6358
339 307 380 378 82

339 502 547 566 advocatiam
569 503 672 565 sancti
688 501 832 565 Naboris
856 502 988 565 redacta
1011 512 1068 576 est,
1094 523 1158 584 que
1181 503 1293 565 omnia
1308 523 1368 585 per
1390 501 1536 564 eiusdem
1552 501 1788 583 archiepiscopi
1814 502 2011 564 sententiam

338 591 446 654 eidem
470 593 628 674 episcopo
652 591 839 654 adiudicata
861 601 944 653 sunt.
975 588 1034 653 Set
1050 611 1124 654 cum
1139 591 1324 654 huiusmodi
1349 593 1509 654 sententie
1533 591 1707 653 occasione
1728 591 1771 654 de
1787 592 1899 672 capite
1914 591 2011 664 curie,

340 681 486 743 districto
510 691 542 743 et
565 680 690 743 honore
714 681 755 742 de
778 681 919 743 Plazano
942 681 1105 744 sententia
1128 681 1277 762 nequiter
1299 683 1421 762 scripta
1450 690 1543 756 esset,
1574 688 1606 741 et
1638 700 1735 742 causa
1766 681 1840 761 ipsa
1869 680 1912 741 ad
1942 699 2013 760 pre·

339 770 518 832 decessoris
548 770 659 845 nostri,
689 768 790 832 felicis
814 771 971 833 memorie
1003 790 1091 850 pape
1121 771 1222 846 Lucii,
1254 771 1411 833 noticiam
1440 769 1657 851 pervenisset,
1691 770 1890 832 sententiam
1922 767 2010 830 illam

337 860 502 940 scriptam,
526 859 672 921 eiusdem
688 856 925 941 archiepiscopi
950 859 1139 922 testimonio
1156 859 1268 922 fraude
1288 857 1317 941 ²)
1334 869 1366 921 et
1383 859 1461 920 dolo
1477 859 1642 940 scriptoris
1667 856 1795 932 iactam,
1819 859 2012 938 recognovit

338 959 437 1028 atque
458 948 568 1028 scripti
592 949 639 1010 sui
664 949 856 1010 auctoritate
879 949 1035 1030 precepit,
1060 958 1095 1010 ut
1110 949 1272 1011 sententia
1296 948 1337 1011 de
1353 961 1402 1010 V11
1426 948 1549 1028 campis
1567 947 1608 1009 de
1623 960 1672 1008 Vll
1689 946 1904 1010 sediminibus
1921 956 1957 1008 et
1973 946 2011 1007 de

338 1037 524 1112 advocacia,
548 1035 590 1098 ab
615 1035 734 1099 eodem
757 1038 1005 1119 archiepiscopo
1030 1037 1116 1112 data,
1140 1047 1317 1111 teneretur;
1348 1047 1456 1099 cetera
1480 1057 1567 1112 ver0,
1591 1035 1767 1117 dequibus
1789 1037 1919 1117 questio
1938 1055 2010 1115 age

338 1125 440 1200 batur,
466 1127 498 1186 in
514 1127 678 1206 presentia
692 1125 887 1189 venerabilis
903 1124 1008 1188 fratris
1025 1127 1127 1189 nostri
1142 1126 1334 1205 Llitefredi),
1358 1126 1568 1189 Novariensis
1589 1125 1736 1206 episcopi
1756 1126 1789 1200 ¹),
1814 1123 1880 1186 fine
1895 1125 2010 1186 debito

338 1216 594 1276 terminarentur.
642 1213 702 1278 Set
717 1215 793 1296 quia
808 1216 840 1276 in
864 1214 1009 1277 eiusdem
1032 1215 1179 1297 episcopi
1204 1216 1367 1297 presentia
1390 1235 1487 1278 causa
1507 1215 1578 1296 ipsa
1608 1215 1771 1276 terminari
1796 1233 1863 1276 non
1893 1214 2011 1293 potuit,

339 1303 381 1364 ab
405 1303 524 1365 eodem
548 1304 706 1385 episcopo
731 1304 773 1365 ad
789 1304 906 1384 prefati
924 1304 1164 1386 predecessoris
1180 1306 1281 1367 nostri
1297 1305 1495 1386 presentiam
1512 1303 1689 1385 apellatum
1705 1311 1762 1378 est,
1787 1323 1853 1384 quo
1871 1303 2010 1374 interim,

338 1393 421 1454 sicut
445 1392 579 1454 domino
603 1392 734 1474 placuit,
758 1394 846 1455 viam
869 1393 1016 1456 universe
1039 1395 1143 1456 camis
1168 1395 1321 1475 ingresso,
1345 1401 1468 1456 statuto
1492 1393 1641 1466 termin0,
1670 1402 1783 1454 nostro
1808 1391 2010 1472 conspectui,

339 1482 402 1562 qui,
426 1481 503 1544 licet
524 1481 662 1563 indigni,
686 1481 747 1561 ipsi
771 1483 992 1557 successimus,
1016 1503 1076 1545 vos
1099 1485 1319 1564 presentastis.
1364 1483 1439 1564 lpse
1454 1502 1531 1544 vero
1555 1482 1729 1563 episcopus
1753 1501 1813 1543 nec
1836 1482 1928 1542 venit
1953 1500 2012 1542 nec

339 1571 427 1632 misit
461 1589 522 1632 nec
558 1570 701 1651 aliquam
733 1572 978 1635 excusationem
1008 1572 1183 1653 pretendit.
1229 1572 1328 1636 Unde
1360 1592 1421 1633 nos
1451 1572 1558 1653 ipsum
1589 1572 1705 1633 iterato
1736 1570 1779 1632 ad
1810 1570 2010 1650 presentiam

338 1669 483 1721 nostram
506 1661 722 1736 evocavimus,
746 1669 796 1723 set
819 1680 879 1722 nec
895 1661 984 1722 venit
1007 1681 1068 1723 nec
1090 1681 1125 1723 se
1141 1662 1298 1724 canonice
1319 1661 1494 1723 excusavit.
1535 1659 1617 1723 Cum
1634 1661 1743 1740 itaque
1759 1660 1860 1721 tercio
1877 1679 1896 1720 a
1912 1657 2011 1720 nobis

338 1759 473 1810 vocatus
497 1767 558 1810 nec
586 1749 729 1812 venisset
751 1769 810 1811 nec
838 1770 872 1812 se
896 1751 1054 1812 canonice
1078 1761 1288 1824 excussasset,
1312 1771 1372 1831 pro
1397 1757 1588 1830 contemptu
1612 1758 1645 1811 et
1661 1748 1885 1810 inobedientia
1901 1747 2011 1827 ipsum

339 1837 381 1900 ab
405 1836 510 1899 offitio
527 1837 707 1919 episcopali
722 1838 959 1919 suspendimus.
1005 1840 1156 1901 Tandem
1171 1860 1249 1902 vero
1264 1860 1323 1902 sua
1346 1849 1378 1901 et
1402 1839 1590 1901 clericorum
1613 1858 1745 1900 suorum
1768 1836 1898 1898 malicia
1921 1836 2011 1897 solus

338 1927 436 2000 venit,
467 1936 517 1988 set
538 1947 636 2008 super
663 1927 779 1989 eadem
809 1928 1029 1990 controversia
1061 1949 1120 1991 nec
1142 1948 1239 2010 agere
1261 1949 1322 1990 nec
1346 1928 1544 2009 respondere
1568 1927 1682 1989 ordine
1705 1926 1872 1988 iudiciario
1895 1924 2010 1996 voluit,

339 2025 371 2077 et
395 2015 470 2077 licet
493 2035 553 2078 nos
577 2036 637 2097 pro
661 2027 729 2078 tam
761 2016 934 2080 manifesta
965 2018 1110 2098 nequitia
1139 2036 1272 2099 gravem
1305 2018 1337 2079 in
1368 2037 1443 2079 eum
1475 2037 1517 2078 ex
1546 2017 1652 2097 rigore
1683 2015 1806 2078 iusticie
1836 2033 2010 2096 possemus

338 2104 511 2185 protulisse
535 2105 738 2180 sententiam,
763 2126 805 2169 ex
828 2107 1077 2168 mansuetudine
1092 2117 1202 2169 tamen
1218 2107 1305 2169 sedis
1321 2106 1502 2189 apostolice
1518 2106 1625 2186 ipsum
1641 2115 1718 2166 tunc
1734 2104 2009 2185 supportavimus

338 2194 412 2254 viva
435 2194 532 2275 igitur
552 2213 635 2256 voce
658 2195 885 2276 precipientes,
908 2205 943 2257 ut
966 2196 998 2257 in
1022 2195 1196 2258 festivitate
1219 2196 1366 2257 omnium
1389 2204 1585 2270 sanctorum,
1609 2203 1686 2256 tunc
1707 2193 1897 2267 imminenti,
1922 2211 2010 2254 nunc

338 2302 415 2344 vero
438 2283 593 2363 preterita
614 2303 712 2364 super
734 2283 850 2346 eadem
873 2285 1104 2364 controversia,
1128 2304 1192 2365 que
1220 2286 1304 2347 inter
1325 2305 1385 2347 vos
1408 2295 1441 2346 et
1464 2285 1570 2365 ipsum
1595 2284 1708 2364 agitur,
1732 2293 1864 2365 paratus
1888 2282 2009 2363 agendi

339 2381 372 2433 et
396 2371 616 2452 respondendi
641 2381 753 2435 nostro
777 2392 812 2434 se
835 2375 1026 2454 conspectui
1050 2383 1260 2454 presentaret,
1292 2382 1334 2449 et,
1363 2373 1389 2436 si
1421 2380 1499 2434 tunc
1523 2393 1589 2434 non
1612 2373 1744 2447 veniret,
1774 2390 1892 2433 vocem
1914 2392 2009 2434 suam

338 2461 370 2522 in
394 2481 492 2523 causa
514 2461 575 2522 ista
597 2459 729 2523 ulterius
759 2480 825 2524 non
850 2463 1094 2524 admitteremus
1126 2473 1160 2526 et
1185 2484 1244 2526 vos
1275 2463 1316 2526 ab
1341 2462 1551 2544 impeticione
1575 2482 1632 2524 sua
1654 2481 1751 2542 super
1781 2460 1845 2523 hoc
1869 2461 2008 2522 omnino

338 2549 589 2613 absolveremus.
635 2549 765 2614 Statuto
797 2571 874 2613 vero
906 2552 1054 2626 termin0,
1085 2562 1118 2615 et
1149 2560 1225 2633 post
1255 2553 1430 2614 terminum
1453 2563 1527 2614 xxv
1559 2551 1673 2614 diebus
1704 2561 1737 2612 et
1765 2549 1913 2630 amplius,
1950 2571 2008 2612 nec

338 2641 408 2720 ipse
432 2659 492 2701 nec
516 2638 631 2720 aliquis
655 2660 714 2720 pro
736 2640 901 2702 Laudensi
929 2641 1066 2703 ecclesia
1092 2642 1181 2703 venit
1211 2661 1271 2704 nec
1299 2641 1441 2722 aliquam
1473 2640 1718 2702 excusationem
1748 2639 1923 2720 pretendit,
1960 2649 2008 2702 set

338 2749 373 2790 se
389 2728 550 2790 malitiose
566 2737 598 2789 et
614 2729 850 2792 contumaciter
865 2729 1056 2791 absentavit.
1087 2727 1158 2792 Nos
1175 2731 1284 2811 itaque
1301 2731 1540 2792 contumaciam
1557 2749 1648 2792 suam
1665 2729 1858 2809 impunitam
1875 2728 2009 2791 ulten'us

337 2837 404 2878 non
428 2816 590 2892 ferrenteS,
615 2817 856 2880 communicato
880 2817 1013 2880 fratrum
1036 2828 1223 2882 nostrorum
1246 2819 1390 2894 consili0,
1416 2819 1458 2882 ab
1475 2819 1680 2901 impetitione
1696 2817 1842 2880 eiusdem
1858 2818 2007 2899 episcopi

337 2913 370 2968 et
393 2907 539 2968 omnium
562 2905 751 2968 clericorum
774 2927 913 2982 suorum,
939 2907 992 2988 qui
1010 2927 1095 2970 nunc
1119 2910 1152 2970 in
1168 2909 1285 2970 eadem
1301 2908 1438 2970 ecclesia
1462 2907 1602 2970 ordinati
1618 2917 1700 2982 sunt,
1724 2926 1823 2987 super
1843 2908 2007 2981 omnibus,

338 2995 380 3057 ad
396 2995 518 3057 curiam
536 2994 577 3056 de
592 2995 732 3057 Plazano
748 2995 995 3076 pertinentibus
1019 2997 1106 3059 unde
1122 2998 1344 3060 controversia
1359 2999 1482 3078 agitata
1497 3007 1554 3072 est,
1579 2997 1713 3059 omnino
1729 3017 1789 3058 vos
1806 2995 2007 3058 absolvimus

290 3091 293 3100 '
339 3085 450 3165 eisque
474 3092 668 3166 perpetuum
691 3084 854 3146 silentium
878 3085 1101 3167 imposuimus.
1124 3121 1163 3130 —
1191 3088 1268 3149 Dat.
1291 3083 1428 3162 Viterbi,
1452 3101 1502 3146 1111
1525 3087 1578 3149 Kl.
1603 3085 1805 3148 Decembris.

499 3197 574 3262 Kopie
590 3197 630 3248 des
648 3202 681 3248 14
703 3197 803 3264 Jahrb,
822 3198 855 3248 im
875 3198 988 3248 Archrbio
1006 3200 1033 3248 di
1049 3200 1116 3250 State
1132 3217 1162 3249 zu
1180 3199 1304 3250 Mailand.

1089 3483 1156 3558 Nr.
1187 3487 1248 3558 81.
1279 3571 1282 3576 ¹

339 3615 452 3698 Eugen
477 3615 542 3678 III
560 3611 677 3678 nz'mrnt
706 3614 760 3677 die
788 3611 1061 3698 Kollegiatkirclre
1090 3635 1150 3678 von
1190 3615 1364 3697 Wndberg
1383 3615 1443 3698 (D.
1470 3615 1697 3702 Regensburg)
1723 3616 1756 3679 in
1778 3616 2006 3700 apostolischcn

638 3701 756 3766 Schola
771 3704 840 3767 und
856 3703 1007 3786 bestatigt
1028 3705 1098 3767 ihre
1121 3705 1357 3768 Besitztlzrimer
1378 3704 1447 3767 und
1470 3703 1704 3768 Gereclztsame.
1846 3727 1849 3732 ·

914 3822 997 3883 1146
1011 3819 1187 3884 December
1199 3822 1255 3882 23.
1302 3818 1433 3883 Viterbo.

497 3935 663 4017 Eugenius
693 3935 876 4016 episcopus,
909 3957 1019 4000 servus
1050 3957 1216 4000 servorum
1248 3937 1308 4012 dei,
1343 3937 1470 3999 dilectis
1499 3935 1573 3998 filiis
1596 3936 1804 4014 Gebehard0,
1836 3941 2004 4020 preposito

339 4027 475 4114 ecclesie
508 4027 549 4088 de
582 4023 806 4105 Winihtberg,
846 4026 980 4106 eiusque
1011 4025 1176 4102 iratribus,
1208 4035 1275 4088 tam
1306 4026 1512 4107 presentibus
1543 4046 1642 4106 quam
1673 4025 1793 4102 futuris,
1826 4029 2005 4109 regularem

338 4117 439 4178 vitam
463 4113 618 4197 professis
637 4125 675 4174 IN
691 4123 768 4172 ΡΡΜ.
785 4146 828 4157 -
848 4108 852 4196 Ι
873 4115 1080 4177 Desiderium
1104 4115 1195 4195 quod
1211 4111 1236 4197 ²)
1261 4162 1424 4177 ......
1448 4116 1622 4177 inveniant.
1667 4114 1744 4177 Am.
1768 4116 1845 4179 Am.
1869 4119 1947 4179 Am.
1966 4152 2005 4162 -

551 4203 607 4280 (R)
631 4201 704 4281 Ego
727 4202 893 4282 Eugenius
916 4203 1074 4290 catholice
1098 4204 1234 4290 ecclesie
1258 4204 1432 4285 episcopus
1455 4225 1496 4267 ss.
1520 4203 1582 4283 (M)

551 4287 572 4373 †
595 4290 668 4370 Ego
691 4289 932 4354 Theodewinus
955 4302 1066 4354 sancte
1088 4291 1243 4379 Ruphine
1267 4293 1442 4374 episcopus
1464 4315 1506 4355 ss.
1531 4293 1577 4374 (1)

551 4375 571 4460 †
594 4379 668 4459 Ego
691 4377 815 4442 Imarus
837 4380 1039 4443 Tusculanus
1063 4383 1237 4464 episcopus
1260 4403 1300 4444 ss
1324 4378 1370 4466 (4)

549 4503 594 4512 -
617 4464 638 4547 †
660 4467 733 4548 Ego
758 4467 827 4531 GG.
852 4468 1058 4551 [Gregorius]
1082 4471 1243 4552 presbiter
1265 4471 1437 4534 cardinalis
1460 4470 1543 4533 tituli
1567 4467 1692 4533 Kalixti
1716 4491 1757 4534 ss.

551 4552 571 4637 †
594 4556 667 4637 Ego
692 4557 792 4618 Wido
816 4558 977 4638 presbiter
998 4560 1169 4622 cardinalis
1193 4561 1275 4622 tituli
1299 4561 1403 4622 sancti
1427 4559 1598 4641 Crisogoni
1622 4576 1662 4622 ss,

550 4643 570 4726 †
594 4644 667 4725 Ego
691 4645 863 4708 Vubaldus
886 4648 1047 4729 presbiter
1068 4649 1245 4711 kardinalis
1269 4651 1315 4712 tit.
1339 4648 1493 4712 Iohannis
1516 4659 1549 4711 et
1570 4648 1658 4710 Pauli
1684 4669 1724 4710 ss.
1750 4647 1801 4730 (1)

550 4731 571 4814 †
592 4734 666 4815 Ego
690 4733 862 4798 Aribertus
885 4737 1046 4817 presbiter
1069 4738 1240 4801 cardinalis
1264 4737 1345 4801 tituli
1370 4747 1482 4800 sancte
1505 4737 1680 4799 Anastasie
1703 4759 1743 4799 ss.

550 4818 570 4903 †
593 4823 666 4903 Ego
690 4822 787 4885 Iulius
811 4825 973 4905 presbiter
994 4827 1170 4890 kardinalis
1194 4828 1240 4890 tit.
1264 4828 1367 4890 sancti
1392 4827 1536 4890 Marcelli
1560 4847 1600 4888 33.
1625 4825 1638 4904 (
1645 4826 1672 4906 1)

549 4947 594 4956 -
616 4909 636 4992 †
660 4910 733 4992 Ego
757 4913 858 4976 Oddo
883 4914 1040 4978 diaconus
1062 4917 1238 4979 kardinalis
1262 4917 1365 4980 sancti
1388 4916 1520 4997 Georgii
1546 4915 1588 4977 ad
1604 4912 1724 4978 Velum
1746 4936 1879 4979 aureum
1903 4939 1943 4980 ss.
1959 4921 2001 4996 (1)

549 4997 570 5080 †
593 5000 666 5081 Ego
690 5000 799 5064 Guido
823 5002 855 5063 in
878 5004 1030 5066 Romana
1054 5003 1191 5068 ecclesia
1214 5006 1322 5068 altaris
1346 5006 1492 5067 minister
1514 5005 1666 5086 indignus
1689 5025 1730 5066 ss.
1754 5005 1802 5088 (1)

549 5085 569 5169 †
593 5087 666 5170 Ego
690 5088 851 5153 lohannes
874 5092 1030 5156 diaconus
1053 5095 1226 5158 cardinalis
1249 5105 1361 5158 sancte
1385 5095 1487 5157 Marie
1511 5094 1606 5155 Nove
1629 5115 1670 5156 ss.
1695 5091 1742 5173 (1)

549 5174 569 5258 †
593 5179 666 5259 Ego
691 5178 799 5242 Guido
823 5180 980 5243 diaconus
1004 5183 1179 5246 kardinalis
1202 5194 1314 5270 sancte
1339 5184 1441 5268 Mariq
1465 5184 1496 5245 in
1520 5182 1649 5245 Porticu
1671 5203 1712 5245 ss.
1737 5183 1783 5261 (1)

451 5261 457 5272 '
496 5265 572 5328 Dat.
596 5267 732 5340 Viterbi,
757 5289 816 5349 per
838 5289 970 5332 manum
995 5272 1164 5348 Guidonis,
1192 5283 1303 5358 sancte
1325 5274 1476 5359 Romane
1507 5272 1642 5358 ecclesie
1674 5273 1803 5334 diaconi
1833 5271 2000 5335 cardinalis

336 5361 369 5414 et
392 5353 584 5418 cancellarii.
631 5369 654 5416 x
678 5356 730 5418 Kl.
754 5358 820 5420 lan.
867 5359 1049 5424 Indictione
1072 5376 1104 5424 x.
1150 5362 1385 5424 lncamationis
1409 5361 1573 5449 dominice
1596 5381 1683 5423 anno
1706 5373 1852 5424 MCXLVI.
1898 5361 1998 5424 Ponti-

335 5440 450 5504 ficatus
473 5464 551 5506 vero
577 5445 690 5507 domni
714 5447 855 5527 EUgenii
879 5463 917 5508 111
939 5469 996 5530 pp.
1021 5471 1107 5514 anno
1131 5451 1286 5515 secundo.
1311 5486 1354 5496 -

335 5554 619 5567 —n—Q*
639 5561 758 5567 ,.,---,.

494 5621 520 5683 3)
539 5619 652 5679 fraudum
679 5620 795 5670 vielleickt
817 5623 879 5671 auch
897 5623 1024 5676 fraudibus
1042 5643 1071 5674 au
1089 5628 1158 5676 lesen.
1178 5665 1228 5671 -
1252 5629 1287 5689 Ji
1306 5627 1453 5692 Lilisredru,
1483 5627 1586 5691 Bisthos
1607 5643 1654 5675 mm
1681 5625 1795 5685 llhvara,
1827 5628 1998 5678 rma-1151.

336 5689 362 5755 2)
387 5689 463 5754 lscrgl.
487 5689 566 5756 Jaffe',
586 5693 643 5756 Reg.
664 5694 732 5742 6269
751 5694 806 5742 und
820 5693 907 5758 Migne
926 5695 994 5745 Patr.
1017 5700 1068 5747 180
1081 5706 1107 5761 p.
1130 5699 1204 5748 1168.
