4142 6366
339 313 403 381 228

1078 507 1145 583 Nu.
1173 507 1261 582 226.

338 637 521 704 Alexander
541 639 606 704 III
621 639 823 704 beurkuuu'et
842 638 915 702 dem
939 637 1151 722 Erubisclrofe
1176 641 1297 720 Alfuuo
1322 659 1383 702 uon
1413 635 1535 720 Capua,
1559 633 1622 697 wie
1644 651 1683 694 er
1706 650 1740 692 ur
1761 627 1865 728 eineur
1889 621 2025 726 Sireitu

337 728 495 794 zuuisclzeu
518 729 585 792 ium
601 729 674 794 und
689 728 763 792 dem
787 725 917 792 Kloster
936 727 1037 792 santa
1053 730 1167 794 Maria
1189 731 1228 793 di
1247 727 1358 812 Capua
1381 746 1491 807 turgeu
1513 723 1624 788 dassen
1647 715 1935 800 Uuublzdngrgkut
1959 714 2024 777 dre

338 816 538 900 Prrur'legieu
561 817 621 883 der
642 819 760 904 Pc'z'pste
781 816 964 884 Zacharias
985 817 1054 882 und
1067 820 1147 883 Leos
1163 819 1222 883 IX
1227 820 1292 900 fiir
1298 815 1464 900 geffilsclzt
1483 813 1609 878 erkllirc
1624 809 1692 875 und
1710 808 1771 874 das
1789 804 1921 871 Kloster
1936 803 2021 868 dem

943 907 1153 987 Erzbz'sclzofe
1168 907 1347 972 unterstelle
1366 909 1403 990 ¹).

941 1027 1023 1088 1171
1042 1025 1129 1100 Juni
1142 1025 1192 1088 19.
1230 1021 1407 1087 Tusculum.

497 1139 690 1204 Alexander
713 1141 897 1224 episcopus,
927 1162 1037 1205 servus
1061 1161 1228 1205 servorum
1252 1140 1312 1214 dei,
1340 1136 1515 1202 venerabili
1538 1135 1627 1198 fratri
1650 1130 1816 1212 Alphano,
1847 1127 2019 1211 Capuano

337 1229 593 1312 archiepiscopo,
616 1231 752 1293 salutem
776 1238 810 1293 et
832 1231 1046 1312 apostolicam
1068 1231 1339 1294 benedictionem.
1379 1226 1488 1290 Officii
1511 1225 1613 1287 nostri
1634 1222 1747 1285 debito
1764 1229 1798 1282 et
1812 1219 2020 1282 auctoritate

338 1319 573 1400 compellimur,
605 1326 640 1381 ut
669 1321 915 1396 controversias,
947 1341 1031 1401 quae
1054 1322 1097 1383 ad
1121 1321 1323 1402 apostolicae
1353 1318 1441 1380 sedis
1474 1314 1681 1397 perferuntur
1712 1329 1859 1381 examen,
1890 1316 2019 1371 exacta

337 1408 507 1490 diligentia
538 1416 571 1470 et
599 1410 706 1471 studio
737 1409 916 1472 debeamus
948 1409 1057 1472 audire
1089 1417 1130 1483 et,
1162 1429 1247 1491 quae
1279 1408 1367 1490 apud
1400 1425 1471 1470 eam
1502 1405 1614 1465 decisa
1637 1401 1755 1463 suerint
1778 1408 1811 1461 et
1844 1397 1907 1461 fine
1931 1418 2018 1459 con·

337 1518 418 1580 gruo
449 1501 636 1573 terminata,
668 1517 708 1560 ne
739 1500 771 1560 in
803 1499 990 1581 scrupulum
1022 1501 1185 1562 recidivae
1216 1497 1433 1562 contentionis
1461 1495 1591 1556 valeant
1620 1491 1783 1565 devenire,
1813 1487 2018 1570 apostolicis

337 1589 466 1669 scriptis
489 1589 643 1649 convenit
665 1588 824 1650 adnotari.
863 1587 919 1650 Ad
942 1588 1007 1652 hoc
1031 1589 1116 1652 enim
1136 1586 1346 1652 ecclesiarum
1366 1585 1510 1648 omnium
1534 1589 1671 1644 matrem
1694 1587 1794 1657 atque
1816 1577 2017 1656 magistram

337 1685 576 1739 sacrosanctam
600 1677 781 1739 Romanam
806 1677 977 1740 ecclesiam
1002 1678 1207 1760 providentia
1230 1679 1338 1739 divina
1360 1675 1537 1747 constituit,
1560 1679 1595 1733 ut
1618 1667 1811 1750 multiplices
1835 1673 1869 1728 et
1890 1685 2017 1747 graves

338 1767 546 1846 quaestiones
573 1765 735 1847 explicare
765 1766 885 1828 debeat
915 1775 956 1842 et,
988 1787 1072 1847 quae
1095 1768 1264 1830 dubietate
1287 1765 1394 1847 aliqua
1418 1764 1611 1834 detinentur,
1643 1759 1752 1822 iudicii
1775 1759 1824 1818 sui
1848 1756 2019 1829 examine,

336 1863 466 1917 servato
490 1857 597 1936 rigore
628 1855 778 1928 iustitiae,
811 1855 961 1918 diffinire.
1009 1856 1091 1920 Cum
1122 1865 1158 1919 tu
1182 1857 1344 1938 siquidem
1376 1861 1409 1916 et
1431 1852 1553 1915 dilecta
1581 1851 1613 1911 in
1637 1847 1767 1911 Christo
1798 1843 1862 1908 filia
1894 1853 2017 1907 nostra

337 1944 471 2018 Mathia,
495 1943 662 2006 abbatissa
686 1954 818 2007 sanctae
835 1943 957 2007 Mariae
974 1944 1157 2028 Capuanae,
1183 1967 1243 2027 pro
1267 1965 1372 2016 causa,
1397 1963 1481 2024 quae
1504 1943 1588 2003 inter
1610 1945 1643 2001 te
1666 1944 1700 2000 et
1722 1955 1796 1998 eam
1818 1934 2018 1997 vertebatur

337 2053 435 2114 super
456 2033 669 2107 subiectione,
693 2052 792 2113 quam
816 2035 848 2096 in
873 2035 990 2097 eodem
1016 2036 1214 2097 monasterio
1239 2033 1432 2116 requirebas,
1461 2039 1494 2092 et
1516 2029 1664 2092 libertate
1688 2027 1817 2108 pariter,
1850 2026 1882 2086 in
1905 2043 2016 2105 quam

337 2123 453 2184 eadem
478 2121 641 2184 abbatissa
664 2123 899 2204 proclamabat,
923 2126 953 2187 in
978 2132 1089 2186 nostra
1112 2126 1226 2186 essetis
1250 2124 1432 2205 praesentia
1456 2118 1628 2191 constituti,
1652 2115 1819 2178 iamdicta
1839 2112 2015 2176 abbatissa

337 2212 505 2292 privilegia
528 2214 711 2293 principum
736 2220 770 2273 et
792 2213 886 2274 trium
912 2214 1201 2294 praedecessorum
1226 2219 1420 2286 nostrorum,
1454 2207 1630 2272 Zachariae
1643 2203 1802 2277 videlicet,
1826 2203 1952 2265 Leonis
1977 2209 2016 2264 et

337 2298 490 2375 Adriani,
522 2301 745 2363 Romanorum
778 2301 983 2384 pontificum,
1023 2321 1132 2364 coram
1165 2303 1261 2365 nobis
1296 2303 1327 2364 in
1358 2301 1502 2362 medium
1534 2295 1669 2378 protulit
1699 2291 2015 2372 multitudinemque

335 2390 466 2452 testium
489 2391 532 2451 ad
555 2390 795 2454 defendendam
820 2399 853 2453 et
876 2391 1173 2466 demonstrandam,
1198 2394 1229 2452 in
1254 2410 1352 2471 quam
1374 2387 1609 2470 proclamabat,
1632 2384 1814 2447 libertatem
1839 2381 2013 2464 produxit

336 2478 387 2540 Tu
411 2498 489 2541 vero
512 2499 531 2541 e
554 2488 669 2542 contra
696 2481 905 2562 proposuisti,
933 2480 1022 2560 quod
1047 2501 1121 2544 cum
1146 2481 1229 2544 inira
1252 2480 1332 2543 fines
1356 2487 1431 2542 tuae
1454 2477 1625 2548 dioecesis,
1656 2475 1757 2536 immo
1781 2474 1871 2534 iuxta
1895 2490 2014 2532 muros

336 2576 411 2632 tuae
435 2569 572 2631 civitatis
595 2569 681 2631 idem
705 2569 746 2631 sit
770 2571 998 2632 monasterium
1023 2569 1204 2646 fundatum,
1227 2571 1295 2632 iure
1319 2568 1484 2632 communi
1508 2566 1549 2628 ad
1574 2563 1746 2628 ecclesiam
1769 2571 1858 2624 tuam
1883 2559 2014 2622 debeat

336 2659 507 2739 pertinere,
532 2665 565 2720 et
587 2676 685 2740 super
707 2657 772 2721 hoc
795 2657 970 2722 multorum
995 2669 1028 2721 te
1044 2679 1205 2722 canonum
1223 2659 1416 2722 auctoritate
1432 2656 1550 2719 fretum
1567 2654 1687 2728 dixisti,
1712 2651 1830 2732 quibus
1847 2669 2011 2731 expresse

336 2755 544 2822 monstratur,
567 2748 657 2826 quod
683 2751 880 2811 monasteria
903 2757 936 2811 et
964 2749 1120 2812 ecclesiae
1144 2750 1187 2812 ad
1211 2751 1389 2830 episcopos
1412 2746 1592 2828 pertinent,
1622 2743 1654 2804 in
1677 2761 1816 2822 quorum
1838 2739 2009 2801 territorio

335 2835 470 2900 fundata
493 2844 679 2898 noscuntur.
726 2835 884 2919 Allegasti
917 2838 1022 2910 etiam,
1054 2839 1144 2920 quod
1167 2859 1187 2900 a
1209 2839 1381 2919 sexaginta
1403 2836 1494 2898 annis
1517 2841 1604 2896 retro
1628 2832 1766 2894 ecclesia
1796 2838 1853 2892 tua
1882 2836 1916 2890 et
1949 2826 2008 2904 hii,

335 2926 391 3004 qui
418 2933 451 2987 te
481 2926 513 2987 in
543 2925 840 3007 archiepiscopatus
870 2927 1029 3009 dignitate
1059 2936 1322 3008 praecesserunt,
1356 2925 1597 3008 possessionem
1629 2921 1773 2983 eiusdem
1806 2918 2008 2990 monasterii,

335 3013 580 3076 benedictiones
609 3014 845 3078 abbatissarum
875 3025 908 3078 et
939 3017 1128 3080 monialium
1159 3025 1192 3080 et
1223 3015 1457 3079 celebrationes
1487 3015 1658 3076 missarum
1681 3007 1893 3092 publicarum,
1925 3004 2008 3068 obe·

335 3103 491 3165 dientiam
523 3111 556 3165 et
586 3103 775 3168 fidelitatem
813 3124 851 3167 ac
890 3107 1138 3187 suspensionem
1171 3105 1360 3169 clericorum
1400 3103 1544 3168 eiusdem
1582 3097 1769 3163 monasterii
1805 3095 2006 3159 habuissent.

335 3189 485 3272 Quatuor
507 3211 639 3273 quoque
661 3201 762 3256 testes
792 3192 998 3257 nihilominus
1029 3196 1223 3276 produxisti,
1253 3204 1319 3258 tres
1351 3212 1484 3274 quoque
1514 3192 1608 3254 iurati
1639 3191 1878 3271 deposuerunt,
1911 3185 2005 3264 quod

334 3281 426 3344 Atha
441 3281 613 3356 abbatissa,
629 3301 712 3356 cum,
729 3291 864 3346 vacante
880 3285 1017 3347 ecclesia
1034 3284 1196 3366 Capuana,
1220 3305 1239 3346 a
1254 3284 1412 3358 Roberto,
1432 3283 1598 3362 quondam
1615 3277 1777 3343 Suessano
1794 3279 1955 3359 episcopo
1969 3273 2006 3360 ²),

335 3371 481 3433 eiusdem
506 3370 662 3434 ecclesiae
685 3371 897 3453 suffraganeo,
920 3373 1094 3436 benedicta
1109 3374 1230 3448 fuisset,
1253 3374 1294 3436 ad
1318 3371 1560 3454 suggestionem
1578 3371 1809 3433 canonicorum
1826 3365 2006 3447 Capuanae

335 3459 490 3522 ecclesiae
522 3460 563 3522 ab
595 3461 713 3523 eodem
745 3463 903 3544 episcopo
936 3465 1091 3542 requisita
1121 3464 1164 3526 de
1195 3463 1383 3526 obedientia
1414 3470 1447 3525 et
1478 3459 1636 3523 fidelitate
1669 3459 1731 3541 ipsi
1765 3454 1922 3519 ecclesiae
1946 3475 2005 3517 ex·

334 3548 493 3626 hibenda,
524 3557 590 3611 tam
622 3550 798 3625 ecclesiae,
829 3571 927 3632 quam
960 3551 1224 3634 archiepiscopo,
1255 3572 1329 3615 cum
1361 3552 1447 3615 loret
1476 3550 1682 3623 substitutuS,
1714 3545 1937 3610 obedientiam
1969 3553 2005 3606 et

334 3638 523 3701 fidelitatem
548 3641 671 3701 iuravit.
708 3639 870 3702 Adiecisti
894 3642 1035 3723 insuper,
1058 3642 1147 3721 quod
1173 3641 1336 3723 quandam
1359 3640 1544 3714 monialem,
1568 3657 1665 3720 quam
1682 3639 1830 3710 eiecerat,
1853 3635 1896 3698 ad
1912 3643 2001 3696 tuam

334 3731 626 3790 commonitionem
651 3736 684 3791 et
708 3730 897 3792 mandatum
926 3733 1050 3813 recepit
1079 3739 1112 3793 et
1142 3731 1170 3794 ei
1194 3733 1226 3793 in
1250 3731 1392 3810 quadam
1417 3731 1603 3792 monasterii
1627 3728 1675 3789 sui
1705 3727 1790 3790 cella
1819 3727 1862 3788 de
1885 3725 2003 3787 Teano

335 3817 484 3898 providit
530 3818 710 3894 Praeterea,
742 3819 843 3900 ipsius
874 3821 1061 3882 monasterii
1090 3819 1206 3895 clerici,
1238 3829 1313 3882 ate
1342 3828 1375 3883 et
1405 3819 1658 3900 praedecessore
1686 3825 1744 3880 tuo
1773 3817 1816 3878 de
1846 3815 2003 3878 fidelitate

334 3906 485 3984 requisiti,
510 3927 581 3968 eam
606 3907 700 3969 vobis
723 3905 948 3972 exhibuerunt.
994 3906 1088 3982 Sane,
1112 3928 1186 3972 cum
1203 3929 1301 3990 super
1315 3909 1375 3971 hiis
1391 3906 1503 3970 suisset
1519 3907 1592 3970 hinc
1607 3907 1681 3968 inde
1698 3907 1816 3968 diutius
1831 3904 2002 3985 litigatum,

334 3993 508 4076 privilegiis
544 3997 728 4078 principum
771 4005 928 4075 quantum
960 3997 1003 4059 ad
1032 3998 1191 4061 libertatis
1222 3997 1433 4061 donationem
1465 4005 1498 4060 et
1528 3998 1713 4059 monasterii
1744 3995 2001 4075 exemptionem,

334 4086 409 4164 quia
433 4105 493 4146 nec
520 4085 574 4160 illi,
607 4105 666 4147 nec
696 4085 747 4147 alii
771 4085 841 4148 laici
871 4085 1055 4149 huiusmodi
1086 4095 1222 4169 possunt
1253 4088 1398 4150 ecclesiis
1431 4087 1616 4149 libertatem
1648 4086 1781 4160 donare,
1811 4083 2001 4157 nullatenus,

333 4173 416 4235 sicut
444 4175 579 4256 dignum
611 4182 668 4248 est,
700 4174 880 4250 innitentes,
912 4174 1113 4258 privilegium
1137 4176 1310 4240 Zachariae
1345 4184 1481 4258 propter
1509 4174 1620 4237 stilum
1651 4173 1835 4237 dictaminis
1866 4182 1900 4236 et
1929 4192 2000 4235 cor·

333 4265 517 4344 ruptionem
550 4265 784 4345 grammaticae
822 4266 899 4326 artis
936 4273 969 4326 et
1004 4273 1140 4347 propter
1170 4269 1395 4347 symoniacum
1427 4272 1641 4338 contractum,
1673 4282 1770 4343 quem
1803 4263 2000 4334 continebat,

333 4351 486 4414 videlicet
508 4353 597 4431 quod
622 4352 791 4415 ecclesiam
814 4354 989 4427 venditam,
1021 4356 1110 4433 quod
1142 4355 1185 4418 de
1215 4364 1281 4417 tam
1310 4357 1517 4418 sanctovito
1550 4353 1640 4416 neias
1671 4362 1721 4416 est
1752 4354 1894 4428 credere,
1923 4372 1999 4414 con-

333 4439 502 4516 firmasset,
531 4450 564 4504 et
594 4451 729 4524 propter
759 4462 992 4524 pergamenum
1024 4445 1138 4519 etiam,
1171 4445 1260 4524 quod
1285 4446 1341 4507 vix
1370 4451 1501 4508 centum
1525 4444 1698 4506 videbatur
1729 4461 1802 4506 esse
1831 4461 1998 4516 annorum,

334 4550 407 4592 cum
432 4532 719 4612 quadrigentorum
744 4552 911 4606 annorum,
935 4541 1033 4614 prout
1055 4535 1087 4595 in
1111 4534 1245 4596 cronicis
1268 4532 1415 4608 habetur,
1437 4533 1577 4615 spatium
1593 4533 1779 4606 decurrerit,
1803 4531 1894 4610 quod
1910 4531 1996 4594 idem

334 4618 505 4682 Zacharias
520 4620 673 4694 decessit;
689 4619 890 4702 privilegium
911 4629 1020 4683 autem
1036 4623 1157 4686 Leonis
1172 4631 1309 4705 propter
1324 4623 1436 4685 vitium
1461 4631 1494 4685 et
1509 4623 1750 4703 corruptionem
1767 4622 1998 4703 grammaticae

334 4709 421 4783 artis,
453 4709 495 4771 de
520 4730 585 4790 quo
608 4717 675 4771 tam
698 4707 838 4772 litterato
862 4718 896 4772 et
919 4711 1070 4792 prudenti
1093 4712 1161 4775 viro
1184 4712 1361 4774 absurdum
1386 4722 1436 4774 est
1459 4712 1652 4787 existimare,
1676 4711 1765 4791 quod
1787 4719 1853 4772 tam
1869 4710 1996 4789 ydiotas

333 4799 510 4879 scriptores
532 4796 691 4874 habuerit,
715 4806 747 4860 et
771 4807 907 4880 propter
929 4800 1060 4875 bullam,
1083 4821 1168 4883 quae
1191 4823 1210 4864 a
1233 4801 1326 4863 bullis
1351 4802 1496 4863 eiusdem
1512 4801 1642 4876 Leonis
1666 4819 1751 4881 quae
1767 4817 1878 4861 coram
1903 4797 1996 4861 nobis

334 4887 515 4969 productae
538 4886 673 4960 fuerant,
704 4887 837 4951 omnino
867 4890 1080 4971 comparebat
1111 4890 1282 4966 dissimilis,
1313 4898 1346 4953 et
1376 4891 1513 4967 diversa,
1544 4910 1618 4952 cum
1648 4889 1721 4953 illae
1745 4890 1829 4951 inter
1852 4907 1887 4950 se
1910 4909 1997 4951 com·

334 4984 485 5057 parerent
508 4995 567 5057 per
590 4977 697 5039 omnia
719 4978 848 5052 similes,
870 4987 1023 5059 suspecta
1046 4988 1080 5041 et
1102 4978 1168 5042 fide
1191 5000 1256 5041 non
1279 4980 1379 5062 digna
1402 4980 1622 5042 iudicavimus.
1666 4979 1767 5041 Porro
1794 4977 1996 5059 privilegium

334 5065 450 5128 beatae
474 5065 649 5128 memoriae
672 5065 808 5129 Adriani
833 5087 940 5150 papae
963 5068 1082 5131 nullam
1107 5068 1288 5150 praelibato
1313 5071 1511 5132 monasterio
1534 5068 1685 5131 absolute
1714 5066 1899 5130 libertatem
1922 5086 1994 5129 con·

333 5154 473 5230 serebat,
503 5154 562 5216 sed
595 5175 668 5217 cum
692 5157 897 5232 conditione,
929 5157 1010 5220 sicut
1041 5158 1199 5222 habuerat
1222 5159 1411 5239 antiquitus,
1444 5157 1668 5221 confirmabat.
1715 5155 1897 5229 Caeterum,
1923 5155 1995 5219 licet

333 5244 508 5307 multitudo
534 5245 676 5320 testium,
706 5246 760 5326 qui
790 5265 833 5308 ex
863 5254 956 5327 parte
986 5246 1173 5311 abbatissae
1203 5247 1355 5329 producti
1385 5248 1518 5320 iuerant,
1548 5254 1736 5310 constanter
1766 5255 1994 5320 asseverarent,

333 5334 568 5416 praescriptum
600 5337 831 5397 monasterium
861 5355 992 5416 semper
1022 5337 1119 5400 fuisse
1150 5337 1287 5400 liberum
1325 5347 1358 5400 et
1387 5336 1470 5414 nulli,
1504 5337 1561 5399 nisi
1594 5337 1752 5400 ecclesiae
1773 5334 1942 5398 Romanae
1963 5343 1995 5396 et

333 5425 470 5507 principi
500 5421 666 5505 Capuano,
696 5424 897 5500 subiectum,
928 5427 1116 5508 interrogati
1146 5437 1271 5503 tamen,
1302 5427 1327 5489 si
1358 5437 1447 5491 certa
1476 5429 1567 5509 signa
1596 5427 1808 5490 subiectionis
1830 5424 1992 5488 Romanae

333 5513 491 5578 ecclesiae
514 5514 639 5587 scirent,
670 5534 706 5577 se
729 5515 762 5577 id
788 5515 911 5577 nescire
934 5524 1148 5578 asseruerunt.
1193 5517 1318 5580 Testati
1342 5525 1418 5580 sunt
1441 5537 1583 5599 quoque,
1607 5537 1642 5580 se
1666 5538 1732 5579 non
1755 5515 1886 5590 vidisse,
1908 5515 1991 5596 quod

495 5731 519 5785 1)
544 5720 622 5786 Vergl.
641 5721 686 5769 das
703 5719 842 5770 Narhauort.
915 5719 942 5785 2)
959 5720 1052 5780 Hubert,
1070 5719 1174 5785 Buchof
1186 5735 1233 5770 von
1251 5720 1327 5781 Susa,
1346 5739 1366 5772 c.
1384 5725 1452 5772 1144
1463 5721 1499 5789 ff.
