4142 6366
330 333 393 412 238

1075 517 1141 594 ΝΥ.
1164 523 1252 594 238.

328 651 512 716 Alexander
527 651 593 715 III
614 651 798 735 braustragt
823 653 878 716 die
904 653 1054 733 Biscltufe
1078 674 1139 715 von
1162 651 1291 734 Sagana
1317 652 1387 715 und
1399 649 1522 714 Nebbio
1549 649 1633 730 (auf
1649 648 1807 730 Corsica),
1832 651 1941 730 dafir'r
1964 671 2002 714 zu

327 763 449 824 surgen,
471 741 550 804 dass
565 739 707 805 Zehnten
721 742 783 805 der
799 739 837 804 K
838 739 927 807 u'rclre
940 763 1001 806 von
1016 740 1120 805 Santa
1135 742 1250 805 Maria
1264 741 1303 804 di
1322 739 1409 824 Capu
1425 739 1523 804 Curso
1536 739 1609 802 dem
1627 737 1757 802 Kloster
1767 737 1872 803 Santa
1887 739 2003 804 Mario

329 831 363 894 in
389 829 537 913 Gorgona
562 829 620 911 (D.
641 829 917 911 Luna-Sarrana)
940 831 1033 896 nicht
1052 830 1154 895 durch
1180 830 1242 894 den
1265 830 1467 911 Psarrlzerrn
1488 849 1549 892 uon
1574 829 1662 892 Lurz'
1687 838 1837 912 entzogen
1861 829 2001 893 werden

819 966 919 1045 (1159
919 965 1065 1042 )-1176
1081 963 1262 1027 November
1275 965 1330 1026 21.
1361 961 1501 1046 Anagrti.

406 1073 410 1084 ’
486 1079 680 1143 Alexander
700 1081 885 1162 episcopus,
910 1101 1020 1144 servus
1042 1101 1209 1143 servorum
1233 1080 1295 1156 dei,
1317 1079 1559 1142 venerabilibus
1575 1077 1736 1153 iratribus,
1760 1077 1947 1159 Segonensi
1970 1087 2001 1142 et

327 1170 506 1234 Nebulensi
541 1169 715 1250 episcopis,
746 1163 907 1255 [salutem]
938 1181 971 1233 et
999 1171 1216 1251 apostolicam
1248 1169 1524 1232 benedictionem.
1571 1168 1624 1230 Ex
1646 1165 1857 1250 transmissis
1887 1167 2000 1230 litteris

327 1260 520 1322 dilectorum
544 1257 684 1320 filiorum
707 1270 901 1334 nostrorum,
933 1259 1063 1322 abbatis
1087 1269 1120 1322 et
1143 1260 1276 1321 fratrum
1299 1258 1524 1339 Gorgonensis
1544 1255 1571 1342 ιι)
1591 1257 1788 1332 monasterii,
1812 1257 2000 1338 accepimus

328 1349 418 1430 quod
434 1349 470 1411 L.
495 1342 724 1432 [Mlaranensis
744 1344 767 1432 ¹)
790 1349 975 1430 episcopus,
999 1368 1203 1430 cognoscens
1218 1347 1352 1429 plebem
1372 1345 1377 1429 )
1397 1354 1509 1410 sancte
1526 1349 1629 1410 Marie
1649 1345 1691 1408 de
1706 1347 1815 1427 capite
1830 1343 1999 1429 Corsice')

327 1438 370 1501 ad
393 1437 609 1518 Gorgonense
640 1438 872 1500 monasterium
892 1437 920 1522 b)
951 1438 1121 1519 pertinere,
1153 1433 1297 1521 ipsam(?)
1328 1431 1439 1520 cum(l)
1470 1436 1623 1499 omnibus
1641 1431 1671 1519 b)
1698 1435 1904 1516 pertinentiis
1927 1435 1997 1510 suis,

325 1533 394 1588 tam
417 1527 517 1601 terris,
543 1543 642 1606 quarn
665 1524 827 1602 domibus,
851 1527 961 1602 vineis,
985 1527 1094 1610 pratis,
1118 1527 1257 1608 pascuis,
1285 1525 1383 1600 silvis,
1413 1524 1549 1589 decimis
1572 1535 1605 1587 et
1633 1525 1832 1606 baptismate
1864 1523 1999 1604 aliisque

326 1615 506 1678 rationibus
529 1610 632 1698 suisli)
662 1617 854 1678 auctoritate
883 1615 1063 1697 pontificali
1092 1615 1343 1697 inperpetuum
1367 1614 1579 1689 confirmavit,
1604 1623 1758 1689 statuens,
1789 1621 1825 1675 ut
1857 1614 1891 1674 in
1925 1614 1999 1688 iure,

325 1712 491 1786 potestate
513 1713 547 1766 et
570 1703 717 1766 dominio
733 1704 957 1786 Gorgonensis
980 1705 1167 1767 monasterii
1191 1715 1224 1767 et
1247 1703 1377 1767 abbatis
1400 1705 1468 1766 eius
1491 1712 1682 1785 permaneat
1701 1699 1737 1787 c),
1769 1713 1802 1766 et
1824 1712 1862 1765 ut
1884 1700 1999 1776 clerici,

327 1795 381 1875 qui
404 1793 490 1856 soliti
507 1801 582 1855 sunt
604 1794 723 1855 servire
745 1795 892 1874 predicte
915 1793 1005 1876 plebi
1029 1794 1071 1856 de
1086 1793 1286 1874 baptismate
1302 1792 1462 1868 faciendo,
1480 1794 1635 1875 deinceps
1654 1793 1724 1855 sine
1740 1791 1999 1856 contradictione

327 1883 436 1964 aliqua
464 1883 613 1957 serviant,
645 1882 736 1944 salvo
766 1883 837 1958 sibi,
870 1883 961 1964 quod
992 1893 1120 1945 tantum
1150 1883 1335 1965 percipiant
1357 1883 1399 1945 de
1423 1883 1601 1958 oblatione,
1632 1893 1789 1962 quantum
1813 1881 1903 1944 soliti
1927 1890 2000 1943 sunt

326 1973 503 2053 percipere.
535 1971 630 2032 Nunc
643 1982 753 2034 autem
765 1972 925 2053 plebanus
942 1973 983 2035 de
995 1972 1071 2034 Luri
1081 1969 1108 2056 ι)
1124 1972 1290 2053 predictos
1308 1969 1339 2058 d)
1350 1972 1507 2035 abbatem
1520 1983 1552 2035 et
1565 1972 1678 2035 fratres
1696 1969 1727 2056 d)
1742 1991 1840 2052 super
1855 1970 1999 2044 decimis,

325 2060 564 2144 pertinentibus
586 2060 629 2120 ad
652 2061 792 2123 eandem
822 2061 962 2143 plebem,
987 2072 1101 2124 contra
1134 2061 1294 2125 iusticiam
1325 2063 1505 2143 inquietare
1535 2061 1694 2142 presumit
1723 2071 1764 2136 et,
1796 2059 1889 2141 quod
1914 2060 2000 2122 idem

326 2150 430 2212 abbas
453 2161 486 2212 et
516 2149 629 2212 fratres
660 2150 879 2231 quadraginta
908 2151 1000 2214 annis
1030 2150 1168 2232 pacifice
1199 2161 1372 2214 tenuerunt
1402 2157 1443 2226 et,
1476 2151 1567 2232 quod
1598 2150 1641 2213 ad
1673 2171 1730 2213 eos
1763 2149 2001 2212 rationabiliter

325 2239 474 2321 pertinet,
498 2238 561 2302 sibi
585 2238 696 2301 nititur
718 2240 901 2313 vendicare,
925 2241 1099 2302 terminum
1123 2242 1372 2321 transgrediens,
1397 2241 1451 2322 qui
1476 2242 1560 2303 inter
1582 2259 1656 2302 eum
1680 2249 1713 2302 et
1733 2241 1824 2321 ipsos
1841 2237 1999 2301 diffinitus

325 2339 375 2391 est
397 2337 430 2390 et
453 2337 593 2390 statutus
612 2326 639 2413 e)
666 2337 699 2390 et
720 2339 857 2391 vocatur
874 2326 903 2412 s)
926 2329 1023 2392 Serra
1046 2330 1087 2392 de
1110 2331 1192 2392 Pero
1211 2329 1258 2415 t);
1282 2351 1380 2413 super
1402 2329 1466 2392 hoc
1490 2330 1589 2392 etiam
1613 2348 1671 2391 eos
1694 2329 1771 2391 lecit
1786 2349 1808 2389 a
1821 2326 1999 2390 venerabili

326 2416 422 2479 fratre
445 2428 558 2479 nostro
580 2418 729 2481 Ianuensi
754 2417 1003 2500 archiepiscopo
1028 2420 1229 2482 commoneri
1253 2421 1350 2482 etad
1374 2439 1504 2482 causam
1528 2419 1655 2495 vocari;
1683 2419 1741 2480 sed
1757 2417 1829 2499 ipsi,
1858 2417 1999 2480 eumad

325 2505 581 2569 iurisdictionem
605 2507 693 2570 beati
716 2506 802 2569 Petri
833 2515 867 2569 et
896 2518 1043 2570 nostram
1073 2509 1259 2589 pertineant
1288 2519 1322 2571 et
1353 2507 1475 2571 nullum
1506 2506 1651 2570 habeant
1681 2519 1790 2590 preter
1813 2504 1999 2568 Romanum

324 2595 517 2677 pontificem
540 2590 758 2681 ep[isc0punr]
773 2596 825 2658 vel
849 2597 1047 2677 magistrum,
1064 2599 1106 2660 ad
1123 2597 1191 2661 eius
1206 2598 1378 2661 noluerunt
1392 2598 1602 2659 vocationem
1622 2597 1785 2672 accedere,
1803 2615 1864 2658 nec
1879 2596 1999 2658 exinde

325 2686 393 2747 ausi
417 2695 492 2747 sunt
513 2684 583 2746 sine
607 2685 763 2748 mandato
788 2695 901 2747 nostro
925 2707 1056 2749 eausam
1080 2681 1305 2772 [observailre.
1344 2687 1430 2769 Quia
1447 2687 1544 2768 igitur
1558 2688 1628 2749 iura
1642 2686 1793 2768 prelibati
1811 2686 1999 2747 monasterii

325 2783 418 2837 tanto
441 2774 619 2837 studiosius
642 2794 835 2836 conservare
858 2784 1014 2851 tenemur,
1048 2783 1171 2857 quanto
1196 2776 1237 2838 ad
1262 2777 1310 2838 ius
1334 2786 1367 2839 et
1389 2776 1525 2839 tutelam
1548 2775 1637 2838 beati
1657 2773 1687 2860 h)
1702 2776 1787 2838 Petri
1805 2782 1837 2838 et
1853 2786 2000 2836 nostram

325 2865 469 2926 noscitur
484 2863 652 2944 spetialius
675 2864 844 2945 pertinere,
868 2865 973 2940 vobis,
998 2865 1039 2927 de
1064 2885 1201 2946 quorum
1221 2866 1395 2947 prudentia
1410 2874 1444 2928 et
1458 2866 1630 2928 honestate
1646 2865 1849 2936 confidimus,
1867 2883 2001 2926 causam

325 2953 432 3034 ipsam
455 2953 691 3015 committimus
715 2951 913 3014 audiendam
937 2961 970 3015 et
993 2953 1058 3016 fine
1081 2955 1195 3017 debito
1219 2955 1468 3017 terminandam.
1514 2952 1661 3035 Ideoque
1678 2954 1869 3016 fraternitati
1892 2963 2000 3015 vestre

324 3060 385 3124 per
407 3042 590 3123 apostolica
613 3043 735 3122 scripta
759 3043 973 3123 precipiendo
1001 3042 1202 3119 mandamus
1234 3045 1386 3124 quatinus
1415 3043 1600 3125 predictum
1630 3044 1809 3125 plebanum
1840 3063 1883 3105 ex
1907 3051 2000 3123 parte

325 3141 437 3194 nostra
460 3132 698 3194 commoneatis
715 3141 748 3193 et
764 3126 963 3216 distric(t)ius
979 3133 1193 3213 compellatis,
1218 3141 1254 3194 ut
1276 3133 1401 3196 eisdem
1424 3132 1537 3195 abbati
1561 3142 1595 3194 et
1616 3132 1768 3196 fratribus
1783 3132 1999 3213 prescriptam

326 3220 488 3283 decimam
511 3222 691 3284 secundum
715 3221 897 3296 terminum,
923 3221 978 3302 qui
1003 3221 1086 3284 inter
1109 3242 1166 3285 eos
1189 3221 1316 3302 positus
1340 3233 1397 3298 est,
1431 3223 1541 3303 quiete
1564 3221 1768 3303 pacificeque
1795 3221 1941 3284 dimittat
1966 3231 2000 3283 et

325 3309 448 3373 nullum
470 3310 590 3372 exinde
614 3309 746 3372 ulterius
769 3309 952 3372 molestiam
977 3310 1094 3374 inierat
1115 3311 1168 3374 vel
1190 3330 1376 3392 gravamen,
1412 3322 1468 3374 aut
1497 3313 1530 3373 in
1561 3313 1726 3392 presentia
1747 3321 1857 3374 vestra
1885 3311 2000 3372 ordine

326 3399 492 3460 iudiciario
524 3400 710 3480 experiatur
739 3409 772 3461 et
804 3418 864 3461 vos
896 3419 1028 3462 causam
1059 3400 1211 3463 audiatis
1229 3408 1263 3463 et
1292 3421 1365 3463 eam
1396 3401 1575 3464 concordia
1596 3401 1648 3463 vel
1678 3401 1846 3464 mediante
1874 3399 2001 3462 iusticia

324 3488 513 3550 terminetis.
544 3485 580 3550 Si
597 3508 663 3569 qua
676 3509 755 3551 vero
771 3488 913 3570 partium
930 3489 1059 3552 duxerit
1074 3489 1317 3572 appellandum,
1334 3489 1562 3553 nichilominus
1578 3490 1720 3554 rationes
1737 3501 1770 3553 et
1785 3489 2001 3570 allegationes

326 3577 491 3657 utriusque
522 3579 623 3658 partis
654 3579 841 3641 cumomni
872 3578 982 3641 studio
1013 3579 1153 3642 audiatis
1183 3586 1217 3641 et
1247 3589 1356 3654 testes,
1388 3580 1442 3660 qui
1473 3579 1550 3642 hinc
1581 3579 1659 3642 inde
1687 3579 1839 3662 producti
1874 3577 2000 3654 fuerint,

325 3666 547 3747 appellatione
578 3677 720 3742 remota,
758 3666 922 3748 recipiatis
953 3677 994 3743 et,
1026 3669 1204 3731 eorundem
1236 3669 1414 3731 iuratorum
1450 3669 1674 3750 depositiones
1705 3669 1893 3750 diligentius
1923 3687 2000 3729 con-

325 3755 513 3831 scribentes,
537 3776 592 3818 eas
608 3756 704 3819 nobis
726 3756 787 3819 sub
811 3756 925 3838 sigillis
940 3758 1055 3819 vestris
1079 3757 1204 3820 clausas
1220 3757 1366 3832 mittatis,
1383 3757 1557 3820 terminum
1573 3760 1701 3841 utrique
1717 3759 1802 3840 parti
1819 3777 2001 3838 congruum

324 3843 530 3926 prefigontes,
555 3865 621 3926 quo
646 3845 789 3908 debeant
812 3865 887 3908 cum
904 3845 983 3927 ipsis
999 3848 1264 3909 attestationibus
1281 3857 1314 3909 et
1329 3846 1508 3910 rationibus
1528 3841 1534 3932 Ι
1555 3849 1739 3931 apostolico
1755 3867 1790 3911 se
1807 3847 1999 3928 conspectui

325 3943 522 4015 presentare.
544 3969 587 3978 -
612 3932 690 3996 Dat.
715 3932 878 4016 Anagnis,
902 3947 939 3997 xl
962 3933 1015 3996 Kl.
1039 3934 1214 3999 Decembr.

487 4047 530 4096 Or.
548 4046 582 4096 im
599 4047 713 4097 Arckivio
731 4049 794 4097 della
816 4047 912 4096 Certosa
929 4048 956 4096 di
977 4047 1049 4107 Calui,
1068 4051 1159 4114 ansam
1179 4051 1246 4100 ma.

485 4118 554 4183 Perg.
573 4119 632 4178 ital„
651 4120 685 4168 br.
705 4121 792 4181 0,262,
812 4121 875 4184 long
891 4119 958 4178 0,29,
977 4126 1052 4169 unior
1070 4122 1149 4183 0‚O24
1168 4124 1357 4188 mugesclrlagen,
1377 4121 1456 4171 durch
1473 4123 1530 4171 amri
1547 4123 1640 4173 liciter
1653 4122 1718 4188 ging
1733 4121 1771 4170 die
1788 4121 1894 4180 stum,
1913 4123 2001 4172 welche

325 4189 371 4240 nrt?
387 4190 440 4240 dem
458 4189 586 4256 Bleio'egel
600 4192 717 4240 uerlrren.
754 4190 864 4256 Fallung
880 4191 924 4240 der
940 4191 1040 4254 Breverp.

1069 4495 1135 4569 Nr.
1164 4499 1251 4570 239.

325 4625 508 4690 Alexander
523 4626 587 4689 III
609 4625 738 4710 befielzlt
758 4625 832 4690 dem
858 4625 1071 4707 Erabisclrofe
1096 4648 1157 4691 uon
1182 4628 1294 4711 Braga
1316 4629 1385 4692 und
1409 4628 1528 4693 dassen
1554 4627 1772 4710 Suffraganen
1797 4628 1996 4708 wr'ederltolt,

601 4715 674 4780 dem
696 4713 910 4801 Erabr'sclup‘e
931 4737 992 4779 von
1024 4717 1136 4780 Tuledo
1156 4717 1208 4780 als
1229 4717 1400 4782 Primaten
1422 4739 1463 4782 au
1479 4717 1663 4801 gehorchen
1678 4718 1717 4796 ⁴).
1938 4729 1940 4734 '

838 4831 1082 4916 (1160)-1176
1097 4831 1247 4895 Februar
1259 4835 1315 4897 23.
1344 4831 1483 4916 Arragni.

483 4947 674 5012 Alexander
696 4949 880 5030 episcopus,
904 4968 1014 5012 servus
1037 4969 1203 5013 servorum
1227 4949 1289 5027 dei,
1320 4949 1495 5014 venerabili
1526 4952 1623 5027 fratri,
1647 4948 1897 5034 archiepiscopo
1921 4951 1998 5015 Bra·

325 5036 480 5113 charensi,
508 5038 643 5119 eiusque
672 5039 891 5119 suffraganeis,
923 5038 1060 5101 salutem
1083 5049 1117 5101 et
1140 5039 1357 5120 apostolicam
1380 5041 1653 5104 benedictionem.
1700 5039 1783 5104 Cum
1806 5059 1826 5101 a
1849 5041 1999 5121 patribus

325 5135 358 5188 et
381 5126 668 5211 predecessoribus
691 5127 810 5190 nostris
832 5134 989 5190 statutum
1004 5127 1045 5190 sit
1060 5128 1102 5191 ab
1127 5129 1262 5209 antiquo
1279 5178 1285 5191 .
1304 5179 1310 5192 .
1328 5178 1334 5192 .
1350 5149 1448 5211 super
1470 5150 1530 5193 vos
1554 5141 1587 5193 et
1610 5130 1763 5192 ecclesias
1786 5141 1911 5192 vestras
1936 5131 1998 5213 pri-

325 5225 449 5278 matum
465 5215 614 5279 obtineat
629 5236 728 5298 grave
750 5217 847 5279 nimis
870 5217 1011 5298 gerimus
1028 5226 1061 5280 et
1076 5216 1250 5280 molestum
1266 5229 1299 5282 et
1315 5219 1488 5282 adversum
1504 5267 1510 5280 .
1528 5269 1534 5282 .
1551 5267 1558 5280 .
1572 5240 1633 5282 vos
1657 5239 1724 5282 non
1739 5237 1915 5300 possumus
1932 5239 1998 5282 non

484 5419 509 5462 a)
529 5407 652 5460 Zwirclren
670 5427 686 5459 n
704 5411 788 5460 unde
807 5411 892 5458 Raner
1016 5411 1043 5468 bl
1062 5427 1110 5461 von
1127 5413 1304 5462 monesterium
1328 5413 1363 5462 bis
1380 5429 1396 5462 o
1420 5415 1473 5478 auf
1486 5415 1570 5463 Ranrr
1694 5417 1718 5471 c)
1744 5427 1815 5477 perm
1840 5413 1894 5477 arcs
1914 5415 1999 5464 Rara

325 5479 352 5544 d)
370 5495 418 5528 vora
435 5486 489 5528 ctos
507 5481 542 5528 bis
559 5479 647 5530 fratres
664 5485 716 5548 nus
732 5485 817 5530 Rarur
916 5483 940 5546 e)
959 5482 1071 5531 dnhimcr
1087 5485 1172 5532 Rnrur
1266 5485 1387 5550 firmes
1401 5487 1486 5533 Ramr
1590 5487 1617 5550 g)
1637 5501 1651 5534 e
1670 5485 1748 5534 durch
1766 5487 1850 5534 Rosur
1867 5486 2000 5550 lrrgcrrdh

325 5551 353 5614 h)
372 5553 421 5600 eati
439 5553 492 5616 nus
506 5553 595 5600 Rasur.
616 5591 668 5596 --.
686 5559 723 5620 .r)
742 5553 793 5602 Er'n
810 5553 914 5617 Birthas
925 5553 947 5601 L
965 5569 1012 5602 von
1032 5553 1150 5604 Mariana
1177 5554 1208 5602 ist
1224 5555 1302 5604 hister
1316 5557 1384 5606 nicht
1399 5557 1508 5605 behemot.
1616 5561 1642 5622 2)
1661 5557 1799 5619 Nordspr'tre
1823 5571 1871 5606 von
1892 5557 1996 5606 Coruin

326 5633 341 5686 3
348 5643 353 5678 5
372 5623 447 5683 Lari,
475 5630 536 5672 elwa
560 5619 610 5684 2¹lr
630 5622 717 5676 Meilen
742 5624 836 5674 siidlidr
864 5639 912 5674 von
939 5625 1003 5690 Capu
1031 5625 1115 5686 corso,
1141 5627 1168 5678 r'n
1185 5627 1294 5678 scutrum
1317 5628 1392 5677 Thale
1413 5631 1516 5694 gelegen.
1642 5632 1671 5695 4)
1696 5629 1774 5694 Vergl.
1798 5628 1836 5679 dit
1864 5628 1927 5679 Urk.
1953 5645 1997 5680 Μ
