4126 6356
1698 338 1759 405 107

75 511 293 577 decernimus.
347 510 403 574 Ad
435 509 499 572 hoc
530 507 630 590 quieti
664 503 868 590 monasteri[i
898 506 996 569 vestri
1035 507 1191 570 attentius
1221 502 1463 592 prolvidentes,
1504 529 1692 589 censemuS,
1725 523 1760 577 ut

74 623 186 685 neque
209 623 230 665 a
259 599 445 684 patriarcha
475 619 582 680 neque
615 597 657 660 ab
690 596 849 678 episcopo
881 595 1030 678 quolibet
1061 596 1165 660 abbas
1194 597 1246 659 vel
1278 596 1392 662 fratres
1432 601 1621 665 monasterii
1651 604 1760 679 vestri,

74 694 214 756 dimisso
238 692 388 767 elaustro,
420 688 593 764 sinodales
625 687 680 769 qui
712 687 881 748 annuatim
913 684 981 748 fieri
1005 685 1123 762 solent,
1154 695 1314 768 cogantur
1344 688 1433 751 adire
1466 701 1656 756 conventus.
1701 693 1759 756 Ad

73 783 235 846 indicium
259 792 368 844 autem
391 785 549 862 percepte
579 777 674 839 huius
697 797 717 838 a
739 775 819 838 sede
850 775 1033 856 apostolica
1060 772 1232 859 liberta[tis
1266 776 1346 839 duas
1378 778 1445 840 auri
1477 777 1603 866 uncias]
1634 791 1667 845 et
1697 803 1758 864 pro

74 873 207 956 prefato
238 870 437 933 monasterio
467 878 656 931 sanctorum
684 865 784 929 Firmi
818 875 851 928 et
873 865 998 928 Rustici
1030 865 1113 928 duos
1132 867 1161 945 ει)
1193 885 1308 928 aureos
1342 869 1517 947 quotannis
1546 870 1758 936 lateranensi

74 963 203 1045 palatio
227 959 428 1042 persolvetis.
475 957 564 1021 Nulli
588 976 667 1037 ergo
698 954 834 1017 omnino
865 954 1038 1017 hominum
1071 954 1193 1030 fassit,
1229 957 1494 1036 prenominatum
1525 963 1759 1024 monasterium

74 1063 201 1115 temere
224 1047 415 1132 perturbare
439 1047 587 1111 aureius
610 1045 837 1127 possesslones
867 1044 992 1107 auferre
1022 1044 1075 1106 vel
1103 1043 1230 1106 ablatas
1254 1045 1400 1122 retinere,
1432 1049 1579 1112 minuere
1609 1061 1665 1114 aut
1688 1047 1758 1136 a[li-

73 1141 197 1223 quibus
220 1137 465 1223 v]exati0nibus
489 1137 642 1218 fatigare,
675 1143 726 1197 set
756 1135 868 1197 omnia
890 1133 1005 1197 vestris
1037 1133 1149 1196 usibus
1180 1134 1307 1214 integra
1337 1148 1579 1201 conserventur.
1625 1139 1661 1202 Si
1693 1160 1760 1222 qua

74 1232 176 1313 igitur
210 1231 242 1292 in
269 1228 411 1292 futurum
441 1227 661 1290 ecclesiastica
684 1222 879 1286 secularisve
902 1243 1053 1304 persona,
1086 1223 1170 1286 hanc
1194 1232 1304 1286 nostre
1329 1226 1571 1291 constitutionis
1601 1231 1758 1312 paginam

72 1321 191 1395 sciens,
216 1328 331 1381 contra
354 1337 428 1380 eam
450 1327 574 1379 temere
596 1315 707 1377 venire
723 1313 942 1395 temptaverit,
966 1313 1111 1375 secundo
1134 1313 1272 1376 tertiove
1295 1316 1506 1392 commonita,
1529 1318 1555 1380 si
1580 1339 1647 1381 non
1666 1321 1757 1383 satis-

73 1411 223 1473 factione
245 1427 390 1488 congrua
414 1400 674 1491 [emenda]verit,
708 1403 883 1484 potestatis
906 1402 1107 1483 honorisque
1137 1403 1184 1464 sui
1210 1409 1318 1478 careat
1351 1403 1511 1485 dignitate
1543 1427 1700 1490 reumque
1723 1431 1758 1473 se

73 1500 190 1562 divino
214 1497 335 1560 iudicio
360 1496 499 1560 existere
524 1495 566 1557 de
589 1503 779 1576 perpetrata
802 1493 973 1573 iniquitate
997 1501 1185 1574 cognoscat,
1216 1499 1250 1555 et
1273 1513 1292 1554 a
1314 1495 1533 1558 saeratissimo
1557 1517 1758 1580 corporeae

73 1589 236 1672 sanguine
261 1587 313 1649 dei
346 1596 380 1649 et
411 1585 581 1649 salvatoris
611 1583 713 1646 nostri
743 1583 815 1645 lesu
840 1581 959 1645 Christi
990 1580 1047 1644 fiat
1077 1581 1199 1656 aliena,
1230 1591 1330 1663 atque
1361 1583 1393 1645 in
1424 1593 1574 1648 extremo
1606 1589 1758 1652 examine

73 1671 251 1763 dist[ricte]
276 1675 391 1739 ultioni
415 1675 592 1738 subiaceat.
640 1672 774 1736 Cunctis
797 1682 916 1761 autem,
941 1671 1049 1734 eidem
1065 1670 1139 1732 loco
1155 1671 1238 1733 iusta
1253 1672 1467 1750 servantibus,
1491 1674 1533 1737 sit
1547 1696 1616 1757 pax
1632 1676 1757 1741 domini

73 1769 178 1832 nostri
202 1768 274 1830 lesu
299 1765 427 1841 Christi,
455 1765 608 1846 quatinus
632 1762 740 1826 ethic
764 1761 904 1824 fructum
927 1761 1015 1824 bone
1039 1760 1176 1823 aetionis
1198 1761 1384 1843 percipiant
1407 1771 1440 1826 et
1463 1764 1551 1846 apud
1575 1765 1757 1831 districtum

73 1858 220 1921 iudicem
243 1856 370 1939 premia
393 1865 504 1941 eterne
527 1855 619 1936 pacis
643 1853 819 1915 inveniant.
864 1850 942 1912 Am.
965 1850 1041 1912 Am.
1065 1849 1142 1912 Am.

292 1947 346 2025 (R)
370 1945 443 2026 Ego
467 1943 634 2026 Eugenius
658 1941 818 2028 catholice
842 1940 978 2027 ecclesie
1001 1939 1177 2021 episeopus
1200 1959 1241 2002 ss.
1265 1939 1326 2020 (M)

290 2038 312 2114 †
333 2036 408 2116 Ego
432 2033 613 2097 Nicholaus
635 2031 786 2094 Albanus
810 2031 986 2111 episcopus
1008 2050 1050 2091 ss.

290 2124 311 2208 †
333 2125 407 2206 Ego
431 2122 605 2186 Hubaldus
628 2121 791 2203 presbiter
813 2119 986 2183 cardinalis
1007 2119 1056 2182 tit.
1080 2127 1193 2181 sancte
1215 2120 1373 2184 Praxedis
1396 2143 1438 2185 ss.

290 2213 312 2296 †
334 2215 408 2295 Ego
431 2212 621 2276 Manfredus
644 2211 806 2292 presbiter
829 2208 1002 2272 cardinalis
1024 2209 1073 2271 tit.
1097 2218 1209 2271 sancte
1232 2205 1353 2274 Savine
1375 2231 1416 2274 ss.

289 2304 312 2385 †
334 2305 408 2385 Ego
431 2302 604 2366 Aribertus
627 2300 789 2383 presbiter
811 2299 984 2362 cardinalis
1008 2298 1055 2361 tit.
1079 2307 1192 2361 sancte
1213 2295 1391 2364 Anastasie
1413 2321 1454 2364 ss.

290 2392 312 2473 †
335 2392 408 2474 Ego
431 2391 530 2454 Iulius
552 2390 714 2473 presbiter
737 2388 910 2452 cardinalis
934 2389 981 2451 tit.
1004 2387 1108 2450 sancti
1132 2386 1278 2450 Marcelli
1301 2409 1343 2452 ss

292 2479 313 2566 †
336 2483 409 2564 Ego
433 2481 608 2544 Hubaldus
632 2479 794 2562 presbiter
817 2477 990 2541 cardinalis
1013 2477 1060 2540 tit.
1084 2486 1197 2540 sancte
1221 2476 1332 2542 Crucis
1354 2479 1388 2542 in
1411 2479 1587 2544 Ierusalem
1609 2501 1651 2546 ss,

290 2573 312 2652 †
335 2573 408 2652 Ego
432 2571 534 2633 Wido
557 2570 720 2652 presbiter
743 2567 915 2631 cardinalis
938 2567 986 2629 tit.
1009 2567 1113 2629 sancti
1137 2567 1280 2630 Pastoris
1303 2589 1344 2632 ss.

289 2660 310 2744 †
333 2663 406 2743 Ego
429 2659 601 2723 Rolandus
625 2657 787 2740 presbiter
810 2655 983 2720 cardinalis
1006 2657 1055 2718 tit.
1077 2657 1181 2718 sancti
1204 2657 1308 2720 Marci
1332 2679 1374 2722 ss.

288 2752 309 2831 †
332 2753 406 2832 Ego
430 2749 595 2814 Gerardus
617 2748 780 2831 presbiter
808 2746 983 2809 cardinalis
1006 2745 1053 2808 tit.
1077 2745 1181 2808 sancti
1206 2745 1366 2829 Stephani
1399 2748 1432 2812 in
1464 2759 1578 2813 monte
1600 2749 1692 2814 Celio
1715 2770 1757 2812 ss,

287 2842 310 2920 †
333 2841 406 2922 Ego
430 2839 608 2920 Gregorius
631 2837 790 2901 diaconus
814 2835 987 2899 cardinalis
1010 2835 1114 2899 sancti
1137 2834 1259 2917 Angeli
1282 2856 1324 2900 ss.

289 2929 310 3012 †
333 2929 406 3011 Ego
430 2929 594 2991 lohannes
618 2928 777 2990 diaconus
800 2925 974 2989 cardinalis
997 2933 1110 3010 sancte
1134 2925 1238 3014 Marie
1262 2946 1347 3013 nove
1370 2947 1413 2988 ss.

287 3020 310 3099 †
332 3021 406 3101 Ego
430 3018 531 3081 Wido
556 3016 715 3080 diaconus
738 3015 912 3079 cardinalis
935 3025 1047 3078 sancte
1070 3015 1174 3078 Marie
1197 3016 1230 3077 in
1252 3015 1383 3079 Porticu
1406 3035 1449 3078 ss.

288 3111 310 3188 †
333 3108 406 3190 Ego
430 3107 571 3170 lacintus
596 3107 754 3169 diaconus
778 3104 951 3169 cardinalis
974 3113 1088 3167 sancte
1111 3104 1215 3192 Marie
1239 3106 1271 3168 in
1297 3104 1467 3168 Cosmidin
1490 3123 1531 3170 ss

288 3197 310 3279 †
332 3199 405 3280 Ego
428 3197 592 3260 Iohannes
616 3196 773 3258 diaconus
797 3194 971 3258 cardinalis
993 3203 1182 3256 sanctorum
1204 3191 1311 3278 Sergii
1335 3205 1369 3258 et
1390 3192 1493 3258 Bachi
1517 3215 1558 3257 ss.

234 3289 312 3350 Dat.
328 3287 503 3361 Ferentini,
527 3307 588 3368 per
602 3306 736 3348 manum
752 3284 901 3359 Bosonis,
926 3293 1038 3371 sancte
1055 3284 1206 3371 Romane
1230 3285 1367 3372 ecclesiq
1383 3285 1559 3367 scriptoris.
1598 3282 1673 3347 Idus
1689 3283 1756 3347 lun.

70 3378 258 3442 Indictione
273 3391 360 3440 X1111.
391 3375 628 3439 Incamationis
652 3375 817 3438 dominice
841 3394 928 3437 anno
952 3385 1047 3437 MCLI.
1087 3372 1301 3438 Pontificatus
1324 3395 1402 3438 vero
1427 3374 1540 3438 domni
1556 3374 1694 3456 Eugenii
1718 3388 1756 3438 111

71 3489 129 3551 pp.
154 3488 243 3531 anno
267 3481 326 3530 vn.

233 3580 435 3645 Koprirlurkrende
451 3581 492 3630 der
512 3581 544 3630 12
569 3579 662 3644 Jahrb.
682 3577 741 3638 (††
759 3579 794 3627 D.
813 3579 867 3640 22),
886 3577 920 3628 im
937 3576 1052 3628 Archivio
1069 3576 1241 3628 Arrr'uescovile
1257 3594 1288 3628 zu
1304 3580 1395 3628 Lucra.

233 3652 443 3704 Beachtemwertlr
460 3653 499 3712 ist,
524 3651 581 3700 dass
598 3650 659 3700 diere
675 3650 792 3700 Urkunde
809 3650 859 3700 siclt
878 3650 912 3701 im
930 3649 1127 3716 enbischrfliclm
1144 3649 1248 3700 Archiae
1265 3667 1296 3700 m
1314 3651 1409 3710 Lucra,
1434 3649 1512 3700 nichtr
1529 3665 1578 3700 von
1595 3646 1636 3698 ihr
1652 3650 1757 3717 dagaegen

69 3727 97 3774 in
115 3723 236 3774 Mailand
243 3725 332 3790 findet,
352 3741 389 3773 wo
406 3725 443 3774 die
460 3723 557 3773 nuisten
575 3723 618 3772 der
635 3721 736 3788 iibrrgcn
754 3723 867 3788 Diplome
884 3738 933 3772 von
951 3722 1005 3772 San
1023 3723 1148 3773 Bemdetto
1171 3723 1354 3790 untergebrarkt
1369 3723 1434 3774 sind.
1470 3723 1508 3772 Im
1530 3723 1630 3773 Gomm
1646 3721 1706 3772 sind
1720 3722 1757 3772 die

75 3797 211 3848 t'remdm
230 3797 303 3849 dieses
319 3796 413 3848 reicken
431 3795 540 3848 Klostcrr
556 3795 625 3846 stark
639 3801 764 3846 verstrae.

820 4077 887 4155 Nr.
921 4083 1008 4157 104.

70 4235 186 4321 Eugen
204 4233 270 4300 III
280 4235 397 4298 nirnmt
418 4233 479 4298 das
505 4229 636 4296 Klostrr
657 4229 726 4295 San
742 4231 883 4296 Lorenzo
898 4229 930 4296 d
929 4229 1056 4296 Aversa
1081 4230 1115 4295 in
1137 4229 1367 4315 apostolr'schen
1382 4231 1499 4298 Schutz
1521 4230 1591 4297 und
1608 4230 1758 4315 bestrtigt

633 4321 748 4386 dassen
771 4319 1010 4386 Besr'trtlrr'c'mer
1030 4320 1100 4385 und
1120 4320 1246 4386 Rechte.

678 4457 759 4518 1151
774 4452 960 4538 September
981 4459 1011 4518 6.
1042 4452 1156 4540 Segni.

232 4593 400 4674 Eugenius
416 4591 602 4674 episcopus,
625 4610 737 4654 servus
753 4610 920 4654 servomm
937 4590 999 4666 dei,
1017 4590 1138 4654 dilecto
1155 4588 1223 4653 filio
1239 4589 1414 4668 Nichola0,
1431 4590 1545 4655 abbati
1560 4591 1756 4657 venerabilis

71 4683 263 4746 monasterii
279 4683 383 4746 sancti
399 4681 575 4756 Laurentii,
601 4678 692 4762 quod
716 4680 807 4743 iuxta
830 4681 997 4744 civitatem
1013 4679 1219 4743 Aversanam
1241 4680 1340 4743 situm
1356 4691 1414 4758 est,
1439 4681 1574 4764 eiusque
1594 4682 1754 4760 fratribus,

70 4783 137 4836 tam
168 4772 378 4855 presentibus
410 4791 510 4853 quarn
534 4769 664 4846 futuris,
688 4769 869 4851 regularem
892 4771 995 4833 vitam
1025 4770 1190 4852 professis,
1214 4781 1254 4832 ΙΝ
1276 4782 1353 4833 ΡΡΜ.
1376 4806 1420 4818 -
1449 4765 1454 4857 Ι
1484 4771 1651 4852 Quoniam
1684 4773 1755 4836 sine

70 4883 146 4926 vere
177 4862 266 4925 cultu
297 4861 462 4944 religionis
497 4880 557 4922 nec
589 4859 732 4922 caritatis
761 4859 867 4923 unitas
902 4869 1015 4942 potest
1043 4859 1219 4923 subsistere
1249 4881 1312 4924 nec
1344 4860 1407 4924 deo
1440 4871 1569 4942 gratum
1606 4860 1754 4926 exhiberi

69 4953 246 5028 servitium,
271 4951 408 5034 expedit
430 4949 614 5032 apostolice
637 4949 831 5026 auctoritati,
864 4949 1031 5033 religiosas
1055 4968 1213 5031 personas
1237 4949 1371 5032 diligere
1395 4961 1428 5014 et
1449 4950 1650 5015 venerabilia
1672 4951 1754 5030 loca,

70 5042 230 5124 maxijme
254 5061 317 5123 que
340 5039 429 5103 beati
453 5039 538 5102 Petri
570 5039 646 5102 iuris
670 5039 814 5102 existunt
837 5049 871 5103 et
894 5038 937 5102 ad
959 5040 1147 5102 Romanam
1177 5040 1363 5122 specialiter
1391 5051 1543 5123 spectant
1572 5041 1754 5119 ecelesiam,

69 5131 157 5195 sedis
189 5130 372 5218 apostolice
407 5128 587 5192 munimine
618 5127 803 5192 confovere.
849 5130 1044 5211 Eapropter,
1077 5128 1188 5192 dilecti
1217 5128 1250 5192 in
1274 5129 1409 5195 domino
1433 5131 1499 5208 filii,
1523 5131 1639 5194 vestris
1662 5130 1754 5194 iustis

68 5219 349 5303 postulationibus
372 5219 550 5283 clementer
573 5218 745 5281 annuimus
769 5227 802 5282 et
825 5218 989 5302 prelatum
1012 5219 1255 5296 monasterium,
1287 5219 1320 5283 in
1348 5241 1414 5302 quo
1439 5221 1551 5284 divino
1575 5221 1753 5304 mancipati

68 5311 147 5374 estis
170 5309 342 5392 obsequio,
366 5308 410 5371 ad
433 5308 603 5390 exemplar
625 5308 866 5390 predecessoris
890 5308 1001 5384 nostri,
1034 5309 1137 5372 felicis
1160 5309 1318 5374 memorie
1345 5330 1433 5393 pape
1455 5311 1660 5388 PnscHALIS,
1691 5309 1752 5374 sub

68 5401 171 5483 ipsius
195 5399 423 5481 apostolorum
446 5397 604 5480 principis
628 5407 662 5460 et
685 5408 797 5462 nostra
819 5399 1027 5481 protectione
1050 5399 1245 5480 suscipimus
1273 5409 1307 5465 et
1329 5401 1490 5482 presentis
1521 5401 1633 5483 scripti
1657 5401 1754 5484 privi-

67 5491 155 5574 legio
188 5489 437 5553 communimus.
485 5487 690 5565 Statuentes,
723 5497 758 5551 ut
791 5509 1013 5572 quascumque
1045 5489 1283 5572 possessiones,
1317 5510 1511 5573 quecunque
1543 5490 1633 5555 bona
1664 5489 1753 5554 idem
