4126 6366
315 325 381 395 390

314 503 376 568 sub
399 504 587 567 huiusmodi
615 500 826 585 generalitate
857 503 1072 580 concludunt,
1104 505 1156 568 alii
1187 513 1337 587 preterea
1369 525 1470 568 novas
1503 505 1649 569 decimas
1687 506 1719 567 in
1761 503 1897 567 seudum
1930 503 1995 566 sibi

314 613 487 657 concessas
518 614 538 656 a
567 595 631 655 tuis
663 592 954 674 predecessoribus
986 602 1189 670 asseverant,
1220 595 1271 657 alii
1300 614 1380 658 vero
1410 597 1441 656 in
1464 597 1532 657 vita
1563 615 1635 669 sua,
1667 589 1842 676 quidam(.)
1865 592 1896 654 in
1921 611 1997 674 per·

314 690 450 765 petuum
481 683 524 745 ad
556 703 698 745 annuum
730 681 842 744 fictum
872 683 1010 745 traditas
1041 684 1103 746 sibi
1135 684 1314 761 affirmant,
1347 685 1482 765 quidam
1513 685 1647 766 insuper
1678 683 1853 746 occasione
1875 681 1996 745 veteris

315 771 556 847 decimationis,
595 791 692 852 quam
725 770 954 835 damnabiliter
989 773 1147 847 detinent,
1179 769 1349 860 [decim]as
1382 773 1547 836 novalium
1580 772 1790 836 ecclesiarum
1823 781 1996 853 usurpant.

315 859 400 942 Quia
423 863 521 944 igitur
544 861 671 923 decime
695 881 714 923 a
736 860 825 922 laicis
841 860 928 923 nulla
944 870 1083 943 possunt
1099 863 1272 925 occasione
1287 863 1429 939 delendi,
1454 882 1527 925 cum
1545 883 1600 926 eas
1616 863 1796 945 cupiditate
1812 859 1998 924 damnabili

315 958 507 1033 usurpantes
532 970 590 1032 per
614 946 889 1034 [diminut'lionem
914 951 1055 1032 ipsarum
1080 951 1236 1015 iudicium
1259 953 1320 1015 sibi
1351 948 1574 1038 mandu[cen]t
1607 960 1640 1015 et
1675 952 1799 1026 bibant,
1832 951 1998 1032 presentis

313 1039 374 1102 tibi
397 1035 531 1124 scrip[ti]
555 1040 672 1122 pagina
695 1039 848 1101 duximus
871 1039 1118 1122 indulgendum,
1142 1049 1177 1103 ut
1200 1041 1282 1116 illos,
1306 1044 1361 1122 qui
1386 1040 1509 1105 habent
1533 1044 1564 1104 in
1581 1049 1636 1104 tua
1652 1041 1777 1104 diocesi
1793 1042 2000 1113 mansiones,

315 1127 391 1191 licet
413 1129 490 1191 alibi
514 1129 690 1210 aliquando
716 1137 878 1203 maneant,
901 1137 935 1190 et
958 1137 1086 1193 ceteros
1108 1131 1154 1193 tui
1178 1133 1389 1213 episcopatus
1413 1141 1512 1210 atque
1542 1132 1624 1194 alios
1653 1131 1759 1207 etiam,
1791 1130 1822 1191 in
1855 1131 2000 1192 circum-

314 1218 535 1281 adiacentibus
559 1218 804 1300 episcopatibus
828 1227 1081 1294 commorantes,
1104 1220 1130 1281 si
1154 1241 1267 1282 eorum
1300 1220 1415 1303 prelati
1439 1220 1630 1284 commoniti
1653 1239 1710 1282 eos
1733 1219 1775 1282 ad
1792 1218 1854 1282 hec
1870 1237 2000 1300 cogere

315 1309 580 1389 pretermiserint,
605 1308 647 1369 de
670 1309 864 1369 auctoritate
888 1307 1077 1389 apostolica,
1102 1308 1216 1371 nullius
1232 1311 1492 1372 contradictione
1508 1308 1559 1372 vel
1584 1308 1804 1392 appellatione
1827 1309 1999 1382 obstante,

315 1397 446 1477 plenam
477 1417 538 1479 per
568 1396 916 1459 excommunicationis
948 1397 1000 1460 vel
1030 1398 1192 1461 interdicti
1223 1401 1419 1462 sententiam
1455 1399 1496 1461 ad
1533 1399 1771 1481 impendendas
1803 1393 1999 1484 integr{e(?)]

314 1486 459 1548 decimas
483 1486 526 1547 de
549 1485 642 1548 terris
665 1494 720 1548 tue
744 1485 884 1550 diocesis
908 1485 1056 1549 ecclesiis
1079 1508 1117 1550 ac
1141 1487 1273 1562 clericis,
1298 1489 1340 1551 ad
1364 1508 1449 1568 quos
1473 1491 1645 1570 pertinent,
1670 1496 1703 1550 et
1719 1489 1761 1550 ad
1777 1489 2000 1551 dimittendas

315 1595 379 1651 eas,
403 1594 484 1654 quas
507 1574 617 1654 aliquo
640 1575 735 1638 titulo
757 1595 794 1638 se
817 1575 986 1657 possidere
1009 1584 1209 1658 proponunt,
1240 1593 1314 1640 cum
1338 1578 1459 1641 nullum
1485 1579 1534 1641 ius
1558 1579 1590 1639 in
1613 1577 1748 1640 decimis
1772 1577 1876 1658 possit
1899 1576 2000 1639 laicis

315 1663 379 1727 ulla
404 1665 530 1726 ratione
552 1671 743 1746 competere
767 1672 800 1727 et
823 1663 960 1747 pacifice
984 1665 1193 1729 dimittendas
1217 1674 1251 1729 et
1274 1665 1418 1742 clericos,
1442 1666 1486 1729 de
1510 1667 1629 1749 quibus
1652 1667 1748 1730 suerit
1771 1667 1804 1730 in
1825 1666 2000 1729 auditorio

314 1762 371 1814 tuo
396 1753 528 1832 querela
551 1755 733 1834 proposita,
767 1754 809 1815 de
841 1754 997 1836 predictis
1030 1756 1168 1818 decimis
1198 1763 1232 1818 et
1262 1757 1428 1839 perceptis
1461 1776 1502 1819 ex
1533 1759 1579 1820 eis
1603 1755 1759 1820 fructibus
1790 1755 1830 1819 ad
1857 1756 2000 1838 plenam

314 1843 376 1905 sub
393 1851 450 1904 tuo
466 1843 616 1906 examine
632 1845 787 1906 iustitiam
806 1842 987 1906 faciendam
1004 1845 1137 1907 liberam
1155 1845 1375 1928 compellendi
1391 1844 1516 1908 habeas
1536 1843 1735 1909 facultatem.
1774 1845 2000 1908 Decernimus

315 1951 404 2014 ergo,
435 1939 470 1994 ut
493 1931 567 1994 nulli
591 1933 724 1995 omnino
749 1931 918 1995 hominum
943 1932 1048 2010 liceat,
1079 1932 1163 1998 hanc
1187 1936 1341 2016 paginam
1371 1935 1573 2017 indulgentie
1595 1943 1706 1999 nostre
1741 1935 1918 2016 infringere
1943 1934 1999 1996 vel

315 2022 344 2083 ei
368 2040 447 2083 ausu
470 2023 645 2084 temerario
668 2022 841 2085 contraire.
888 2022 923 2086 Si
940 2025 1013 2104 quis
1030 2032 1137 2087 autem
1155 2022 1219 2086 hoc
1234 2030 1432 2107 attemptare
1448 2019 1706 2108 presumplserit,
1731 2025 1999 2106 indignationem

314 2110 550 2192 omnipotentis
573 2111 625 2174 dei
642 2122 675 2175 et
690 2111 862 2174 beatorum
879 2112 966 2174 Petri
983 2118 1016 2174 et
1031 2113 1130 2189 Pauli,
1156 2113 1384 2195 apostolorum
1407 2114 1483 2190 eius
1508 2133 1544 2176 se
1568 2116 1695 2177 noverit
1717 2114 1936 2177 incursurum.
1956 2149 2001 2159 -

314 2199 390 2262 Dat.
413 2199 574 2276 Laterani,
597 2214 673 2263 xvll
695 2199 769 2262 Kal
790 2195 796 2285 Ι
816 2200 892 2262 lulii.
938 2201 1150 2265 Pontificatus
1173 2205 1276 2266 nostri
1300 2223 1386 2267 anno
1409 2206 1519 2267 tertio.

478 2313 520 2362 Or.
539 2313 572 2362 im
589 2313 703 2363 Archivio
724 2314 858 2378 Capitolare
874 2331 905 2362 ru
928 2314 1032 2363 Vercelli.

475 2385 545 2450 Perg.
563 2386 623 2446 itai,
640 2387 676 2435 br.
696 2387 782 2445 0,305,
800 2389 862 2451 [ως
880 2389 968 2446 0346,
990 2393 1067 2436 unten
1084 2388 1163 2451 0,025
1188 2390 1379 2455 umgeschlagcn,
1405 2389 1484 2438 durch
1504 2388 1563 2438 arrei
1586 2389 1679 2439 L'o'rlrer
1699 2389 1757 2454 geht
1780 2389 1817 2438 die
1842 2386 2002 2452 dunkelgetlae

314 2455 498 2516 Seidenschnur,
516 2473 550 2507 an
567 2457 610 2507 der
627 2457 671 2507 das
689 2457 815 2523 Bleirr'egel
828 2460 912 2524 ltingt,
931 2457 1041 2524 Faltrmg
1057 2458 1102 2508 der
1118 2460 1220 2509 Brcvm.

1059 2745 1125 2820 Nr.
1151 2748 1242 2821 459.

319 2874 458 2939 tilestin
470 2874 536 2939 ΠΙ
549 2877 667 2940 nimmt
679 2876 741 2940 das
752 2875 910 2960 Hospital
922 2874 1024 2940 Santa
1037 2877 1151 2942 Maria
1167 2878 1254 2942 della
1266 2875 1363 2943 Scala
1374 2877 1414 2942 di
1423 2875 1523 2944 siena
1535 2878 1597 2940 mit
1606 2877 1715 2941 seinen
1728 2875 1998 2941 Besitatlrrimem

939 2967 972 3028 in
986 2967 1219 3050 apostolisclren
1236 2965 1363 3032 Schutz.

935 3083 1019 3145 1193
1034 3082 1121 3157 Jum'
1134 3085 1184 3146 15.
1217 3084 1370 3147 Lateran.

473 3195 694 3260 CELESTINUS
718 3197 903 3280 episcopus,
934 3218 1047 3262 servus
1077 3218 1245 3262 servorum
1270 3200 1338 3274 dei,
1372 3197 1501 3262 dilectis
1523 3195 1605 3272 filiis,
1638 3179 1838 3280 pauperibus
1863 3195 1997 3272 Christi,

314 3286 346 3347 in
369 3283 531 3367 hospitali,
555 3305 662 3368 prope
682 3280 687 3368 Ι
708 3287 895 3348 canonicam
913 3283 1093 3351 Senensem
1118 3288 1304 3364 constituto,
1328 3287 1544 3364 manentibus
1568 3285 1706 3351 salutem
1723 3294 1757 3349 et
1771 3285 1996 3368 apostolicam

312 3374 588 3438 benedictionem.
619 3371 778 3455 Quotiens
794 3396 813 3438 a
829 3376 926 3439 nobis
943 3377 1070 3459 petitur,
1091 3374 1097 3462 Ι
1118 3379 1208 3458 quod
1224 3377 1371 3460 religioni
1387 3387 1421 3441 et
1435 3376 1599 3441 honestati
1615 3375 1789 3440 convenire
1800 3375 1996 3452 dinoscitur,

312 3463 421 3527 animo
460 3484 520 3527 nos
551 3465 704 3527 convenit
739 3463 853 3528 libenti
885 3467 1069 3530 concedere
1105 3474 1139 3530 et
1177 3467 1358 3550 petentium
1389 3465 1556 3531 desideriis
1588 3485 1770 3548 congruum
1799 3465 1997 3548 suffragium

313 3552 478 3635 impertiri.
524 3551 726 3636 Eapropter,
760 3553 870 3617 dilecti
900 3556 932 3618 in
963 3556 1100 3619 domino
1131 3554 1204 3631 filii,
1235 3558 1350 3620 vestris
1382 3558 1475 3620 iustis
1502 3554 1780 3638 postulationibus
1803 3563 1997 3631 annuentes,

313 3641 475 3724 hospitale
499 3643 683 3725 predictum
708 3651 743 3706 et
765 3663 813 3718 ea,
842 3662 906 3723 que
931 3645 961 3707 in
985 3647 1222 3728 presentiarum
1247 3646 1485 3710 rationabiliter
1507 3645 1658 3728 possidet
1688 3652 1744 3708 aut
1772 3645 1803 3708 in
1835 3645 1996 3722 futurum,

313 3739 482 3814 prestante
505 3733 650 3807 domino,
683 3733 774 3795 iustis
796 3734 903 3796 modis
933 3735 1053 3816 poterit
1076 3735 1230 3818 adipisci,
1263 3735 1325 3798 sub
1348 3737 1437 3800 beati
1459 3736 1548 3799 Petri
1579 3742 1613 3797 et
1643 3741 1755 3797 nostra
1784 3735 1998 3816 protectione

312 3823 510 3903 suscipimus
540 3830 574 3885 et
597 3823 758 3904 presentis
781 3825 894 3905 scripti
927 3827 1111 3907 patrocinio
1144 3827 1394 3889 communimus.
1439 3821 1647 3900 Statuentes,
1680 3831 1717 3886 ut
1746 3823 1822 3886 nulli
1852 3827 1996 3889 omnino

312 3908 480 3973 hominurn
513 3910 623 3986 liceat,
663 3911 747 3974 hanc
784 3914 941 3995 paginam
972 3923 1083 3978 nostre
1115 3917 1328 3997 protectionis
1358 3914 1532 3997 infringere
1560 3912 1614 3976 vel
1644 3912 1673 3976 ei
1704 3932 1784 3976 ausu
1817 3917 1996 3979 temerario

313 3999 483 4064 contraire.
529 3998 565 4064 Si
590 4003 662 4081 quis
686 4008 795 4064 autem
819 3999 883 4065 hoc
906 4010 1104 4086 attemptare
1135 4005 1380 4086 presumpserit,
1402 4004 1661 4087 indignationem
1682 4003 1921 4083 omnipotentis
1938 4005 1995 4068 dei

313 4096 347 4150 et
369 4088 540 4153 beatorum
564 4089 650 4152 Petri
674 4098 708 4152 et
729 4089 831 4166 Pauli,
854 4092 1079 4172 apostolorum
1103 4095 1181 4170 eius,
1204 4113 1240 4156 se
1261 4091 1266 4176 Ι
1285 4093 1413 4158 noverit
1435 4096 1646 4157 incursurum.
1670 4125 1713 4136 -
1736 4090 1812 4156 Dat
1828 4092 1996 4169 Laterani,

313 4191 388 4240 xvn
411 4179 570 4243 Kalendis
593 4179 673 4241 Iulii.
719 4178 932 4243 Pontificatus
955 4184 1057 4245 nostri
1081 4203 1167 4246 anno
1190 4182 1296 4246 tertio.

476 4294 517 4344 or.
535 4293 591 4342 m
605 4293 730 4359 abscunst
745 4294 779 4343 rm
797 4295 909 4344 Arckivn
926 4295 953 4343 a·
969 4295 1042 4357 stan,
1061 4298 1187 4363 Abschnst
1209 4298 1247 4347 ν]
1258 4298 1289 4348 a
1309 4300 1340 4347 19
1357 4305 1383 4361 p.
1402 4299 1462 4358 arr,
1479 4297 1507 4346 a
1524 4298 1568 4347 rer
1586 4297 1649 4347 aar.
1668 4296 1784 4346 amna
1800 4311 1832 4344 m
1851 4294 1937 4351 snm.

474 4365 544 4430 Perg.
564 4365 625 4426 irat,
643 4365 679 4414 br.
700 4368 785 4426 urna,
804 4367 865 4430 lang
881 4367 947 4427 0,12,
967 4375 1041 4419 urum
1059 4371 1119 4430 0,02
1139 4371 1327 4436 ampullam,
1346 4369 1425 4420 durch
1442 4373 1458 4419 2
1477 4369 1571 4420 Licha
1583 4369 1646 4435 ging
1661 4369 1698 4419 dic
1716 4368 1825 4428 Saum,
1843 4371 1934 4420 welclre
1952 4371 1998 4420 urit

313 4437 366 4486 dem
384 4435 508 4504 Blcriiegel
521 4437 637 4496 verlorm,
656 4436 765 4504 Faltung
781 4437 824 4486 drr
841 4438 941 4488 Brevm.

1058 4725 1124 4800 Nr.
1151 4730 1240 4802 460.

317 4854 454 4918 Co'lestin
471 4855 537 4919 III
552 4856 691 4920 schreibt
712 4856 774 4920 den
796 4857 1079 4922 Domkanonikern
1102 4879 1163 4922 von
1189 4857 1329 4937 Vercelli,
1353 4857 1432 4922 dass
1451 4857 1527 4920 kein
1545 4857 1625 4922 Lair
1647 4879 1708 4921 von
1726 4858 1824 4921 ihren
1839 4857 1992 4923 Arbeiten

798 4946 945 5010 Zeltnten
960 4947 994 5010 in
1008 4947 1185 5032 Anspruch
1200 4948 1333 5012 nahmen
1348 4947 1450 5026 diirfe
1466 4948 1506 5025 ¹).

839 5064 923 5125 1193
938 5062 1017 5137 Julz·
1028 5066 1062 5127 2.
1095 5061 1128 5127 S.
1144 5064 1240 5128 Peter
1253 5084 1313 5126 von
1329 5061 1412 5126 Rom
1429 5063 1468 5138 ²).

472 5175 692 5242 CELESTINUS
710 5179 894 5260 episcopus,
918 5198 1029 5242 servus
1046 5199 1212 5244 servorum
1229 5179 1293 5256 dei,
1318 5178 1447 5243 dilectis
1463 5178 1545 5254 filiis,
1570 5177 1735 5242 canonicis
1751 5179 1840 5242 beati
1858 5178 1991 5244 Eusebii

310 5264 541 5340 Vercellensis‚
572 5266 710 5330 salutem
731 5267 735 5350 Ι
757 5275 790 5330 et
820 5267 1038 5350 apostolicam
1062 5269 1336 5333 benedictionem.
1382 5269 1418 5333 Si
1442 5270 1575 5352 quando
1599 5289 1618 5331 a
1641 5267 1738 5330 nobis
1757 5267 1785 5348 a)
1809 5269 1990 5348 requiritur,

312 5355 402 5433 quod
427 5355 544 5418 rationi
568 5359 742 5419 conveniat
765 5366 799 5420 et
821 5366 982 5421 consonet
1004 5353 1193 5442 honestalti,
1224 5358 1403 5440 petentium
1427 5357 1596 5422 desideriis
1626 5376 1794 5420 assensum
1829 5356 1989 5421 debemus

311 5442 439 5506 facilem
464 5444 620 5526 impertiri
644 5453 677 5507 et
701 5464 813 5509 eorum
838 5456 916 5511 vota
939 5446 1088 5512 celeriter
1109 5446 1300 5529 adimplere.
1346 5446 1542 5532 Eapropter,
1575 5445 1684 5509 dilecti
1708 5447 1740 5508 in
1765 5445 1904 5509 domino
1927 5445 1990 5522 filii,

311 5534 427 5596 vestris
450 5532 539 5596 iustis
563 5533 838 5616 postulationibus
863 5537 1006 5601 inclinati
1030 5546 1065 5601 et
1087 5537 1332 5601 considerantes
1355 5537 1462 5614 etiam,
1487 5537 1577 5617 quod
1593 5537 1724 5600 decime
1743 5536 1809 5599 sint
1824 5555 1869 5598 ex
1891 5537 1988 5600 sacris

470 5677 496 5734 a)
514 5689 530 5722 a
542 5689 558 5722 n
570 5643 792 5738 assumes-
811 5678 847 5740 a)
873 5675 951 5742 νηί.
965 5676 1002 5725 dre
1017 5675 1246 5726 Urbanum
1265 5675 1520 5739 Aprilrrrr-rrsr
1533 5677 1630 5726 undrt
1646 5675 1715 5740 Μ
1725 5677 1799 5725 1193.
1876 5679 1903 5740 ε)
1921 5675 1988 5724 Auci

310 5744 360 5794 eim
382 5743 498 5794 Urkrmde
519 5745 633 5795 Cilesttirs
653 5747 701 5795 III
712 5763 768 5796 vom
787 5747 803 5796 3
824 5748 885 5812 Julr'
904 5748 969 5798 1193
987 5748 1018 5798 ist
1034 5763 1063 5797 ru
1082 5747 1108 5800 S.
1128 5747 1198 5798 Peter
1214 5763 1262 5800 vm
1279 5749 1342 5798 Rom
1359 5749 1502 5813 arogesullr.
1539 5747 1617 5797 Neues
1633 5748 1708 5797 Arch.
1733 5745 1790 5796 VII.
1810 5745 1837 5796 S.
1851 5747 1912 5797 118.
