4126 6356
1692 321 1750 404 165

78 510 121 580 et,
145 505 205 584 qui
229 505 260 568 in
283 506 447 572 suburbiis
470 515 553 586 sunt,
576 508 688 573 solitas
711 509 921 590 obedientias,
943 511 1098 577 videlicet
1120 513 1162 579 ad
1185 513 1301 576 crisma
1317 512 1565 589 conficiendum,
1587 510 1753 598 baptisma

78 592 322 672 celebrandum,
353 597 385 660 in
408 597 546 676 letaniis,
579 600 611 662 iu
634 601 901 683 processionibus
924 603 1162 680 communibus,
1193 605 1226 667 in
1249 602 1480 667 festivitatibus
1504 610 1538 666 et
1559 600 1752 666 stationibus

79 683 213 747 maioris
244 685 380 775 ecclesie
413 688 521 752 eidem
545 689 737 772 impendant
760 689 906 780 ecclesie,
936 701 971 754 ut
993 693 1164 757 vobiscum
1187 694 1304 756 adsint.
1352 693 1453 756 Porro
1477 693 1511 756 in
1533 693 1645 780 quinte
1671 691 1752 780 ferie

78 781 177 860 nocte
201 783 280 838 ante
302 774 426 858 pascha
448 777 537 841 nulla
559 778 698 842 ecclesia
716 780 896 844 secundum
913 799 1038 845 morem
1054 790 1161 845 vestre
1177 781 1313 868 ecclesie
1334 801 1510 865 campanas
1529 789 1624 846 sonet
1645 801 1752 862 neque

77 862 110 926 iu
131 861 278 927 sabbato
299 875 413 930 sancto
438 886 568 931 cereum
592 867 774 946 benedicat,
797 876 847 933 set
869 873 913 934 ad
935 871 1135 954 baptismum
1161 872 1298 954 predicti
1320 871 1429 936 clerici
1452 892 1496 935 ex
1516 870 1752 935 consuetudine

77 954 223 1017 veniant.
271 952 370 1019 Nulla
408 965 558 1038 preterea
590 957 799 1022 ecclesiarum
834 961 947 1024 missas
987 959 1185 1044 sollempnes
1219 959 1360 1024 celebret
1393 962 1426 1024 in
1459 960 1631 1025 festivitate
1662 960 1752 1024 beati

78 1039 215 1106 Martini
231 1050 266 1106 et
283 1045 387 1108 sancti
403 1045 519 1128 Reguli
539 1055 572 1111 et
594 1048 739 1111 secunda
761 1047 840 1111 feria
855 1048 977 1137 pasche
993 1058 1026 1114 et
1041 1053 1074 1114 in
1089 1050 1356 1133 processionibus
1372 1051 1630 1134 quadragesime,
1647 1050 1753 1113 donec

76 1133 232 1195 stationis
253 1131 421 1198 solvantur
442 1144 630 1200 conventus.
675 1135 791 1201 Nullus
814 1141 912 1202 etiam
936 1140 1129 1204 clericorum
1146 1139 1288 1204 officium
1304 1141 1451 1204 vivorum
1468 1147 1525 1203 aut
1539 1146 1752 1214 mortuorum,

77 1220 118 1283 ad
151 1222 322 1286 matricem
355 1223 525 1288 ecclesiam
556 1227 731 1309 pertinens,
764 1226 872 1291 facere
894 1230 947 1292 vel
977 1229 1143 1293 celebrare
1173 1237 1348 1312 presumat.
1394 1230 1450 1293 Ad
1481 1228 1543 1316 hec
1572 1227 1751 1292 adicientes

77 1311 264 1388 statuimus,
295 1319 331 1376 ut
353 1312 482 1402 decime
509 1317 650 1379 matricis
673 1315 811 1404 ecclesie
842 1318 884 1381 ab
915 1317 973 1396 his,
1003 1321 1059 1402 qui
1081 1320 1237 1395 tribuunt,
1270 1339 1336 1381 non
1366 1317 1567 1394 fraudentur,
1599 1324 1633 1380 et
1663 1316 1752 1380 nulla

76 1418 132 1462 eas
164 1399 325 1466 clericalis
356 1423 498 1486 persona
527 1405 687 1490 subripiat
715 1412 772 1470 aut
802 1407 970 1472 diminuat.
1022 1407 1111 1472 Nulli
1140 1409 1239 1472 etiam
1272 1410 1431 1491 episcopo
1462 1407 1571 1484 liceat,
1609 1405 1750 1486 aliquem

77 1491 226 1553 matricis
249 1490 385 1579 ecclesie
408 1496 601 1558 canonicum
625 1495 735 1558 officio
763 1516 820 1560 seu
850 1497 1012 1562 beneficio
1042 1498 1110 1561 sine
1141 1499 1300 1561 canonico
1330 1499 1459 1580 privare
1489 1497 1619 1560 iudicio.
1664 1493 1750 1559 Sane

77 1578 248 1643 caritativa
279 1583 427 1646 ciborum
460 1584 632 1661 beneficia,
670 1603 734 1666 que
765 1586 809 1650 ab
841 1588 1005 1670 episcopis
1036 1589 1167 1664 vestris,
1202 1589 1272 1650 sive
1301 1594 1470 1670 presentes
1500 1589 1568 1649 sive
1598 1584 1751 1649 absentes

76 1667 206 1744 fuerint,
236 1671 289 1734 vel
311 1671 355 1734 ab
378 1671 449 1736 aliis
472 1672 594 1738 clericis
624 1674 667 1737 de
699 1675 828 1740 civitate
850 1676 985 1740 Lucana
1014 1685 1047 1740 et
1077 1677 1144 1740 eius
1171 1676 1280 1760 burgis
1309 1678 1342 1739 in
1374 1675 1632 1739 sollemnioribus
1661 1674 1751 1737 festis

76 1761 294 1823 consuevistis
317 1761 474 1845 accipere,
498 1764 581 1827 sicut
604 1765 636 1827 in
652 1765 823 1828 refectorio
839 1765 973 1830 fratrum
989 1767 1092 1830 sancti
1108 1765 1261 1841 Fridiani,
1286 1785 1369 1848 quos
1384 1787 1451 1829 non
1469 1766 1574 1828 minus
1589 1763 1751 1844 aliquibus

76 1847 228 1912 eiusdem
253 1849 387 1913 civitatis
411 1851 536 1916 clericis
560 1853 730 1936 religiosos
751 1854 822 1919 fore
845 1857 1015 1932 credimus,
1038 1864 1172 1920 actenus
1195 1856 1392 1938 suscepistis,
1416 1855 1461 1918 sic
1488 1862 1555 1917 tam
1579 1854 1611 1916 in
1637 1873 1751 1916 eorun-

76 1937 154 2000 dem
178 1937 315 2003 fratrum
339 1941 521 2018 refectori0,
544 1963 642 2024 quam
666 1945 699 2006 in
723 1943 898 2009 refectorio
920 1948 1023 2009 sancti
1039 1945 1186 2010 Pontiani
1201 1955 1235 2009 et
1249 1944 1382 2008 aliarum
1400 1945 1610 2008 ecclesiarum
1627 1942 1750 2006 exiberi

75 2034 110 2089 et
130 2026 231 2092 vobis
254 2029 434 2112 vestrisque
456 2033 595 2114 posteris
618 2041 689 2096 rata
710 2034 909 2117 precipimus
941 2043 974 2098 et
1002 2035 1124 2098 illibata
1153 2037 1282 2099 servari.
1327 2036 1495 2110 Preterea,
1525 2053 1750 2116 quascumque

77 2119 315 2198 possessiones,
339 2139 545 2202 quecumque
568 2120 657 2186 bona
680 2123 796 2187 eadem
821 2124 959 2188 ecclesia
974 2127 1007 2188 in
1024 2127 1258 2208 presentiarum
1274 2125 1357 2189 ius'te
1372 2132 1405 2188 et
1420 2125 1578 2187 canonice
1593 2122 1749 2205 possidet,

76 2214 132 2269 aut
167 2206 202 2269 in
241 2207 384 2273 futurum
422 2211 632 2276 concessione
666 2213 875 2294 pontificum,
910 2214 1081 2296 largitione
1112 2235 1224 2297 regum
1255 2214 1307 2278 vel
1343 2215 1542 2296 principum,
1584 2211 1750 2276 oblatione

76 2294 226 2360 fidelium
257 2317 314 2362 seu
349 2298 417 2362 aliis
444 2301 536 2364 iustis
568 2303 676 2365 modis
706 2303 772 2367 deo
804 2303 948 2386 propitio
978 2305 1100 2386 poterit
1129 2305 1285 2387 adipisci,
1322 2303 1415 2366 firma
1444 2302 1539 2366 vobis
1568 2303 1749 2381 vestrisque

76 2387 322 2450 successoribus
351 2396 386 2451 et
417 2389 542 2454 illibata
572 2400 792 2474 permaneant.
844 2393 880 2455 In
912 2393 1029 2475 quibus
1066 2391 1128 2457 hec
1166 2394 1306 2476 propriis
1345 2392 1499 2456 duximus
1538 2391 1763 2474 exprimenda·

77 2475 264 2539 vocabulis:
302 2474 467 2560 hospitale
496 2483 599 2544 sancti
630 2482 761 2545 Martini
791 2502 866 2545 cum
897 2482 1036 2546 ecclesia
1070 2485 1174 2546 sancti
1204 2481 1398 2558 Alexandri,
1439 2480 1611 2546 ecclesiam
1648 2482 1750 2543 sancti

77 2561 239 2647 Stephani
269 2565 312 2630 de
341 2575 452 2631 curtae
481 2570 585 2632 sancti
615 2568 760 2648 Martini,
792 2571 963 2635 ecclesiam
993 2574 1096 2635 sancti
1127 2571 1338 2648 Christofori‚
1374 2571 1528 2652 quicquid
1557 2566 1688 2633 habetis
1718 2571 1751 2632 in

78 2654 217 2718 ecclesia
240 2655 342 2719 sancti
364 2656 452 2734 Iusti,
476 2657 645 2723 ecclesiam
669 2661 770 2724 sancti
794 2659 939 2748 Thome;
972 2669 1065 2725 extra
1095 2663 1260 2725 civitatem
1291 2661 1462 2725 ecclesiam
1485 2660 1528 2723 de
1543 2659 1750 2741 Massagrosi,

78 2743 251 2807 ecclesiam
274 2746 318 2809 de
341 2744 479 2823 Gualdo,
503 2747 676 2814 ecclesiam
701 2751 744 2814 de
766 2749 922 2826 Fabialla,
946 2750 1117 2814 ecclesiam
1142 2753 1185 2815 de
1207 2749 1288 2814 valle
1312 2751 1485 2825 Prumaria,
1508 2757 1575 2812 tres
1598 2748 1750 2811 ecclesias

78 2833 118 2896 de
141 2833 440 2912 Massamacinaria,
472 2838 644 2902 ecclesiam
676 2839 718 2902 de
741 2838 868 2916 Villule,
899 2839 1068 2905 ecclesiam
1099 2841 1142 2904 de
1167 2837 1307 2916 Ciciana,
1338 2840 1509 2903 ecclesiam
1539 2838 1642 2900 sancti
1666 2836 1750 2901 Con·

78 2922 179 2986 cordii
202 2925 295 2987 iuxta
316 2924 481 3002 Arsinam,
512 2927 684 2992 ecclesiam
708 2930 810 2992 sancti
832 2930 917 2992 Petri
940 2932 984 2993 de
1008 2928 1145 3006 Octavo,
1176 2929 1346 2994 ecclesiam
1370 2929 1413 2993 de
1437 2926 1574 2992 Galleno
1598 2927 1629 2989 in
1652 2924 1751 3009 plebe

77 3012 119 3075 de
141 3011 291 3091 Cerreto,
319 3014 490 3079 ecclesiam
512 3025 625 3104 sancte
649 3018 751 3105 Marie
774 3019 817 3082 de
840 3016 967 3096 Streda,
999 3025 1032 3083 et
1055 3019 1228 3084 ecclesiam
1250 3020 1294 3082 de
1317 3019 1482 3097 Corliano,
1515 3015 1683 3080 ecclesiam
1707 3015 1750 3080 de

77 3099 223 3182 Nechia,
254 3103 427 3168 ecclesiam
459 3107 563 3170 sancti
586 3107 656 3172 Viti
687 3108 729 3171 de
751 3109 951 3186 Picciorano,
983 3116 1016 3172 et
1045 3107 1177 3191 plebem
1204 3110 1247 3172 de
1270 3106 1477 3191 Sugruminio
1500 3125 1575 3169 cum
1599 3105 1750 3169 omnibus

77 3192 210 3275 capellis
241 3195 323 3271 suis;
346 3196 424 3259 item
455 3196 488 3258 in
517 3197 650 3261 civitate
679 3197 850 3262 ecclesiam
880 3199 984 3262 sancti
1007 3197 1187 3276 Anastasii,
1217 3198 1362 3262 decimas
1393 3198 1589 3272 reddituum,
1621 3197 1677 3279 qui
1707 3197 1750 3259 de

77 3282 209 3348 Lucana
243 3284 332 3347 curia
362 3286 522 3368 episcopo
555 3287 758 3368 proveniunt.
804 3285 1013 3371 Sepulturam
1044 3307 1178 3368 quoque
1208 3287 1308 3372 ipsius
1337 3286 1399 3350 loci
1422 3286 1555 3351 liberam
1580 3305 1651 3348 esse
1674 3305 1750 3349 con·

77 3374 236 3450 cedimus,
266 3379 302 3436 ut
325 3393 438 3439 eorum
462 3376 631 3440 devotioni
655 3383 688 3439 et
711 3384 858 3464 extreme
884 3377 1053 3453 voluntati,
1083 3378 1139 3458 qui
1169 3397 1205 3441 se
1235 3377 1300 3441 illic
1330 3377 1461 3460 sepeliri
1492 3375 1750 3450 deliberaverint,

77 3466 134 3528 nisi
156 3463 247 3528 forte
271 3465 546 3530 excommunicati
569 3465 620 3529 vel
642 3464 804 3530 interdicti
827 3467 899 3542 sint,
930 3466 1032 3530 nullus
1056 3465 1205 3532 obsistat.
1250 3466 1466 3530 Decernimus
1493 3484 1582 3548 ergo,
1613 3473 1649 3527 ut
1672 3461 1749 3527 nulli

76 3555 209 3619 omnino
241 3551 409 3616 hominum
439 3553 541 3631 liceat,
574 3555 736 3638 prefatam
774 3555 946 3620 ecclesiam
978 3603 985 3618 .
1017 3603 1025 3618 .
1057 3604 1064 3618 .
1094 3556 1292 3620 omnimodis
1327 3555 1505 3638 profutura,
1540 3553 1631 3618 salva
1663 3553 1749 3617 sedis

76 3645 261 3732 apostolice
293 3645 495 3709 auctoritate.
549 3645 584 3710 Si
617 3663 682 3725 qua
714 3645 843 3728 igitur.
869 3642 1062 3709 ..Cunctis
1091 3653 1201 3709 autem
1234 3695 1240 3708 .
1271 3695 1277 3709 .
1307 3693 1314 3708 .
1344 3645 1517 3709 inveniant.
1564 3642 1683 3706 Amen.
1705 3679 1749 3688 —

76 3733 162 3800 Am.
187 3733 311 3799 Amen.
336 3769 380 3779 -

290 3822 346 3903 (R)
369 3824 442 3906 Ego
465 3822 632 3887 Adrianus
654 3820 815 3912 catholice
839 3823 974 3912 ecclesie
997 3824 1174 3906 episcopus
1196 3844 1237 3887 ss.
1261 3823 1323 3902 (M)

290 3913 311 3993 †
333 3911 407 3996 Ego
430 3911 570 3976 Ymarus
592 3912 795 3977 Tusculanus
817 3916 993 3996 episcopus
1016 3933 1057 3976 ss.

290 4002 311 4082 †
334 4003 406 4086 Ego
430 4001 567 4066 Cencius
592 4001 778 4066 Portuensis
802 4011 835 4066 et
857 4011 972 4066 sancte
994 4002 1111 4066 Rufine
1134 4003 1308 4086 episcopus
1330 4022 1371 4066 ss.

290 4093 311 4173 †
334 4092 407 4175 Ego
430 4089 608 4174 Gregorius
631 4090 819 4156 Sabinensis
843 4094 1019 4175 episcopus
1042 4112 1084 4155 ss.
1109 4091 1178 4178 (10)

290 4216 334 4226 -
357 4182 430 4265 Ego
454 4179 563 4245 Guido
586 4182 749 4264 presbiter
772 4182 943 4245 cardinalis
965 4183 1014 4245 tit.
1036 4184 1141 4246 sancti
1166 4180 1339 4264 Grisogoni
1363 4199 1403 4243 ss.

335 4270 407 4354 Ego
430 4268 603 4334 Hubaldus
626 4270 789 4353 presbiter
812 4271 983 4336 cardinalis
1006 4273 1054 4334 tit.
1079 4279 1190 4358 sancte
1215 4269 1370 4335 Praxedis
1392 4289 1433 4333 ss.

335 4358 408 4443 Ego
432 4359 623 4424 Manfredus
647 4360 810 4443 presbiter
832 4361 1002 4425 cardinalis
1024 4361 1072 4425 tit.
1095 4369 1207 4448 sancte
1230 4357 1348 4446 Savine
1371 4379 1413 4422 ss.

334 4450 407 4534 Ego
431 4448 604 4514 Aribertus
628 4450 789 4532 presbiter
812 4451 981 4515 cardinalis
1003 4453 1052 4514 tit.
1076 4459 1189 4537 sancte
1211 4449 1385 4534 Anastasie
1409 4469 1450 4512 ss.

335 4539 408 4622 Ego
430 4538 527 4602 lulius
551 4538 713 4622 presbiter
736 4539 906 4604 cardinalis
928 4543 977 4605 tit.
1000 4541 1100 4604 sancti
1125 4539 1270 4604 Marcelli
1293 4561 1334 4603 ss.
1357 4536 1404 4624 (2)

333 4631 407 4712 Ego
430 4627 630 4692 Octavianus
653 4628 817 4710 presbiter
840 4630 1012 4693 cardinalis
1035 4631 1082 4694 tit.
1106 4637 1217 4714 sancte
1242 4629 1363 4717 Cecilie
1385 4647 1427 4692 ss.

290 4714 311 4800 †
334 4718 407 4801 Ego
431 4717 588 4782 Astaldus
612 4717 776 4801 presbiter
799 4719 970 4783 cardinalis
995 4721 1043 4784 tit.
1067 4729 1177 4805 sancte
1200 4721 1308 4806 Prisce
1332 4739 1373 4782 ss.
1397 4713 1443 4802 (3)

290 4803 311 4889 †
333 4809 406 4891 Ego
429 4808 589 4872 Iohannes
613 4808 776 4891 presbiter
798 4808 968 4873 cardinalis
992 4809 1038 4871 tit.
1061 4817 1248 4873 sanctorum
1272 4809 1419 4873 Silvestri
1443 4812 1476 4870 et
1499 4804 1628 4867 Martini
1651 4823 1692 4867 ss.

289 4931 333 4941 -
354 4898 374 4979 †
397 4896 470 4980 Ego
495 4895 597 4962 Oddo
620 4897 775 4960 diaconus
799 4898 971 4961 cardinalis
994 4899 1099 4962 sancti
1124 4897 1258 4981 Georgii
1289 4899 1331 4961 ad
1354 4895 1473 4961 Velum
1497 4913 1631 4957 aureum
1654 4914 1695 4956 ss.

289 4985 310 5070 †
332 4987 404 5070 Ego
428 4987 589 5051 Rodulfus
611 4988 768 5050 diaconus
791 4987 964 5052 cardinalis
987 4995 1099 5073 sancte
1123 4986 1223 5073 Lucie
1247 4989 1280 5050 in
1304 4988 1406 5070 Septa
1428 4983 1505 5048 solis
1528 5003 1569 5045 ss.

288 5075 310 5246 e
333 5078 405 5158 Ego
430 5075 537 5140 Guido
561 5077 719 5140 diaconus
742 5077 911 5140 cardinalis
934 5085 1047 5165 sancte
1071 5079 1173 5163 Marie
1198 5079 1230 5141 in
1252 5076 1381 5140 Porticu
1404 5095 1445 5137 ss.

333 5165 406 5248 Ego
429 5163 590 5229 lohannes
613 5166 769 5230 diaconus
793 5167 965 5231 cardinalis
987 5174 1175 5230 sanctorum
1199 5164 1305 5249 Sergii
1327 5174 1361 5230 et
1382 5161 1484 5228 Bachi
1506 5181 1547 5225 ss.

288 5254 309 5339 †
332 5255 404 5337 Ego
428 5253 593 5319 Gerardus
616 5256 773 5318 diaconus
797 5255 969 5320 cardinalis
991 5264 1103 5342 sancte
1128 5255 1229 5345 Marie
1252 5257 1284 5319 in
1307 5257 1371 5320 Via
1393 5254 1459 5318 lata
1481 5272 1522 5315 ss.

288 5341 310 5424 †
330 5345 403 5428 Ego
429 5342 507 5408 Odo
529 5344 687 5408 diaconus
709 5345 880 5409 cardinalis
904 5345 1005 5409 sancti
1028 5344 1179 5409 Nicholai
1203 5347 1387 5409 incarcere
1411 5342 1562 5406 Tulliano
1584 5361 1626 5403 ss.
1650 5335 1697 5424 (7)

235 5434 357 5498 Datum
389 5434 496 5497 Rome
528 5435 616 5517 apud
647 5441 795 5497 sanctum
827 5434 974 5513 Petrum,
1009 5455 1069 5517 per
1100 5455 1231 5499 manum
1262 5435 1421 5510 Rolandi,
1454 5440 1567 5516 sancte
1599 5430 1747 5511 Romane

80 5524 213 5612 ecclesie
236 5523 409 5608 presbiteri
433 5523 603 5588 cardinalis
634 5532 668 5587 et
691 5525 882 5588 cancellarii.
919 5539 982 5588 XVI
1004 5523 1078 5588 Kal.
1103 5524 1188 5588 Maii.
1225 5525 1407 5589 indictione
1430 5537 1477 5587 111.
1514 5520 1747 5584 Incamationis

80 5613 242 5702 dominice
265 5634 351 5677 anno
375 5624 480 5675 MCLv.
527 5611 737 5677 Pontificatus
759 5633 839 5678 vero
863 5614 979 5679 domni
1001 5612 1138 5678 Adriani
1162 5615 1268 5696 quarti
1294 5614 1353 5678 ΡΡ.
1377 5634 1464 5677 anno
1488 5613 1606 5696 primo.
1632 5643 1672 5656 -

237 5729 280 5779 Or.
309 5727 375 5792 (ΒΕ.
392 5726 441 5782 Nr.
461 5731 487 5796 6)
514 5729 570 5778 arrd
590 5726 716 5793 Abschrr'st
741 5729 781 5777 cler
805 5730 949 5782 Bullatium
965 5729 1070 5795 12136,
1099 5728 1133 5778 im
1154 5727 1269 5780 Archivia
1295 5728 1429 5795 capitolare
1454 5744 1485 5778 ru
1502 5727 1599 5786 Lurca;
1625 5722 1750 5790 Abschnjft

84 5799 111 5854 G.
132 5801 200 5854 VIII.
218 5801 271 5854 243
284 5807 313 5867 p.
331 5801 390 5863 120,
407 5799 451 5852 der
467 5799 532 5851 Bibl·
554 5799 671 5868 Cha'gr'ana
689 5816 718 5851 aa
734 5801 804 5852 Ram.
