4126 6366
1697 321 1762 392 347

828 491 896 568 Nr.
921 497 1011 570 395.

82 627 211 711 Gregor
235 625 327 693 VIII
342 627 493 710 bestiitrgt
514 627 589 692 dem
606 624 737 690 Kloster
751 623 818 689 San
834 626 1002 692 Benedetto
1018 628 1064 692 Po
1086 627 1145 708 (D.
1161 627 1334 707 Mantova)
1356 628 1411 692 die
1433 627 1681 716 Ueberweisung
1702 627 1764 696 der

242 715 362 782 Kr'rclre
378 713 472 782 Sant’
487 716 599 804 Agata
615 715 673 798 (D.
690 716 852 801 Ferrara)
868 716 970 780 durch
986 718 1049 781 den
1064 716 1205 798 Bischos
1212 717 1367 799 Muduls
1373 739 1435 782 von
1451 719 1604 783 Ferrum.

668 833 755 894 1187
769 829 951 897 November
966 836 996 898 7.
1028 832 1182 896 Ferrara.

242 951 453 1017 GREGORIUS
477 949 669 1031 episcopus,
701 969 812 1013 servus
842 969 1009 1013 servorum
1032 949 1102 1026 dei,
1134 949 1260 1014 dilectis
1292 950 1380 1026 filiis,
1411 950 1552 1016 Alberto
1583 952 1697 1015 abbati
1729 961 1763 1016 et

79 1043 259 1106 conventui
282 1041 386 1106 sancti
410 1037 590 1115 Benedicti,
621 1039 818 1103 salutemet
848 1038 1065 1121 apostolicam
1088 1039 1363 1104 benedictionem.
1410 1042 1467 1118 Ea,
1500 1059 1565 1123 que
1595 1041 1761 1124 religionis

79 1132 199 1196 intuitu
238 1131 463 1196 conceduntur
500 1138 534 1192 et
570 1147 631 1211 pro
672 1128 853 1192 animarum
880 1125 886 1214 Ι
912 1128 1016 1192 salute
1055 1129 1174 1192 fuerint
1213 1128 1365 1194 ordinata
1404 1130 1495 1193 iuxta
1524 1130 1761 1213 postulantium

78 1221 276 1298 voluntates,
307 1239 383 1283 cum
406 1240 426 1282 a
449 1219 575 1282 ratione
599 1237 667 1281 non
691 1218 886 1300 discrepent,
919 1238 961 1282 ne
984 1218 1119 1281 alicuius
1141 1218 1316 1282 insolentia
1339 1220 1576 1302 perturbentur,
1607 1221 1762 1285 convenit

79 1309 269 1393 apostolico
308 1307 488 1372 munimine
526 1307 682 1370 roborari.
739 1306 941 1390 Eapropter,
970 1303 975 1392 Ι
1002 1309 1066 1389 piis
1103 1308 1218 1371 vestris
1255 1309 1532 1390 postulationibus
1571 1319 1760 1387 annuentes,

79 1400 255 1464 ecclesiam
278 1408 391 1463 sancte
414 1395 574 1479 Agathes,
606 1398 639 1459 in
667 1396 861 1479 episcopatu
884 1396 1080 1460 Ferrariensi
1105 1398 1258 1479 positam,
1289 1399 1374 1461 sicut
1395 1418 1469 1461 eam
1492 1399 1580 1462 bone
1603 1399 1761 1463 memorie

80 1485 306 1573 Mandulfus),
337 1487 552 1552 Ferrariensis
582 1484 808 1570 episcopus1),
841 1486 1078 1550 rationabiliter
1105 1487 1306 1550 monasterio
1336 1497 1446 1551 vestro
1480 1487 1616 1553 donavit
1645 1498 1679 1552 et
1700 1509 1761 1552 vos

78 1578 220 1662 pacifice
249 1577 426 1661 possidetis
457 1596 497 1639 ac
527 1577 561 1638 in
591 1575 739 1638 eiusdem
770 1575 916 1658 episcopi
950 1576 1165 1640 instrumento
1205 1576 1371 1640 autentico
1411 1577 1612 1654 continetur,
1652 1578 1760 1641 eidem

79 1669 283 1734 monasterio
306 1667 501 1731 auctoritate
525 1665 709 1747 apostolica
731 1665 971 1728 confirmamus.
1016 1665 1073 1728 Ad
1097 1665 1254 1729 maiorem
1274 1675 1384 1730 autem
1399 1666 1588 1730 firmitatem
1603 1667 1761 1749 scriptum

79 1758 162 1821 illud
193 1759 236 1821 de
266 1757 369 1821 verbo
400 1756 443 1818 ad
472 1755 610 1819 verbum
641 1754 869 1818 mandavimus
900 1754 1117 1818 inserendum.
1163 1755 1200 1818 ln
1230 1755 1364 1820 nomine
1386 1765 1499 1820 sancte
1531 1767 1564 1819 et
1593 1756 1761 1820 individue

78 1847 244 1912 trinitatis.
283 1845 357 1929 Ego
372 1839 587 1928 L(andulfus),
613 1843 666 1908 dei
682 1844 786 1925 gratia
808 1845 1022 1907 Ferrariensis
1045 1843 1181 1908 ecclesie
1204 1845 1389 1927 episcopus,
1413 1845 1490 1909 licet
1512 1845 1673 1927 indignus,
1695 1846 1761 1910 hoc

79 1938 182 2001 breve
213 1937 255 2000 ad
286 1944 481 2018 perpetuam
513 1934 705 1997 memoriam
734 1933 849 1996 vestris
879 1942 1128 2015 vestrorumque
1157 1954 1381 1998 successorum
1412 1934 1525 1998 futuris
1555 1936 1761 2017 temporibus

79 2027 288 2091 retinendam
311 2024 380 2088 fieri
396 2023 610 2106 precepimus.
649 2024 757 2087 Decet
771 2023 859 2086 enim
875 2021 1100 2105 episcopalem
1116 2022 1324 2087 clementiam
1340 2023 1459 2088 sanctis
1475 2033 1508 2088 et
1522 2024 1761 2089 venerabilibus

79 2117 163 2180 locis
186 2115 230 2180 ad
252 2115 435 2179 subsidium
457 2120 491 2176 et
514 2112 660 2194 quietem
683 2111 746 2175 deo
770 2112 980 2176 servientium
1004 2112 1128 2194 aliquid
1151 2113 1299 2176 conferre
1323 2134 1362 2177 ac
1385 2133 1499 2177 eorum
1514 2113 1674 2196 religiosis
1688 2135 1760 2197 pre·

79 2207 175 2270 cibus
197 2225 330 2287 semper
352 2222 503 2277 annuere,
529 2201 682 2284 quatinus
698 2202 845 2284 ipsorum
869 2202 1051 2264 interventu
1076 2201 1232 2284 imposita
1247 2203 1345 2266 nobis
1363 2204 1446 2266 tanti
1462 2203 1618 2286 ponderis
1634 2204 1762 2267 sarcina

79 2296 184 2360 levior
198 2293 266 2370 fiat,
283 2293 395 2357 divina
410 2291 593 2375 opitulante
610 2289 839 2354 misericordia.
870 2291 1051 2374 Propterea
1065 2311 1129 2373 ego
1144 2287 1369 2377 .L(andulfus),
1386 2293 1599 2356 Ferrariensis
1623 2293 1760 2357 ecclesie

78 2385 188 2448 dictus
219 2384 404 2466 episcopus,
436 2381 549 2444 domni
590 2375 826 2465 ,Hierimannih
854 2380 1047 2444 venerabilis
1070 2382 1259 2446 monasterii
1281 2383 1386 2446 sancti
1409 2378 1580 2445 Benedicti
1603 2377 1760 2467 (abbatis)

75 2493 278 2555 suorumque
302 2473 437 2535 fratrum
460 2469 611 2553 precibus
635 2479 824 2546 annuentes,
856 2469 1029 2533 ecclesiam
1052 2480 1165 2534 sancte
1187 2469 1331 2554 Agathe,
1364 2472 1398 2534 in
1428 2480 1541 2534 nostro
1565 2473 1759 2554 episcopatu

74 2565 185 2638 sitam,
209 2562 318 2626 eidem
341 2559 541 2624 monasterio
564 2560 599 2623 in
621 2569 819 2642 perpetuum
841 2558 1062 2636 concedimus,
1087 2579 1186 2641 quam
1210 2561 1310 2624 etiam
1332 2558 1395 2624 hac
1417 2561 1569 2624 libertate
1588 2561 1759 2638 donamus,

75 2652 239 2728 videlicet,
272 2659 308 2714 ut
338 2651 428 2714 omni
461 2649 547 2712 mala
567 2650 620 2712 vel
651 2668 753 2731 prava
783 2649 958 2712 exactione
992 2659 1061 2712 tam
1093 2649 1258 2732 episcopi,
1293 2670 1393 2731 qnam
1416 2649 1678 2733 archipresbiteri
1702 2671 1759 2714 seu

76 2740 303 2806 archidiaconi
333 2740 539 2821 aliorumque
571 2737 763 2802 clericorum
794 2738 884 2801 omni
916 2749 1066 2820 tempore
1098 2739 1130 2800 in
1162 2748 1358 2821 perpetuum
1381 2758 1514 2822 prorsus
1537 2739 1578 2803 sit
1600 2740 1704 2803 libera
1726 2750 1759 2804 et

75 2831 233 2895 immunis
256 2829 348 2894 salvo
377 2831 445 2892 iure
476 2827 667 2910 episcopali,
697 2827 812 2903 idest,
843 2834 879 2890 ut
901 2827 1054 2890 monachi
1077 2827 1130 2890 vel
1153 2827 1269 2904 clerici,
1301 2829 1347 2892 ibi
1371 2829 1537 2911 degentes,
1570 2829 1702 2892 ordines
1726 2836 1759 2892 et

75 2921 361 2995 consecrationes,
393 2919 511 2982 crisma
541 2926 575 2980 et
604 2917 713 2980 oleum
744 2926 894 2980 sanctum
917 2937 937 2979 a
960 2917 1156 2981 Ferrariensi
1181 2918 1357 3000 episcop0,
1388 2919 1415 2981 si
1442 2928 1554 2982 tamen
1577 2917 1758 2982 catholicus

75 3010 184 3086 fiterit,
215 3008 387 3090 accipiant.
434 3007 643 3090 Sepulturam
667 3015 777 3069 autem
801 3006 948 3070 eiusdem
970 3004 1034 3069 loci
1063 3007 1199 3071 omnino
1230 3007 1367 3070 liberam
1397 3027 1469 3072 esse
1497 3008 1690 3084 sanccimus,
1722 3018 1759 3071 ut

75 3119 204 3176 eorum,
220 3096 644 3180 quiibisepelirivoluerint,
662 3094 830 3158 devotioni
847 3105 881 3158 et
895 3095 1218 3174 extremevoluntati,
1232 3092 1319 3183 ni(si)
1337 3093 1365 3183 ει)
1381 3096 1466 3160 forte
1481 3097 1757 3161 excommunicati

74 3189 207 3265 fuerint,
231 3187 337 3250 nullus
352 3187 498 3264 obsistat,
523 3185 586 3248 hac
600 3192 712 3248 tamen
728 3185 927 3258 conditione,
952 3194 988 3248 ut
1003 3186 1107 3248 maius
1122 3185 1223 3250 altare
1238 3187 1398 3269 episcopo
1413 3187 1466 3250 vel
1486 3185 1757 3268 archipresbitero

73 3299 134 3343 seu
151 3277 319 3341 canonicis
334 3276 423 3340 beati
439 3274 573 3356 Georgii
590 3274 633 3337 ad
650 3274 832 3338 canendam
855 3275 1013 3338 maiorem
1029 3275 1172 3350 missam,
1194 3275 1220 3338 si
1244 3275 1291 3338 ibi
1315 3275 1526 3349 interfuerint,
1549 3276 1757 3354 concedatur,

74 3368 168 3431 aliud
182 3387 261 3430 vero
277 3365 542 3448 congregationis
557 3384 632 3426 cum
649 3363 810 3440 fratribus,
832 3363 964 3427 tertium
981 3373 1091 3427 autem
1106 3364 1191 3426 illius
1206 3364 1344 3429 ecclesie
1358 3365 1572 3430 servientibus
1588 3365 1756 3429 tribuatur.

74 3458 128 3530 Et,
156 3475 255 3538 quem
277 3453 608 3528 excommunicamus,
632 3463 667 3516 et
689 3453 752 3535 ipsi
775 3453 1096 3517 excommunicatum
1120 3462 1262 3530 teneant,
1293 3464 1335 3531 et,
1368 3475 1467 3537 quem
1491 3455 1700 3532 absolvimus,
1723 3466 1757 3518 et

74 3547 141 3629 ipsi
166 3543 352 3609 absolutum
381 3542 535 3608 habeant.
582 3541 665 3607 Cum
696 3552 805 3606 autem
837 3543 1013 3624 episcopus
1042 3542 1096 3606 vel
1127 3543 1276 3606 canonici
1309 3551 1365 3606 aut
1397 3543 1451 3607 alii
1482 3545 1589 3608 clerici
1613 3545 1759 3608 Ferrarie

74 3654 153 3700 cum
177 3634 306 3698 letaniis
333 3633 459 3698 ibidem
491 3632 711 3707 convenerint,
743 3633 786 3696 ab
817 3631 962 3695 eiusdem
994 3630 1130 3696 ecclesie
1161 3632 1331 3695 monachis
1363 3653 1438 3696 cum
1467 3653 1553 3714 aqua
1582 3643 1696 3697 sancta
1726 3644 1759 3698 et

73 3725 213 3788 inoenso
236 3723 374 3787 honeste
397 3723 622 3805 suscipiantur.
660 3721 732 3784 Nec
749 3718 779 3807 b)
803 3721 925 3797 fratres,
949 3721 995 3785 ibi
1020 3721 1186 3802 degentes,
1210 3720 1439 3786 interdictione
1461 3723 1513 3785 vel
1536 3724 1759 3786 excommuni-

74 3815 211 3878 catione
240 3812 412 3895 parrochie
443 3812 628 3875 divinorum
651 3810 836 3874 officiorum
863 3811 1112 3892 suspensionem
1135 3810 1306 3892 patiantur,
1336 3811 1396 3874 sed
1419 3821 1489 3876 tam
1512 3811 1664 3876 monachi
1687 3813 1758 3895 ipsi,

75 3922 180 3986 quam
204 3902 316 3965 famuli
340 3921 462 3978 eorum,
492 3901 611 3964 clausis
642 3900 780 3964 ecclesie
807 3900 920 3976 ianuis,
952 3920 1018 3964 non
1049 3900 1200 3963 admissis
1232 3901 1424 3976 diocesanis,
1457 3901 1566 3964 divine
1596 3902 1759 3966 servitutis

74 3991 191 4058 officia
219 3990 386 4056 celebrent
415 3999 449 4054 et
480 3990 645 4072 sepulture
675 3989 788 4052 debita
810 3999 979 4071 peragant.
1023 3989 1229 4053 Elemosinas
1251 4008 1339 4066 vero,
1364 4010 1428 4072 que
1451 3990 1496 4054 ibi
1519 3991 1571 4054 vel
1594 4011 1656 4073 pro
1677 3992 1759 4055 vivis

73 4103 135 4148 seu
160 4101 222 4164 pro
247 4079 410 4145 defunctis
432 4080 475 4143 ab
492 4079 655 4161 aliquibus
671 4080 901 4161 undecumque
917 4077 1007 4156 fiunt,
1031 4079 1175 4161 integras
1194 4078 1346 4143 fratribus
1362 4080 1408 4143 ibi
1425 4080 1621 4162 degentibus
1636 4081 1759 4146 habere

73 4171 300 4237 concedimus
347 4169 476 4252 Quibus
499 4167 597 4233 etiam
626 4167 771 4232 decimas
801 4167 972 4244 fructuum,
1006 4189 1089 4250 quos
1119 4169 1186 4233 suis
1214 4168 1399 4251 sumptibus
1429 4169 1663 4253 laboribusque
1693 4171 1757 4234 col-

73 4261 227 4345 legerint,
257 4260 386 4340 quietas
416 4259 623 4340 illibatasque
654 4257 894 4322 confirmamus.
939 4257 974 4322 Si
1006 4259 1079 4340 quis
1108 4257 1205 4340 igitur
1234 4268 1421 4322 nostrorum
1450 4278 1676 4323 successorum
1705 4261 1759 4324 vel

72 4353 142 4416 alia
165 4350 315 4432 quelibet
336 4367 478 4432 persona
500 4345 595 4411 huius
617 4355 728 4411 nostre
752 4347 909 4411 cessionis
932 4348 1097 4430 paginam,
1122 4347 1213 4429 quod
1236 4348 1331 4424 absit,
1354 4349 1528 4431 infringere
1548 4350 1759 4432 temptaverit

72 4451 108 4506 et
132 4440 300 4523 prefatum
324 4438 433 4503 locum
457 4437 645 4519 fratresque,
677 4437 723 4501 ibi
755 4446 931 4512 manentes,
962 4437 1033 4514 nisi,
1062 4437 1148 4501 sicut
1175 4437 1399 4519 supradictum
1422 4446 1488 4512 est,
1520 4438 1757 4520 inquietaverit,

71 4530 169 4606 sciat,
193 4549 229 4594 se
245 4529 505 4610 compositurum
528 4526 627 4591 libras
651 4525 731 4590 duas
755 4525 823 4590 auri
846 4525 955 4589 eidem
978 4526 1063 4590 loco.
1110 4525 1187 4590 Hoc
1208 4536 1320 4590 tamen
1342 4528 1467 4610 scripto
1490 4529 1523 4590 in
1553 4547 1614 4591 suo
1637 4528 1757 4592 robore

72 4628 293 4704 permanente
316 4625 358 4694 et,
383 4627 419 4681 ut
440 4617 505 4680 hoc
528 4616 646 4680 certius
666 4617 817 4680 credatur
830 4625 865 4680 et
879 4615 1002 4679 firmius
1017 4625 1174 4692 teneatur,
1197 4616 1397 4694 Heinricum,
1421 4616 1584 4680 notarium
1600 4627 1756 4695 nostrum,

70 4709 161 4774 hanc
185 4717 297 4772 nostre
321 4706 477 4771 cessionis
500 4705 657 4770 cartulam
680 4705 820 4769 scribere
842 4705 1028 4787 rogavimus
1050 4706 1085 4768 in
1107 4705 1273 4788 presentia
1295 4707 1436 4784 testium,
1459 4726 1600 4789 quorum
1623 4708 1758 4771 nomina

71 4809 153 4864 sunt
175 4797 254 4861 hec:
291 4796 478 4860 Bernardus
508 4795 590 4877 legis
619 4795 746 4870 doctor,
769 4795 922 4858 Rusticus
946 4795 987 4858 de
1011 4794 1219 4877 Achalungo,
1242 4796 1412 4860 Romanus
1441 4806 1474 4859 et
1498 4815 1562 4878 ego
1585 4796 1755 4874 Henricus,

71 4888 228 4972 predicto
259 4886 373 4950 donno
402 4884 568 4950 Landulfo
600 4884 760 4966 episcopo
792 4883 942 4960 iubente,
979 4883 1044 4948 hoc
1081 4885 1181 4949 breve
1218 4885 1453 4949 recordationis
1493 4905 1591 4948 manu
1622 4887 1758 4968 propria

70 4976 203 5061 scripsi.
248 4975 337 5040 Nulli
367 4995 447 5058 ergo
478 4974 614 5039 omnino
645 4973 816 5037 hominum
847 4973 959 5050 liceat,
990 4973 1075 5037 hanc
1103 4975 1259 5057 paginam
1282 4985 1393 5038 nostre
1416 4969 1687 5058 confirmatilonis
1710 4976 1756 5039 in·

73 5067 227 5150 fringere,
259 5065 312 5129 vel
341 5066 371 5128 ei
402 5085 480 5130 ausu
503 5063 678 5128 temerario
702 5063 873 5126 contraire.
918 5062 954 5127 Si
978 5063 1051 5144 quis
1074 5073 1184 5128 autern
1206 5063 1272 5127 hoc
1294 5073 1491 5147 attemptare
1514 5065 1757 5146 presumpserit,

71 5156 339 5239 indignationem
362 5152 600 5238 omnipotentis
624 5151 676 5216 dei
697 5162 730 5216 et
745 5152 919 5217 beatorum
933 5153 1019 5216 Petri
1035 5162 1069 5216 et
1085 5151 1184 5230 Pauli,
1208 5153 1435 5236 apostolorum
1450 5155 1529 5232 eius,
1552 5174 1588 5218 se
1603 5154 1728 5218 noverit
1748 5157 1752 5240 Ι

72 5247 291 5311 incursurum.
314 5279 358 5290 —
381 5247 457 5308 Dat.
481 5245 508 5307 F
510 5243 636 5319 errarie,
661 5253 711 5306 vn
733 5242 810 5306 Idus
833 5242 1013 5306 Novembr.
1058 5241 1242 5308 indictione
1265 5255 1311 5306 V1.

241 5359 285 5409 Or.
304 5358 338 5409 ira
355 5356 470 5410 Arctoo
487 5355 515 5406 di
531 5357 598 5407 Statu
616 5373 647 5406 ru
665 5355 790 5407 Maitond.

239 5431 310 5497 Perg.
329 5430 390 5491 dai,
407 5430 443 5480 br.
464 5429 548 5490 oum,
567 5431 628 5495 long
644 5430 714 5489 034,
739 5435 814 5478 rouen
832 5429 912 5490 0,014
935 5429 1126 5496 rungeschlogen,
1151 5427 1188 5479 die
1207 5427 1371 5496 Plrmbr'nmg
1386 5427 1452 5496 girrg
1473 5429 1552 5480 durch
1575 5430 1634 5481 τινα·
1655 5431 1754 5494 meter,

64 5505 129 5571 jeus
144 5503 299 5571 aurgrn'rsen
315 5501 372 5554 rard
385 5503 502 5562 verlorm,
520 5500 633 5567 Falmng
648 5501 692 5552 der
708 5501 812 5554 meren.

236 5737 262 5802 a)
277 5733 364 5784 Deuor
371 5735 456 5783 Rosur
492 5734 518 5800 b)
531 5733 580 5784 bec
590 5734 669 5784 durch
680 5732 814 5783 Korrecrur
823 5731 961 5798 tergerem.
973 5769 1026 5776 ...
1040 5731 1076 5797 a)
1089 5731 1210 5798 Landulf,
1220 5730 1324 5799 Br'rcios
1330 5747 1378 5783 uon
1390 5732 1504 5795 Ferrato,
1517 5735 1751 5850 ι.*1104-ι.1138.

1497 5828 1531 5878 44
