4142 6366
1666 327 1727 404 ²73

51 511 256 578 domicilium
271 533 339 577 non
353 509 498 576 haberet.
537 507 703 593 Quoniam
719 509 816 593 igitur
831 511 988 576 universis
1003 510 1149 576 ecclesiis
1164 511 1197 575 in
1213 531 1272 575 sua
1286 531 1397 575 sumus
1412 511 1535 576 iustitia
1554 512 1729 590 debitores,

53 603 247 666 fraternitati
270 612 377 666 vestre
399 623 459 685 per
481 600 664 684 apostolica
686 603 808 684 scripta
831 603 1034 677 mandamus,
1068 612 1236 683 quatenus,
1268 602 1294 663 si
1319 622 1369 665 res
1392 602 1438 664 ita
1460 623 1495 666 se
1518 602 1628 678 habet,
1658 621 1729 685 pre-

53 693 176 755 dictam
200 693 334 756 viduam
357 711 493 754 monere
515 691 633 754 curetis
660 699 702 766 et,
733 690 995 754 contradictione
1029 699 1062 753 et
1092 691 1316 773 appellatione
1346 700 1481 768 remota,
1512 691 1730 756 ecclesiastica

54 781 260 845 districtione
282 781 488 864 compellere,
513 790 550 844 ut
572 780 788 863 prescriptam
812 778 975 843 decimam
998 790 1182 843 memorato
1205 780 1305 862 priori
1329 788 1362 843 et
1381 781 1518 844 ecclesie
1533 801 1590 845 sue
1606 781 1731 862 absque

54 890 146 934 mora
170 878 205 933 et
229 871 421 935 difficultate
444 869 620 952 persolvat.
666 869 777 946 Porro,
806 869 833 932 si
862 880 997 952 uterque
1020 877 1163 933 vestrum
1186 868 1237 932 his
1260 870 1462 951 exequendis
1485 870 1640 934 interesse
1663 891 1731 933 non

53 958 186 1042 poterit,
211 961 292 1025 alter
315 982 355 1025 ea
377 959 588 1024 nihilominus
611 968 801 1041 exequatur.
825 993 869 1004 —
891 958 968 1024 Dat.
990 959 1154 1036 Laterani,
1177 971 1201 1022 v
1224 957 1301 1021 ldus
1325 958 1413 1022 Maii.

215 1075 341 1142 Abrclm'st
355 1089 412 1124 vom
430 1075 462 1124 16
480 1074 575 1140 Jatrt.
593 1073 633 1123 des
654 1073 712 1125 Cod.
734 1073 787 1124 Vae.
805 1073 874 1124 6086
887 1080 916 1138 p.
937 1073 1008 1133 1660,
1026 1071 1052 1123 in
1070 1073 1114 1124 der
1130 1072 1194 1124 Br'bl.
1217 1071 1333 1124 Variana
1350 1088 1380 1122 nrt
1397 1074 1467 1124 Rom.

805 1465 873 1541 Nr.
899 1469 988 1542 289.

56 1599 249 1664 Altxander
273 1598 338 1664 III
364 1595 515 1682 bestdtrgt
544 1597 618 1662 dem
646 1595 807 1662 Konveme
835 1619 900 1663 von
933 1597 1002 1662 San
1034 1598 1200 1663 Giovanni
1232 1599 1267 1663 in
1296 1600 1456 1666 Laterano
1484 1621 1524 1668 zu
1553 1600 1636 1668 Rom
1672 1601 1734 1669 den

612 1685 722 1753 Besr'tz
743 1708 804 1752 uon
828 1689 918 1772 Lago
939 1689 1003 1752 mit
1024 1686 1178 1752 Zubehir.

682 1822 766 1884 1179
780 1819 908 1904 August
920 1822 969 1885 10.
999 1818 1108 1903 Segni.

222 1967 415 2032 Alexander
443 1966 628 2048 episcopus,
660 1984 770 2028 servus
799 1983 966 2028 servorum
998 1965 1063 2041 dei,
1095 1965 1221 2030 dilectis
1254 1966 1327 2030 filiis
1350 1967 1496 2047 Iohanni,
1525 1971 1735 2036 Lateraneusi

57 2056 172 2138 priori,
198 2057 332 2138 eiusque
354 2054 507 2120 fratribus
522 2054 703 2137 regularem
717 2054 820 2116 vitam
839 2053 1002 2135 professis,
1027 2055 1164 2118 salutem
1181 2065 1213 2119 et
1229 2057 1445 2139 apostolicam
1460 2060 1735 2125 benedictionem.

58 2146 155 2218 Licet
194 2166 237 2209 ex
275 2147 420 2210 iniuncta
455 2145 552 2208 nobis
581 2143 873 2207 administrationis
905 2142 1016 2207 officio
1045 2145 1211 2208 universas
1243 2147 1396 2211 ecclesias
1427 2149 1523 2212 oculo
1556 2150 1736 2214 debeamus

58 2235 210 2317 benigno
234 2237 394 2317 respicere
418 2244 452 2298 et
475 2253 587 2298 earum
609 2232 857 2297 necessitatibus
886 2232 996 2296 studio
1026 2234 1157 2316 pietatis
1188 2235 1365 2314 intendere,
1397 2237 1484 2301 circa
1513 2240 1736 2321 provisionem

59 2335 176 2388 tamen
193 2324 423 2388 Lateranensis
446 2323 583 2387 ecclesie
606 2343 647 2386 eo
671 2322 828 2384 maiorem
852 2321 1056 2404 diligentiam
1078 2321 1201 2388 habere
1217 2345 1277 2389 nos
1293 2328 1455 2403 convenit,
1480 2348 1547 2411 quo
1562 2328 1736 2411 specialius

61 2414 104 2476 ad
128 2425 280 2477 nostrum
303 2414 448 2478 noscitur
470 2414 615 2494 regimen
638 2411 810 2494 pertinere.
857 2411 930 2474 Hac
952 2412 1064 2492 itaque
1086 2413 1213 2477 ratione
1236 2414 1359 2478 inducti
1383 2427 1416 2479 et
1430 2419 1544 2480 vestris
1564 2418 1737 2500 benignius

59 2502 219 2585 precibus
243 2503 396 2578 inclinati,
419 2503 645 2584 possessiones
669 2501 710 2564 de
725 2501 814 2564 Lacu
837 2520 911 2564 cum
933 2501 1037 2565 vineis
1059 2512 1093 2566 et
1115 2513 1255 2582 quatuor
1277 2505 1481 2582 molendinis,
1505 2526 1566 2588 pro
1591 2506 1739 2570 ducentis

60 2593 247 2676 nonaginta
286 2602 425 2675 quatuor
462 2591 552 2654 libris
582 2590 859 2674 provenientium,
900 2610 981 2671 quas
1018 2591 1061 2654 ad
1100 2611 1154 2656 eas
1192 2593 1431 2675 recuperandas
1462 2595 1558 2659 Petro
1581 2595 1738 2670 Pandulfi,

59 2679 240 2747 Allierutio
263 2690 297 2746 et
318 2680 501 2758 Allierutio,
525 2681 684 2744 Romanis
707 2679 841 2756 civibus,
865 2678 1027 2744 iudicibus
1050 2690 1084 2745 et
1106 2682 1284 2759 advocatis,
1308 2683 1439 2747 nomine
1461 2692 1573 2748 nostro
1597 2685 1739 2749 solvistis

59 2781 94 2834 et
117 2791 183 2853 pro
206 2772 379 2854 sexaginta
403 2780 551 2853 quatuor,
580 2789 661 2851 quas
684 2789 745 2852 pro
768 2768 953 2850 aqueductu
977 2770 1162 2852 reparando
1187 2773 1398 2854 expendistis,
1427 2774 1523 2837 vobis
1546 2784 1579 2838 et
1602 2774 1738 2838 ecclesie

59 2872 170 2925 vestre
187 2881 291 2944 usque
313 2861 356 2924 ad
378 2861 577 2926 solutionem
599 2868 771 2941 pretaxate
794 2859 934 2941 pecunie
950 2859 1141 2942 obligamus.
1186 2859 1237 2925 Ita
1251 2871 1370 2939 tamen,
1394 2871 1438 2939 ut,
1462 2864 1738 2945 quandocumque

59 2970 122 3013 nos
145 2951 202 3014 vel
224 2970 428 3014 successores
451 2950 554 3012 nostri
577 2949 793 3031 prescriptam
815 2968 977 3012 summam
1000 2948 1199 3026 solverimus,
1231 2951 1455 3033 possessiones
1477 2953 1549 3034 ipse
1572 2952 1672 3016 libere
1695 2951 1737 3014 ad

58 3039 252 3103 Romanam
282 3040 454 3103 ecclesiam
486 3047 696 3112 revertantur,
728 3037 849 3101 fructus
882 3047 990 3101 autem
1021 3039 1150 3102 interim
1177 3041 1423 3121 provenientem
1453 3042 1568 3105 vestris
1590 3043 1738 3105 volentes

59 3129 315 3194 necessitatibus
343 3129 526 3212 providere,
559 3128 600 3191 de
632 3147 722 3190 mera
751 3127 847 3190 vobis
878 3127 1029 3192 libertate
1060 3129 1229 3193 donamus.
1273 3130 1345 3194 Vos
1377 3140 1486 3194 autem
1519 3138 1597 3194 octo
1627 3131 1739 3195 rublos

60 3219 218 3283 frumenti
242 3228 276 3283 et
298 3219 437 3283 totidem
461 3218 545 3282 ordii
569 3227 602 3280 et
626 3217 706 3280 duas
736 3216 855 3280 salmas
877 3216 945 3280 vini
978 3217 1020 3280 ad
1050 3217 1195 3299 cupellas
1226 3220 1393 3282 annuatim
1424 3219 1521 3284 nobis
1552 3220 1738 3302 nostrisque

57 3308 307 3373 successoribus
321 3308 524 3391 persolvetis.
564 3306 716 3371 Ceterum
733 3305 775 3369 ab
790 3305 853 3369 hac
868 3306 1071 3388 obligatione
1094 3317 1213 3370 terram
1234 3319 1377 3372 vestram
1400 3329 1473 3373 cum
1498 3309 1689 3374 molendino
1705 3309 1739 3372 in

59 3399 171 3481 capite
189 3399 285 3475 lacus,
303 3417 403 3480 quam
419 3395 508 3460 bone
523 3395 680 3460 memorie
695 3395 909 3477 predecessor
923 3404 1043 3472 noster,
1055 3395 1250 3461 Anastasius
1264 3417 1354 3480 papa
1367 3395 1401 3483 ¹),
1425 3398 1503 3461 visis
1519 3398 1739 3462 instrumentis

57 3488 277 3571 proprietatis
300 3486 437 3550 ecclesie
459 3493 566 3550 vestre
590 3485 737 3559 restituit,
770 3494 805 3548 et
833 3484 1068 3560 molendinum,
1102 3485 1136 3548 in
1167 3487 1282 3550 eadem
1311 3497 1397 3551 terra
1418 3488 1525 3564 situm,
1559 3488 1738 3571 quodiam

59 3577 149 3642 dicte
174 3576 312 3641 ecclesie
335 3577 445 3639 studio
468 3575 606 3639 contulit
627 3574 768 3657 pietatis,
792 3573 983 3656 excipimus,
1016 3575 1061 3637 ita
1084 3574 1226 3656 quidem,
1250 3583 1293 3653 ut,
1322 3597 1397 3640 cum
1419 3579 1645 3659 possessiones
1669 3577 1739 3659 ipse

58 3667 101 3730 ad
142 3668 318 3730 ecclesiam
347 3667 533 3729 Romanam
569 3664 746 3728 rediverint
774 3670 861 3726 terra
891 3663 946 3726 illa
976 3683 1049 3727 cum
1081 3665 1271 3728 molendino
1302 3665 1404 3729 libera
1432 3666 1528 3729 vobis
1557 3667 1739 3748 vestrisque

48 3753 305 3822 'successoribus
336 3755 458 3819 debeat
487 3773 688 3837 permanere.
741 3751 830 3816 Nulli
861 3772 939 3834 ergo
972 3751 1108 3816 omniuo
1138 3753 1306 3817 hominum
1330 3754 1434 3833 liceat,
1466 3754 1551 3818 hanc
1580 3756 1737 3838 paginam

58 3858 177 3910 nostre
201 3845 414 3926 obligationis
436 3853 470 3907 et
502 3842 691 3907 donationis
717 3841 892 3923 infringere
923 3841 976 3904 vel
1006 3841 1035 3904 ei
1065 3863 1145 3906 ausu
1175 3844 1349 3907 temerario
1380 3845 1551 3908 contraire.
1596 3844 1632 3908 Si
1664 3844 1737 3926 quis

59 3946 175 4000 autem
198 3934 264 3998 hoc
287 3943 484 4016 attemptare
507 3929 749 4015 presumpserit,
773 3930 1035 4012 indignationem
1058 3933 1295 4014 omnipotentis
1318 3933 1371 3996 dei
1394 3953 1433 3997 ac
1455 3933 1630 3998 beatorum
1651 3932 1737 3996 Petri

59 4035 94 4088 et
115 4025 220 4102 Pauli,
243 4023 470 4106 apostolorum
494 4021 571 4096 eius,
594 4041 629 4084 se
653 4020 780 4084 noverit
801 4020 1010 4084 incursurum.

279 4107 334 4198 (R)
357 4112 431 4195 Ego
454 4107 647 4175 Alexander
668 4108 830 4173 catholice
853 4108 990 4173 ecclesie
1014 4111 1190 4194 episcopus
1213 4134 1253 4178 ss.
1277 4108 1339 4198 (M)

280 4198 301 4283 †
323 4201 396 4284 Ego
420 4200 613 4264 Theodinus
635 4199 822 4262 Portuensis
845 4208 879 4262 et
901 4208 1014 4262 sancte
1035 4199 1153 4265 Rufine
1175 4202 1263 4266 sedis
1286 4203 1463 4285 episcopus
1485 4221 1525 4266 ss.

279 4285 300 4374 †
323 4291 396 4372 Ego
419 4289 534 4355 Petms
554 4288 758 4353 Tusculanus
782 4289 957 4371 episcopus
979 4309 1020 4354 ss.

279 4377 301 4461 †
322 4381 395 4462 Ego
419 4379 604 4443 Bernardus
626 4379 833 4442 Prenestinus
856 4379 1032 4460 episcopus
1055 4400 1096 4444 ss.

279 4469 300 4548 †
322 4469 396 4552 Ego
420 4468 588 4532 Arduinus
610 4468 771 4550 presbiter
793 4467 964 4531 cardinalis
987 4469 1035 4531 tit.
1059 4477 1172 4533 sancte
1195 4467 1307 4534 Crucis
1330 4469 1363 4533 in
1385 4468 1561 4542 Ierusalem
1584 4487 1624 4532 ss.

278 4555 299 4640 †
322 4559 396 4642 Ego
421 4555 572 4622 Matheus
595 4557 757 4640 presbiter
779 4556 952 4621 cardinalis
975 4557 1024 4620 tit.
1048 4559 1152 4622 sancti
1177 4559 1321 4622 Marcelli
1345 4580 1386 4623 ss.

279 4647 300 4726 †
321 4648 396 4730 Ego
420 4647 594 4714 Gratianus
618 4647 775 4710 diaconus
798 4646 972 4709 cardinalis
994 4659 1182 4711 sanctorum
1206 4647 1326 4711 Cosme
1349 4659 1383 4712 et
1405 4647 1558 4712 Damiani
1582 4667 1624 4710 ss.

279 4738 300 4817 †
323 4735 397 4820 Ego
422 4736 574 4801 Matheus
596 4746 708 4800 sancte
732 4735 836 4799 Marie
859 4755 944 4799 nove
968 4736 1125 4800 diaconus
1149 4737 1321 4801 cardinalis
1343 4758 1384 4801 ss.

280 4822 301 4908 †
322 4827 397 4909 Ego
420 4826 604 4889 Bernardus
628 4825 785 4888 diaconus
809 4825 981 4888 cardinalis
1004 4825 1107 4889 sancti
1123 4826 1251 4889 Nicolai
1271 4828 1305 4890 in
1328 4846 1456 4892 carcere
1478 4825 1630 4890 Tulliano
1654 4844 1695 4887 ss.

226 4915 352 4980 Datum
368 4915 490 4998 Signie,
512 4935 573 4997 per
595 4934 728 4978 manum
743 4914 883 4990 Alberti,
906 4925 1019 4978 sancte
1041 4916 1192 4980 Romane
1215 4917 1351 4980 ecclesie
1374 4916 1544 4999 presbiteri
1569 4913 1741 4978 cardinalis

61 5017 95 5070 ct
120 5005 317 5070 cancellarii.
356 5019 394 5068 Ν
416 5005 492 5068 Idus
511 5003 661 5086 Augusti.
699 5003 881 5067 Indictione
904 5016 964 5066 XII.
1003 5005 1239 5070 lucamationis
1263 5006 1426 5070 dominice
1449 5015 1618 5068 Mchxtx.
1657 4999 1742 5066 Pon·

61 5094 208 5160 tificatus
231 5115 311 5159 vero
335 5094 448 5158 domni
472 5093 654 5158 Alexandri
676 5113 766 5175 pape
788 5107 827 5157 111
851 5113 938 5156 anno
961 5106 1020 5157 xx.

65 5281 72 5293 Ι
225 5208 351 5274 Abrcln'fl
366 5223 421 5258 vom
439 5209 472 5259 18
493 5208 594 5274 Jahrb„
613 5207 653 5258 des
672 5207 769 5258 Bullar.
788 5205 866 5258 Baril.
884 5207 1053 5262 Lateranmsu
1062 5217 1090 5277 p.
1104 5211 1162 5272 141),
1181 5211 1214 5263 im
1225 5207 1338 5260 Arclrr'ur'o
1357 5208 1489 5273 Capitolm
1506 5207 1534 5258 dr'
1550 5208 1602 5258 San
1623 5206 1746 5257 ommni

61 5297 88 5331 m
107 5281 438 5404 mszeRgirmde
451 5352 537 5418 gehirt
552 5350 662 5416 offendar
676 5365 722 5400 rur
742 5350 840 5416 Gmtpc
857 5349 900 5401 der
920 5347 1195 5412 Frank-Miteffiullm
1221 5353 1296 5419 vergi.
1317 5351 1440 5404 Arctoas.
1460 5351 1572 5405 Zer'tschr.
1590 5349 1636 5401 IX.

63 5711 132 5760 nu
149 5707 193 5774 <N
229 5635 356 5774 q)²3'ergl.
375 5635 412 5686 die
433 5634 549 5686 Urkrmde
568 5649 624 5684 vm
644 5633 679 5684 30
696 5633 824 5684 December
841 5634 907 5684 1163
925 5631 986 5702 (Nr.
1007 5635 1076 5702 126),
1095 5631 1233 5700 allgemeine
1251 5633 1419 5700 Bestdu'grmg,
1443 5633 1499 5684 mid
1513 5632 1550 5682 dp
1566 5648 1622 5684 vm
1640 5633 1672 5683 χρ
1691 5627 1748 5682 Ma·

187 5725 210 5758 r.
246 5713 261 5758 ⁴
293 5743 300 5758 .

118 5801 525 5856 v.Pttnzk·'1iutrung,Aeu
537 5805 581 5845 111.
1091 5781 1093 5784 Ι
1513 5793 1546 5849 35
