<?xml version="1.0" encoding="UTF-8"?>
<!DOCTYPE html PUBLIC "-//W3C//DTD XHTML 1.0 Transitional//EN"
    "http://www.w3.org/TR/xhtml1/DTD/xhtml1-transitional.dtd">
<html xmlns="http://www.w3.org/1999/xhtml" xml:lang="en" lang="en">
 <head>
  <title>
</title>
<meta http-equiv="Content-Type" content="text/html;charset=utf-8" />
  <meta name='ocr-system' content='tesseract 3.04.00' />
  <meta name='ocr-capabilities' content='ocr_page ocr_carea ocr_par ocr_line ocrx_word'/>
</head>
<body>
  <div class='ocr_page' id='page_1' title='image "./actapontificumr00hargoog_0097.png"; bbox 0 0 4090 6358; ppageno 0'>
   <div class='ocr_carea' id='block_1_1' title="bbox 1689 311 1727 387">
    <p class='ocr_par' dir='ltr' id='par_1_1' title="bbox 1689 311 1727 387">
     <span class='ocr_line' id='line_1_1' title="bbox 1689 311 1727 387; baseline 0 0"><span class='ocrx_word' id='word_1_1' title='bbox 1689 311 1727 387; x_wconf 82' lang='grc'>85</span> 
     </span>
    </p>
   </div>
   <div class='ocr_carea' id='block_1_2' title="bbox 59 492 1732 760">
    <p class='ocr_par' dir='ltr' id='par_1_2' title="bbox 59 492 1732 760">
     <span class='ocr_line' id='line_1_2' title="bbox 60 492 1730 580; baseline 0.002 -26"><span class='ocrx_word' id='word_1_2' title='bbox 60 492 97 554; x_wconf 89' lang='lat' dir='ltr'>in</span> <span class='ocrx_word' id='word_1_3' title='bbox 122 493 243 574; x_wconf 91' lang='lat' dir='ltr'>quibus</span> <span class='ocrx_word' id='word_1_4' title='bbox 265 494 326 580; x_wconf 77' lang='lat' dir='ltr'>hec</span> <span class='ocrx_word' id='word_1_5' title='bbox 348 494 490 575; x_wconf 93' lang='lat' dir='ltr'>propriis</span> <span class='ocrx_word' id='word_1_6' title='bbox 515 495 666 557; x_wconf 90' lang='lat' dir='ltr'>duximus</span> <span class='ocrx_word' id='word_1_7' title='bbox 688 495 904 576; x_wconf 90' lang='lat' dir='ltr'>exprimenda</span> <span class='ocrx_word' id='word_1_8' title='bbox 918 495 1104 559; x_wconf 89' lang='lat' dir='ltr'>vocabulis:</span> <span class='ocrx_word' id='word_1_9' title='bbox 1137 500 1260 557; x_wconf 91' lang='lat' dir='ltr'>curtem</span> <span class='ocrx_word' id='word_1_10' title='bbox 1274 493 1428 557; x_wconf 89' lang='lat' dir='ltr'>videlicet</span> <span class='ocrx_word' id='word_1_11' title='bbox 1451 495 1491 557; x_wconf 90' lang='lat' dir='ltr'>de</span> <span class='ocrx_word' id='word_1_12' title='bbox 1508 495 1730 576; x_wconf 78' lang='lat' dir='ltr'>MarcignanO,</span> 
     </span>
     <span class='ocr_line' id='line_1_3' title="bbox 60 583 1731 665; baseline 0.002 -23"><span class='ocrx_word' id='word_1_13' title='bbox 60 583 123 643; x_wconf 91' lang='lat' dir='ltr'>tria</span> <span class='ocrx_word' id='word_1_14' title='bbox 158 583 347 646; x_wconf 88' lang='lat' dir='ltr'>molendina</span> <span class='ocrx_word' id='word_1_15' title='bbox 386 584 477 646; x_wconf 89' lang='lat' dir='ltr'>iuxta</span> <span class='ocrx_word' id='word_1_16' title='bbox 515 585 621 665; x_wconf 92' lang='lat' dir='ltr'>ipsum</span> <span class='ocrx_word' id='word_1_17' title='bbox 652 586 893 661; x_wconf 89' lang='lat' dir='ltr'>monasterium,</span> <span class='ocrx_word' id='word_1_18' title='bbox 925 585 1093 648; x_wconf 90' lang='lat' dir='ltr'>castellum</span> <span class='ocrx_word' id='word_1_19' title='bbox 1123 585 1225 646; x_wconf 91' lang='lat' dir='ltr'>sancti</span> <span class='ocrx_word' id='word_1_20' title='bbox 1248 583 1417 646; x_wconf 88' lang='lat' dir='ltr'><strong>Benedicti</strong></span> <span class='ocrx_word' id='word_1_21' title='bbox 1448 605 1522 646; x_wconf 92' lang='lat' dir='ltr'>cum</span> <span class='ocrx_word' id='word_1_22' title='bbox 1552 595 1654 660; x_wconf 91' lang='lat' dir='ltr'>curte,</span> <span class='ocrx_word' id='word_1_23' title='bbox 1683 586 1731 646; x_wconf 91' lang='lat' dir='ltr'>ius</span> 
     </span>
     <span class='ocr_line' id='line_1_4' title="bbox 59 671 1732 760; baseline 0.002 -28"><span class='ocrx_word' id='word_1_24' title='bbox 59 681 206 734; x_wconf 90' lang='lat' dir='ltr'>vestrum</span> <span class='ocrx_word' id='word_1_25' title='bbox 234 673 266 734; x_wconf 91' lang='lat' dir='ltr'>in</span> <span class='ocrx_word' id='word_1_26' title='bbox 297 671 372 735; x_wconf 91' lang='lat' dir='ltr'>villa</span> <span class='ocrx_word' id='word_1_27' title='bbox 403 674 507 735; x_wconf 91' lang='lat' dir='ltr'>sancti</span> <span class='ocrx_word' id='word_1_28' title='bbox 530 673 673 760; x_wconf 72' lang='lat' dir='ltr'>Andree,</span> <span class='ocrx_word' id='word_1_29' title='bbox 704 674 781 736; x_wconf 90' lang='lat' dir='ltr'>villa</span> <span class='ocrx_word' id='word_1_30' title='bbox 804 673 944 751; x_wconf 90' lang='lat' dir='ltr'>Castelli,</span> <span class='ocrx_word' id='word_1_31' title='bbox 973 673 1143 760; x_wconf 74' lang='lat' dir='ltr'>ecclesiam</span> <span class='ocrx_word' id='word_1_32' title='bbox 1165 674 1268 735; x_wconf 91' lang='lat' dir='ltr'>sancti</span> <span class='ocrx_word' id='word_1_33' title='bbox 1293 672 1437 736; x_wconf 91' lang='lat' dir='ltr'>Cassiani</span> <span class='ocrx_word' id='word_1_34' title='bbox 1467 694 1541 736; x_wconf 90' lang='lat' dir='ltr'>cum</span> <span class='ocrx_word' id='word_1_35' title='bbox 1571 673 1675 756; x_wconf 86' lang='lat' dir='ltr'>burgo</span> <span class='ocrx_word' id='word_1_36' title='bbox 1699 682 1732 736; x_wconf 89' lang='lat' dir='ltr'>et</span> 
     </span>
    </p>
   </div>
   <div class='ocr_carea' id='block_1_3' title="bbox 59 761 1764 4323">
    <p class='ocr_par' dir='ltr' id='par_1_3' title="bbox 59 761 1764 2610">
     <span class='ocr_line' id='line_1_5' title="bbox 61 761 1732 847; baseline 0.002 -25"><span class='ocrx_word' id='word_1_37' title='bbox 61 761 142 822; x_wconf 88' lang='lat' dir='ltr'>ortis</span> <span class='ocrx_word' id='word_1_38' title='bbox 174 761 248 837; x_wconf 92' lang='lat' dir='ltr'>suis,</span> <span class='ocrx_word' id='word_1_39' title='bbox 281 762 436 843; x_wconf 91' lang='lat' dir='ltr'>quicquid</span> <span class='ocrx_word' id='word_1_40' title='bbox 466 761 595 825; x_wconf 90' lang='lat' dir='ltr'>habetis</span> <span class='ocrx_word' id='word_1_41' title='bbox 626 764 658 824; x_wconf 94' lang='lat' dir='ltr'>in</span> <span class='ocrx_word' id='word_1_42' title='bbox 682 762 758 825; x_wconf 91' lang='lat' dir='ltr'>villa</span> <span class='ocrx_word' id='word_1_43' title='bbox 781 765 884 826; x_wconf 88' lang='lat' dir='ltr'>sancti</span> <span class='ocrx_word' id='word_1_44' title='bbox 907 765 1001 840; x_wconf 88' lang='lat' dir='ltr'>Petri,</span> <span class='ocrx_word' id='word_1_45' title='bbox 1035 763 1187 847; x_wconf 76' lang='lat' dir='ltr'>ecclesias</span> <span class='ocrx_word' id='word_1_46' title='bbox 1218 762 1259 824; x_wconf 91' lang='lat' dir='ltr'>de</span> <span class='ocrx_word' id='word_1_47' title='bbox 1281 762 1394 843; x_wconf 88' lang='lat' dir='ltr'>Plagia</span> <span class='ocrx_word' id='word_1_48' title='bbox 1425 782 1499 825; x_wconf 91' lang='lat' dir='ltr'>cum</span> <span class='ocrx_word' id='word_1_49' title='bbox 1529 763 1732 844; x_wconf 83' lang='lat' dir='ltr'>pertinentiis</span> 
     </span>
     <span class='ocr_line' id='line_1_6' title="bbox 60 849 1732 933; baseline 0.002 -23"><span class='ocrx_word' id='word_1_50' title='bbox 60 850 135 924; x_wconf 88' lang='lat' dir='ltr'>suis,</span> <span class='ocrx_word' id='word_1_51' title='bbox 171 851 343 913; x_wconf 90' lang='lat' dir='ltr'>ecclesiam</span> <span class='ocrx_word' id='word_1_52' title='bbox 367 851 408 913; x_wconf 91' lang='lat' dir='ltr'>de</span> <span class='ocrx_word' id='word_1_53' title='bbox 432 850 574 914; x_wconf 89' lang='lat' dir='ltr'>Castello</span> <span class='ocrx_word' id='word_1_54' title='bbox 597 849 687 928; x_wconf 89' lang='lat' dir='ltr'>Falli,</span> <span class='ocrx_word' id='word_1_55' title='bbox 720 853 876 933; x_wconf 92' lang='lat' dir='ltr'>quicquid</span> <span class='ocrx_word' id='word_1_56' title='bbox 898 851 1027 916; x_wconf 92' lang='lat' dir='ltr'>habetis</span> <span class='ocrx_word' id='word_1_57' title='bbox 1050 853 1083 915; x_wconf 91' lang='lat' dir='ltr'>in</span> <span class='ocrx_word' id='word_1_58' title='bbox 1113 853 1201 914; x_wconf 91' lang='lat' dir='ltr'>curia</span> <span class='ocrx_word' id='word_1_59' title='bbox 1223 849 1386 926; x_wconf 91' lang='lat' dir='ltr'>Puliciani,</span> <span class='ocrx_word' id='word_1_60' title='bbox 1418 852 1574 933; x_wconf 93' lang='lat' dir='ltr'>quicquid</span> <span class='ocrx_word' id='word_1_61' title='bbox 1604 850 1732 915; x_wconf 90' lang='lat' dir='ltr'>habetis</span> 
     </span>
     <span class='ocr_line' id='line_1_7' title="bbox 60 939 1732 1026; baseline 0.001 -25"><span class='ocrx_word' id='word_1_62' title='bbox 60 939 155 1001; x_wconf 89' lang='lat' dir='ltr'>iuxta</span> <span class='ocrx_word' id='word_1_63' title='bbox 186 939 319 1002; x_wconf 88' lang='lat' dir='ltr'>fluvium</span> <span class='ocrx_word' id='word_1_64' title='bbox 342 939 418 1026; x_wconf 73' lang='lat' dir='ltr'>Else</span> <span class='ocrx_word' id='word_1_65' title='bbox 446 941 488 1004; x_wconf 89' lang='lat' dir='ltr'>ab</span> <span class='ocrx_word' id='word_1_66' title='bbox 515 951 653 1022; x_wconf 93' lang='lat' dir='ltr'>utroque</span> <span class='ocrx_word' id='word_1_67' title='bbox 677 941 785 1017; x_wconf 91' lang='lat' dir='ltr'>latere,</span> <span class='ocrx_word' id='word_1_68' title='bbox 810 942 966 1023; x_wconf 92' lang='lat' dir='ltr'>quicquid</span> <span class='ocrx_word' id='word_1_69' title='bbox 986 943 1085 1004; x_wconf 90' lang='lat' dir='ltr'>etiam</span> <span class='ocrx_word' id='word_1_70' title='bbox 1101 962 1120 1002; x_wconf 90' lang='lat' dir='ltr'>a</span> <span class='ocrx_word' id='word_1_71' title='bbox 1135 939 1349 1002; x_wconf 90' lang='lat' dir='ltr'>Wulterranis</span> <span class='ocrx_word' id='word_1_72' title='bbox 1369 941 1533 1023; x_wconf 91' lang='lat' dir='ltr'>episcopis</span> <span class='ocrx_word' id='word_1_73' title='bbox 1549 943 1581 1003; x_wconf 92' lang='lat' dir='ltr'>in</span> <span class='ocrx_word' id='word_1_74' title='bbox 1598 940 1732 1003; x_wconf 89' lang='lat' dir='ltr'>decimis</span> 
     </span>
     <span class='ocr_line' id='line_1_8' title="bbox 60 1027 1732 1113; baseline 0.001 -24"><span class='ocrx_word' id='word_1_75' title='bbox 60 1027 129 1090; x_wconf 90' lang='lat' dir='ltr'>sive</span> <span class='ocrx_word' id='word_1_76' title='bbox 155 1029 188 1090; x_wconf 90' lang='lat' dir='ltr'>in</span> <span class='ocrx_word' id='word_1_77' title='bbox 212 1029 283 1092; x_wconf 90' lang='lat' dir='ltr'>aliis</span> <span class='ocrx_word' id='word_1_78' title='bbox 305 1029 401 1092; x_wconf 93' lang='lat' dir='ltr'>vobis</span> <span class='ocrx_word' id='word_1_79' title='bbox 425 1030 580 1094; x_wconf 89' lang='lat' dir='ltr'>canonice</span> <span class='ocrx_word' id='word_1_80' title='bbox 604 1051 796 1093; x_wconf 91' lang='lat' dir='ltr'>concessum</span> <span class='ocrx_word' id='word_1_81' title='bbox 823 1038 873 1094; x_wconf 87' lang='lat' dir='ltr'>est</span> <span class='ocrx_word' id='word_1_82' title='bbox 902 1041 935 1094; x_wconf 90' lang='lat' dir='ltr'>et</span> <span class='ocrx_word' id='word_1_83' title='bbox 957 1033 1079 1113; x_wconf 91' lang='lat' dir='ltr'>scripto</span> <span class='ocrx_word' id='word_1_84' title='bbox 1104 1050 1216 1092; x_wconf 92' lang='lat' dir='ltr'>eorum</span> <span class='ocrx_word' id='word_1_85' title='bbox 1239 1028 1411 1091; x_wconf 90' lang='lat' dir='ltr'>firmatum.</span> <span class='ocrx_word' id='word_1_86' title='bbox 1456 1032 1605 1093; x_wconf 89' lang='lat' dir='ltr'>Preterea</span> <span class='ocrx_word' id='word_1_87' title='bbox 1636 1029 1732 1092; x_wconf 92' lang='lat' dir='ltr'>liceat</span> 
     </span>
     <span class='ocr_line' id='line_1_9' title="bbox 60 1116 1732 1206; baseline 0.001 -28"><span class='ocrx_word' id='word_1_88' title='bbox 60 1116 168 1192; x_wconf 90' lang='lat' dir='ltr'>vobis,</span> <span class='ocrx_word' id='word_1_89' title='bbox 201 1117 337 1180; x_wconf 91' lang='lat' dir='ltr'>clericos</span> <span class='ocrx_word' id='word_1_90' title='bbox 361 1140 379 1181; x_wconf 93' lang='lat' dir='ltr'>e</span> <span class='ocrx_word' id='word_1_91' title='bbox 401 1119 512 1206; x_wconf 74' lang='lat' dir='ltr'>seculo</span> <span class='ocrx_word' id='word_1_92' title='bbox 545 1118 705 1200; x_wconf 80' lang='lat' dir='ltr'>fugientes</span> <span class='ocrx_word' id='word_1_93' title='bbox 736 1120 788 1182; x_wconf 92' lang='lat' dir='ltr'>vel</span> <span class='ocrx_word' id='word_1_94' title='bbox 813 1120 913 1182; x_wconf 90' lang='lat' dir='ltr'>laicos</span> <span class='ocrx_word' id='word_1_95' title='bbox 936 1120 1056 1183; x_wconf 90' lang='lat' dir='ltr'>liberos</span> <span class='ocrx_word' id='word_1_96' title='bbox 1085 1119 1210 1199; x_wconf 86' lang='lat' dir='ltr'>absque</span> <span class='ocrx_word' id='word_1_97' title='bbox 1238 1118 1371 1180; x_wconf 90' lang='lat' dir='ltr'>alicuius</span> <span class='ocrx_word' id='word_1_98' title='bbox 1401 1120 1659 1181; x_wconf 83' lang='lat' dir='ltr'>contradictione</span> <span class='ocrx_word' id='word_1_99' title='bbox 1690 1118 1732 1180; x_wconf 91' lang='lat' dir='ltr'>ad</span> 
     </span>
     <span class='ocr_line' id='line_1_10' title="bbox 60 1207 1733 1291; baseline 0.001 -24"><span class='ocrx_word' id='word_1_100' title='bbox 60 1207 312 1270; x_wconf 87' lang='lat' dir='ltr'>conversionem</span> <span class='ocrx_word' id='word_1_101' title='bbox 335 1209 508 1290; x_wconf 88' lang='lat' dir='ltr'>suscipere.</span> <span class='ocrx_word' id='word_1_102' title='bbox 554 1209 763 1290; x_wconf 88' lang='lat' dir='ltr'>Sepulturam</span> <span class='ocrx_word' id='word_1_103' title='bbox 787 1229 919 1291; x_wconf 91' lang='lat' dir='ltr'>quoque</span> <span class='ocrx_word' id='word_1_104' title='bbox 942 1209 1088 1272; x_wconf 91' lang='lat' dir='ltr'>eiusdem</span> <span class='ocrx_word' id='word_1_105' title='bbox 1111 1208 1183 1290; x_wconf 92' lang='lat' dir='ltr'>loci</span> <span class='ocrx_word' id='word_1_106' title='bbox 1197 1207 1334 1270; x_wconf 86' lang='lat' dir='ltr'>liberam</span> <span class='ocrx_word' id='word_1_107' title='bbox 1361 1227 1432 1270; x_wconf 90' lang='lat' dir='ltr'>esse</span> <span class='ocrx_word' id='word_1_108' title='bbox 1455 1208 1666 1283; x_wconf 78' lang='lat' dir='ltr'>decemimus</span> <span class='ocrx_word' id='word_1_109' title='bbox 1698 1216 1733 1269; x_wconf 93' lang='lat' dir='ltr'>ut</span> 
     </span>
     <span class='ocr_line' id='line_1_11' title="bbox 60 1297 1733 1382; baseline 0.001 -26"><span class='ocrx_word' id='word_1_110' title='bbox 60 1315 185 1372; x_wconf 92' lang='lat' dir='ltr'>eorum,</span> <span class='ocrx_word' id='word_1_111' title='bbox 219 1297 273 1377; x_wconf 93' lang='lat' dir='ltr'>qui</span> <span class='ocrx_word' id='word_1_112' title='bbox 297 1317 333 1358; x_wconf 91' lang='lat' dir='ltr'>se</span> <span class='ocrx_word' id='word_1_113' title='bbox 363 1297 427 1360; x_wconf 94' lang='lat' dir='ltr'>illic</span> <span class='ocrx_word' id='word_1_114' title='bbox 457 1297 585 1379; x_wconf 91' lang='lat' dir='ltr'>sepeliri</span> <span class='ocrx_word' id='word_1_115' title='bbox 616 1298 881 1374; x_wconf 91' lang='lat' dir='ltr'>deliberaverint,</span> <span class='ocrx_word' id='word_1_116' title='bbox 916 1298 1082 1360; x_wconf 89' lang='lat' dir='ltr'>devotioni</span> <span class='ocrx_word' id='word_1_117' title='bbox 1115 1307 1148 1359; x_wconf 89' lang='lat' dir='ltr'>et</span> <span class='ocrx_word' id='word_1_118' title='bbox 1180 1305 1325 1382; x_wconf 72' lang='lat' dir='ltr'>extreme</span> <span class='ocrx_word' id='word_1_119' title='bbox 1355 1297 1524 1373; x_wconf 89' lang='lat' dir='ltr'>voluntati,</span> <span class='ocrx_word' id='word_1_120' title='bbox 1556 1297 1616 1360; x_wconf 88' lang='lat' dir='ltr'>nisi</span> <span class='ocrx_word' id='word_1_121' title='bbox 1648 1297 1733 1359; x_wconf 81' lang='lat' dir='ltr'>forte</span> 
     </span>
     <span class='ocr_line' id='line_1_12' title="bbox 61 1382 1731 1474; baseline 0.001 -28"><span class='ocrx_word' id='word_1_122' title='bbox 61 1382 365 1468; x_wconf 82' lang='lat' dir='ltr'>excom(m)unicati</span> <span class='ocrx_word' id='word_1_123' title='bbox 380 1386 433 1449; x_wconf 92' lang='lat' dir='ltr'>vel</span> <span class='ocrx_word' id='word_1_124' title='bbox 450 1387 612 1450; x_wconf 83' lang='lat' dir='ltr'>interdicti</span> <span class='ocrx_word' id='word_1_125' title='bbox 637 1387 762 1463; x_wconf 88' lang='lat' dir='ltr'>suerint,</span> <span class='ocrx_word' id='word_1_126' title='bbox 787 1387 891 1450; x_wconf 91' lang='lat' dir='ltr'>nullus</span> <span class='ocrx_word' id='word_1_127' title='bbox 915 1388 1062 1462; x_wconf 90' lang='lat' dir='ltr'>obsistat,</span> <span class='ocrx_word' id='word_1_128' title='bbox 1087 1387 1176 1448; x_wconf 90' lang='lat' dir='ltr'>salva</span> <span class='ocrx_word' id='word_1_129' title='bbox 1192 1386 1312 1447; x_wconf 86' lang='lat' dir='ltr'>iustitia</span> <span class='ocrx_word' id='word_1_130' title='bbox 1328 1386 1470 1448; x_wconf 87' lang='lat' dir='ltr'>matricis</span> <span class='ocrx_word' id='word_1_131' title='bbox 1492 1385 1637 1474; x_wconf 71' lang='lat' dir='ltr'>ecclesie.</span> <span class='ocrx_word' id='word_1_132' title='bbox 1668 1386 1731 1447; x_wconf 92' lang='lat' dir='ltr'>De·</span> 
     </span>
     <span class='ocr_line' id='line_1_13' title="bbox 60 1474 1734 1558; baseline 0.001 -23"><span class='ocrx_word' id='word_1_133' title='bbox 60 1475 226 1536; x_wconf 91' lang='lat' dir='ltr'>cernimus</span> <span class='ocrx_word' id='word_1_134' title='bbox 249 1495 336 1556; x_wconf 85' lang='lat' dir='ltr'>ergo,</span> <span class='ocrx_word' id='word_1_135' title='bbox 361 1483 397 1537; x_wconf 88' lang='lat' dir='ltr'>ut</span> <span class='ocrx_word' id='word_1_136' title='bbox 412 1476 489 1538; x_wconf 89' lang='lat' dir='ltr'>nulli</span> <span class='ocrx_word' id='word_1_137' title='bbox 507 1477 641 1538; x_wconf 87' lang='lat' dir='ltr'>omnino</span> <span class='ocrx_word' id='word_1_138' title='bbox 657 1474 826 1538; x_wconf 90' lang='lat' dir='ltr'>hominum</span> <span class='ocrx_word' id='word_1_139' title='bbox 842 1477 946 1553; x_wconf 88' lang='lat' dir='ltr'>liceat,</span> <span class='ocrx_word' id='word_1_140' title='bbox 970 1476 1133 1558; x_wconf 87' lang='lat' dir='ltr'>prefatum</span> <span class='ocrx_word' id='word_1_141' title='bbox 1150 1475 1380 1537; x_wconf 89' lang='lat' dir='ltr'>monasterium</span> <span class='ocrx_word' id='word_1_142' title='bbox 1403 1483 1525 1538; x_wconf 89' lang='lat' dir='ltr'>temere</span> <span class='ocrx_word' id='word_1_143' title='bbox 1544 1475 1734 1556; x_wconf 87' lang='lat' dir='ltr'>perturbare</span> 
     </span>
     <span class='ocr_line' id='line_1_14' title="bbox 60 1563 1734 1645; baseline 0 -21"><span class='ocrx_word' id='word_1_144' title='bbox 60 1571 117 1625; x_wconf 91' lang='lat' dir='ltr'>aut</span> <span class='ocrx_word' id='word_1_145' title='bbox 145 1564 217 1626; x_wconf 91' lang='lat' dir='ltr'>eius</span> <span class='ocrx_word' id='word_1_146' title='bbox 239 1566 464 1645; x_wconf 89' lang='lat' dir='ltr'>possessiones</span> <span class='ocrx_word' id='word_1_147' title='bbox 487 1566 612 1627; x_wconf 90' lang='lat' dir='ltr'>auserre</span> <span class='ocrx_word' id='word_1_148' title='bbox 642 1565 694 1628; x_wconf 92' lang='lat' dir='ltr'>vel</span> <span class='ocrx_word' id='word_1_149' title='bbox 719 1565 845 1628; x_wconf 90' lang='lat' dir='ltr'>ablatas</span> <span class='ocrx_word' id='word_1_150' title='bbox 876 1567 1021 1641; x_wconf 91' lang='lat' dir='ltr'>retinere,</span> <span class='ocrx_word' id='word_1_151' title='bbox 1054 1565 1197 1627; x_wconf 89' lang='lat' dir='ltr'>minuere</span> <span class='ocrx_word' id='word_1_152' title='bbox 1228 1573 1284 1625; x_wconf 90' lang='lat' dir='ltr'>aut</span> <span class='ocrx_word' id='word_1_153' title='bbox 1314 1563 1475 1644; x_wconf 89' lang='lat' dir='ltr'>aliquibus</span> <span class='ocrx_word' id='word_1_154' title='bbox 1505 1563 1734 1626; x_wconf 87' lang='lat' dir='ltr'>vexationibus</span> 
     </span>
     <span class='ocr_line' id='line_1_15' title="bbox 60 1651 1734 1736; baseline 0 -22"><span class='ocrx_word' id='word_1_155' title='bbox 60 1651 210 1733; x_wconf 81' lang='lat' dir='ltr'>fatigare,</span> <span class='ocrx_word' id='word_1_156' title='bbox 234 1660 283 1716; x_wconf 91' lang='lat' dir='ltr'>set</span> <span class='ocrx_word' id='word_1_157' title='bbox 299 1654 408 1715; x_wconf 90' lang='lat' dir='ltr'>omnia</span> <span class='ocrx_word' id='word_1_158' title='bbox 424 1655 549 1735; x_wconf 83' lang='lat' dir='ltr'>integra</span> <span class='ocrx_word' id='word_1_159' title='bbox 572 1665 804 1717; x_wconf 88' lang='lat' dir='ltr'>conserventur</span> <span class='ocrx_word' id='word_1_160' title='bbox 818 1675 940 1729; x_wconf 89' lang='lat' dir='ltr'>eorum,</span> <span class='ocrx_word' id='word_1_161' title='bbox 964 1674 1024 1736; x_wconf 92' lang='lat' dir='ltr'>pro</span> <span class='ocrx_word' id='word_1_162' title='bbox 1049 1673 1187 1735; x_wconf 92' lang='lat' dir='ltr'>quorum</span> <span class='ocrx_word' id='word_1_163' title='bbox 1202 1653 1438 1733; x_wconf 86' lang='lat' dir='ltr'>gubernatione</span> <span class='ocrx_word' id='word_1_164' title='bbox 1454 1661 1487 1716; x_wconf 87' lang='lat' dir='ltr'>et</span> <span class='ocrx_word' id='word_1_165' title='bbox 1501 1653 1734 1717; x_wconf 90' lang='lat' dir='ltr'>sustentatione</span> 
     </span>
     <span class='ocr_line' id='line_1_16' title="bbox 60 1741 1733 1828; baseline -0.001 -25"><span class='ocrx_word' id='word_1_166' title='bbox 60 1761 221 1804; x_wconf 89' lang='lat' dir='ltr'>concessa</span> <span class='ocrx_word' id='word_1_167' title='bbox 243 1749 326 1818; x_wconf 81' lang='lat' dir='ltr'>sunt,</span> <span class='ocrx_word' id='word_1_168' title='bbox 350 1743 461 1806; x_wconf 92' lang='lat' dir='ltr'>usibus</span> <span class='ocrx_word' id='word_1_169' title='bbox 477 1745 676 1806; x_wconf 91' lang='lat' dir='ltr'>omnimodis</span> <span class='ocrx_word' id='word_1_170' title='bbox 693 1745 870 1825; x_wconf 86' lang='lat' dir='ltr'>profutura,</span> <span class='ocrx_word' id='word_1_171' title='bbox 894 1745 983 1806; x_wconf 88' lang='lat' dir='ltr'>salva</span> <span class='ocrx_word' id='word_1_172' title='bbox 999 1743 1086 1806; x_wconf 90' lang='lat' dir='ltr'>sedis</span> <span class='ocrx_word' id='word_1_173' title='bbox 1101 1742 1281 1828; x_wconf 74' lang='lat' dir='ltr'>apostolice</span> <span class='ocrx_word' id='word_1_174' title='bbox 1305 1743 1497 1805; x_wconf 90' lang='lat' dir='ltr'>auctoritate</span> <span class='ocrx_word' id='word_1_175' title='bbox 1514 1751 1546 1805; x_wconf 88' lang='lat' dir='ltr'>et</span> <span class='ocrx_word' id='word_1_176' title='bbox 1569 1741 1733 1805; x_wconf 91' lang='lat' dir='ltr'>diocesani</span> 
     </span>
     <span class='ocr_line' id='line_1_17' title="bbox 61 1830 1734 1918; baseline 0 -26"><span class='ocrx_word' id='word_1_177' title='bbox 61 1830 214 1913; x_wconf 89' lang='lat' dir='ltr'>episcopi</span> <span class='ocrx_word' id='word_1_178' title='bbox 242 1832 400 1895; x_wconf 90' lang='lat' dir='ltr'>canonica</span> <span class='ocrx_word' id='word_1_179' title='bbox 430 1833 561 1895; x_wconf 90' lang='lat' dir='ltr'>iustitia.</span> <span class='ocrx_word' id='word_1_180' title='bbox 607 1833 642 1896; x_wconf 91' lang='lat' dir='ltr'>Si</span> <span class='ocrx_word' id='word_1_181' title='bbox 672 1853 737 1914; x_wconf 92' lang='lat' dir='ltr'>qua</span> <span class='ocrx_word' id='word_1_182' title='bbox 763 1834 860 1915; x_wconf 88' lang='lat' dir='ltr'>igitur</span> <span class='ocrx_word' id='word_1_183' title='bbox 890 1834 922 1895; x_wconf 91' lang='lat' dir='ltr'>in</span> <span class='ocrx_word' id='word_1_184' title='bbox 953 1833 1094 1895; x_wconf 86' lang='lat' dir='ltr'>futurum</span> <span class='ocrx_word' id='word_1_185' title='bbox 1124 1831 1344 1918; x_wconf 72' lang='lat' dir='ltr'>ecclesiastica</span> <span class='ocrx_word' id='word_1_186' title='bbox 1370 1832 1562 1918; x_wconf 76' lang='lat' dir='ltr'>secularisve</span> <span class='ocrx_word' id='word_1_187' title='bbox 1585 1851 1734 1914; x_wconf 88' lang='lat' dir='ltr'>persona,</span> 
     </span>
     <span class='ocr_line' id='line_1_18' title="bbox 60 1921 1734 2009; baseline -0.001 -26"><span class='ocrx_word' id='word_1_188' title='bbox 60 1921 147 1983; x_wconf 89' lang='lat' dir='ltr'>hanc</span> <span class='ocrx_word' id='word_1_189' title='bbox 171 1930 283 2007; x_wconf 73' lang='lat' dir='ltr'>nostre</span> <span class='ocrx_word' id='word_1_190' title='bbox 298 1922 539 1984; x_wconf 85' lang='lat' dir='ltr'>constitutionis</span> <span class='ocrx_word' id='word_1_191' title='bbox 554 1923 709 2004; x_wconf 87' lang='lat' dir='ltr'>paginam</span> <span class='ocrx_word' id='word_1_192' title='bbox 732 1924 846 1998; x_wconf 88' lang='lat' dir='ltr'>sciens,</span> <span class='ocrx_word' id='word_1_193' title='bbox 864 1932 977 1986; x_wconf 91' lang='lat' dir='ltr'>contra</span> <span class='ocrx_word' id='word_1_194' title='bbox 993 1942 1066 1984; x_wconf 91' lang='lat' dir='ltr'>eam</span> <span class='ocrx_word' id='word_1_195' title='bbox 1082 1931 1204 1983; x_wconf 89' lang='lat' dir='ltr'>temere</span> <span class='ocrx_word' id='word_1_196' title='bbox 1219 1921 1329 1984; x_wconf 88' lang='lat' dir='ltr'>venire</span> <span class='ocrx_word' id='word_1_197' title='bbox 1350 1922 1566 2003; x_wconf 90' lang='lat' dir='ltr'>temptaverit,</span> <span class='ocrx_word' id='word_1_198' title='bbox 1590 1922 1734 2009; x_wconf 72' lang='lat' dir='ltr'>secundo</span> 
     </span>
     <span class='ocr_line' id='line_1_19' title="bbox 59 2009 1735 2094; baseline 0 -23"><span class='ocrx_word' id='word_1_199' title='bbox 59 2011 203 2073; x_wconf 89' lang='lat' dir='ltr'>tertiove</span> <span class='ocrx_word' id='word_1_200' title='bbox 226 2011 436 2087; x_wconf 88' lang='lat' dir='ltr'>commonita,</span> <span class='ocrx_word' id='word_1_201' title='bbox 459 2012 486 2074; x_wconf 95' lang='lat' dir='ltr'>si</span> <span class='ocrx_word' id='word_1_202' title='bbox 510 2032 577 2074; x_wconf 92' lang='lat' dir='ltr'>non</span> <span class='ocrx_word' id='word_1_203' title='bbox 600 2011 821 2075; x_wconf 82' lang='lat' dir='ltr'>satisfactione</span> <span class='ocrx_word' id='word_1_204' title='bbox 844 2032 988 2094; x_wconf 87' lang='lat' dir='ltr'>congrua</span> <span class='ocrx_word' id='word_1_205' title='bbox 1011 2009 1240 2086; x_wconf 88' lang='lat' dir='ltr'>emendaverit,</span> <span class='ocrx_word' id='word_1_206' title='bbox 1268 2011 1441 2091; x_wconf 90' lang='lat' dir='ltr'>potestatis</span> <span class='ocrx_word' id='word_1_207' title='bbox 1464 2010 1664 2092; x_wconf 91' lang='lat' dir='ltr'>honorisque</span> <span class='ocrx_word' id='word_1_208' title='bbox 1687 2011 1735 2074; x_wconf 92' lang='lat' dir='ltr'>sui</span> 
     </span>
     <span class='ocr_line' id='line_1_20' title="bbox 62 2099 1735 2182; baseline 0.001 -22"><span class='ocrx_word' id='word_1_209' title='bbox 62 2099 226 2180; x_wconf 88' lang='lat' dir='ltr'>dignitate</span> <span class='ocrx_word' id='word_1_210' title='bbox 248 2109 357 2162; x_wconf 88' lang='lat' dir='ltr'>careat</span> <span class='ocrx_word' id='word_1_211' title='bbox 379 2120 534 2182; x_wconf 90' lang='lat' dir='ltr'>reamque</span> <span class='ocrx_word' id='word_1_212' title='bbox 557 2122 592 2164; x_wconf 93' lang='lat' dir='ltr'>se</span> <span class='ocrx_word' id='word_1_213' title='bbox 616 2101 727 2163; x_wconf 89' lang='lat' dir='ltr'>divino</span> <span class='ocrx_word' id='word_1_214' title='bbox 751 2101 871 2163; x_wconf 91' lang='lat' dir='ltr'>iudicio</span> <span class='ocrx_word' id='word_1_215' title='bbox 903 2101 1041 2164; x_wconf 89' lang='lat' dir='ltr'>existere</span> <span class='ocrx_word' id='word_1_216' title='bbox 1066 2101 1107 2162; x_wconf 92' lang='lat' dir='ltr'>de</span> <span class='ocrx_word' id='word_1_217' title='bbox 1129 2106 1317 2181; x_wconf 88' lang='lat' dir='ltr'>perpetrata</span> <span class='ocrx_word' id='word_1_218' title='bbox 1347 2101 1517 2181; x_wconf 89' lang='lat' dir='ltr'>iniquitate</span> <span class='ocrx_word' id='word_1_219' title='bbox 1548 2108 1735 2181; x_wconf 86' lang='lat' dir='ltr'>cognoscat,</span> 
     </span>
     <span class='ocr_line' id='line_1_21' title="bbox 61 2189 1735 2272; baseline 0 -21"><span class='ocrx_word' id='word_1_220' title='bbox 61 2197 94 2251; x_wconf 91' lang='lat' dir='ltr'>et</span> <span class='ocrx_word' id='word_1_221' title='bbox 117 2209 138 2250; x_wconf 93' lang='lat' dir='ltr'>a</span> <span class='ocrx_word' id='word_1_222' title='bbox 161 2190 381 2252; x_wconf 88' lang='lat' dir='ltr'>sacratissimo</span> <span class='ocrx_word' id='word_1_223' title='bbox 408 2210 547 2271; x_wconf 92' lang='lat' dir='ltr'>corpore</span> <span class='ocrx_word' id='word_1_224' title='bbox 576 2209 614 2252; x_wconf 93' lang='lat' dir='ltr'>ac</span> <span class='ocrx_word' id='word_1_225' title='bbox 643 2191 800 2272; x_wconf 87' lang='lat' dir='ltr'>sanguine</span> <span class='ocrx_word' id='word_1_226' title='bbox 831 2190 882 2252; x_wconf 92' lang='lat' dir='ltr'>dei</span> <span class='ocrx_word' id='word_1_227' title='bbox 913 2200 946 2253; x_wconf 92' lang='lat' dir='ltr'>et</span> <span class='ocrx_word' id='word_1_228' title='bbox 976 2189 1109 2264; x_wconf 92' lang='lat' dir='ltr'>domiui,</span> <span class='ocrx_word' id='word_1_229' title='bbox 1142 2189 1358 2270; x_wconf 89' lang='lat' dir='ltr'>redemptoris</span> <span class='ocrx_word' id='word_1_230' title='bbox 1388 2190 1489 2253; x_wconf 90' lang='lat' dir='ltr'>nostri</span> <span class='ocrx_word' id='word_1_231' title='bbox 1512 2191 1583 2252; x_wconf 90' lang='lat' dir='ltr'>Iesu</span> <span class='ocrx_word' id='word_1_232' title='bbox 1608 2189 1735 2265; x_wconf 90' lang='lat' dir='ltr'>Christi,</span> 
     </span>
     <span class='ocr_line' id='line_1_22' title="bbox 61 2275 1736 2360; baseline 0.001 -21"><span class='ocrx_word' id='word_1_233' title='bbox 61 2277 168 2340; x_wconf 90' lang='lat' dir='ltr'>aliena</span> <span class='ocrx_word' id='word_1_234' title='bbox 192 2279 258 2355; x_wconf 90' lang='lat' dir='ltr'>fiat,</span> <span class='ocrx_word' id='word_1_235' title='bbox 282 2288 381 2360; x_wconf 89' lang='lat' dir='ltr'>atque</span> <span class='ocrx_word' id='word_1_236' title='bbox 405 2280 438 2341; x_wconf 89' lang='lat' dir='ltr'>in</span> <span class='ocrx_word' id='word_1_237' title='bbox 462 2291 610 2342; x_wconf 88' lang='lat' dir='ltr'>extremo</span> <span class='ocrx_word' id='word_1_238' title='bbox 634 2279 785 2342; x_wconf 85' lang='lat' dir='ltr'>examine</span> <span class='ocrx_word' id='word_1_239' title='bbox 809 2279 954 2342; x_wconf 90' lang='lat' dir='ltr'>districte</span> <span class='ocrx_word' id='word_1_240' title='bbox 978 2279 1092 2342; x_wconf 92' lang='lat' dir='ltr'>ultioni</span> <span class='ocrx_word' id='word_1_241' title='bbox 1116 2278 1292 2341; x_wconf 89' lang='lat' dir='ltr'>subiaceat.</span> <span class='ocrx_word' id='word_1_242' title='bbox 1339 2275 1471 2342; x_wconf 90' lang='lat' dir='ltr'>Cunctis</span> <span class='ocrx_word' id='word_1_243' title='bbox 1487 2286 1603 2355; x_wconf 88' lang='lat' dir='ltr'>autem,</span> <span class='ocrx_word' id='word_1_244' title='bbox 1628 2279 1736 2341; x_wconf 90' lang='lat' dir='ltr'>eidem</span> 
     </span>
     <span class='ocr_line' id='line_1_23' title="bbox 62 2363 1764 2453; baseline 0 -25"><span class='ocrx_word' id='word_1_245' title='bbox 62 2367 137 2430; x_wconf 93' lang='lat' dir='ltr'>loco</span> <span class='ocrx_word' id='word_1_246' title='bbox 163 2369 247 2431; x_wconf 90' lang='lat' dir='ltr'>iusta</span> <span class='ocrx_word' id='word_1_247' title='bbox 269 2368 482 2443; x_wconf 89' lang='lat' dir='ltr'>servantibus,</span> <span class='ocrx_word' id='word_1_248' title='bbox 506 2369 548 2431; x_wconf 86' lang='lat' dir='ltr'>sit</span> <span class='ocrx_word' id='word_1_249' title='bbox 570 2389 639 2449; x_wconf 87' lang='lat' dir='ltr'>pax</span> <span class='ocrx_word' id='word_1_250' title='bbox 662 2369 786 2431; x_wconf 91' lang='lat' dir='ltr'>domini</span> <span class='ocrx_word' id='word_1_251' title='bbox 811 2370 912 2431; x_wconf 91' lang='lat' dir='ltr'>nostri</span> <span class='ocrx_word' id='word_1_252' title='bbox 929 2368 1000 2432; x_wconf 91' lang='lat' dir='ltr'>lesu</span> <span class='ocrx_word' id='word_1_253' title='bbox 1016 2367 1143 2443; x_wconf 90' lang='lat' dir='ltr'>Christi,</span> <span class='ocrx_word' id='word_1_254' title='bbox 1169 2368 1319 2448; x_wconf 91' lang='lat' dir='ltr'>quatinus</span> <span class='ocrx_word' id='word_1_255' title='bbox 1335 2375 1368 2430; x_wconf 88' lang='lat' dir='ltr'>et</span> <span class='ocrx_word' id='word_1_256' title='bbox 1387 2368 1440 2431; x_wconf 91' lang='lat' dir='ltr'>hic</span> <span class='ocrx_word' id='word_1_257' title='bbox 1463 2370 1601 2430; x_wconf 82' lang='lat' dir='ltr'>fructum</span> <span class='ocrx_word' id='word_1_258' title='bbox 1622 2363 1627 2451; x_wconf 90' lang='grc' dir='ltr'>Ι</span> <span class='ocrx_word' id='word_1_259' title='bbox 1647 2368 1736 2453; x_wconf 76' lang='lat' dir='ltr'>bone</span> <span class='ocrx_word' id='word_1_260' title='bbox 1762 2421 1764 2428; x_wconf 55' lang='lat'>.</span> 
     </span>
     <span class='ocr_line' id='line_1_24' title="bbox 63 2457 1735 2544; baseline 0.001 -26"><span class='ocrx_word' id='word_1_261' title='bbox 63 2457 203 2520; x_wconf 89' lang='lat' dir='ltr'>actionis</span> <span class='ocrx_word' id='word_1_262' title='bbox 231 2457 416 2540; x_wconf 90' lang='lat' dir='ltr'>percipiant</span> <span class='ocrx_word' id='word_1_263' title='bbox 445 2464 477 2520; x_wconf 92' lang='lat' dir='ltr'>et</span> <span class='ocrx_word' id='word_1_264' title='bbox 507 2458 596 2539; x_wconf 90' lang='lat' dir='ltr'>apud</span> <span class='ocrx_word' id='word_1_265' title='bbox 625 2458 805 2520; x_wconf 90' lang='lat' dir='ltr'>districtum</span> <span class='ocrx_word' id='word_1_266' title='bbox 830 2457 970 2520; x_wconf 90' lang='lat' dir='ltr'>iudicem</span> <span class='ocrx_word' id='word_1_267' title='bbox 993 2458 1120 2540; x_wconf 92' lang='lat' dir='ltr'>premia</span> <span class='ocrx_word' id='word_1_268' title='bbox 1142 2467 1252 2544; x_wconf 71' lang='lat' dir='ltr'>eterne</span> <span class='ocrx_word' id='word_1_269' title='bbox 1283 2458 1373 2538; x_wconf 90' lang='lat' dir='ltr'>pacis</span> <span class='ocrx_word' id='word_1_270' title='bbox 1397 2458 1570 2521; x_wconf 82' lang='lat' dir='ltr'>inveniant</span> <span class='ocrx_word' id='word_1_271' title='bbox 1616 2457 1735 2522; x_wconf 90' lang='lat' dir='ltr'>Amen.</span> 
     </span>
     <span class='ocr_line' id='line_1_25' title="bbox 62 2544 396 2610; baseline 0 -2"><span class='ocrx_word' id='word_1_272' title='bbox 62 2544 184 2610; x_wconf 84' lang='lat' dir='ltr'>A-m.</span> <span class='ocrx_word' id='word_1_273' title='bbox 209 2547 329 2610; x_wconf 92' lang='lat' dir='ltr'>Amen.</span> <span class='ocrx_word' id='word_1_274' title='bbox 352 2581 396 2592; x_wconf 88' lang='lat'>-—</span> 
     </span>
    </p>

    <p class='ocr_par' dir='ltr' id='par_1_4' title="bbox 279 2632 1313 2722">
     <span class='ocr_line' id='line_1_26' title="bbox 279 2632 1313 2722; baseline 0 -25"><span class='ocrx_word' id='word_1_275' title='bbox 279 2632 336 2718; x_wconf 87' lang='lat' dir='ltr'>(R)</span> <span class='ocrx_word' id='word_1_276' title='bbox 360 2637 433 2717; x_wconf 85' lang='lat' dir='ltr'>Ego</span> <span class='ocrx_word' id='word_1_277' title='bbox 457 2635 623 2716; x_wconf 85' lang='lat' dir='ltr'>Eugenius</span> <span class='ocrx_word' id='word_1_278' title='bbox 646 2632 806 2722; x_wconf 76' lang='lat' dir='ltr'>catholice</span> <span class='ocrx_word' id='word_1_279' title='bbox 829 2635 966 2722; x_wconf 69' lang='lat' dir='ltr'>ecclesie</span> <span class='ocrx_word' id='word_1_280' title='bbox 989 2635 1163 2717; x_wconf 93' lang='lat' dir='ltr'>episcopus</span> <span class='ocrx_word' id='word_1_281' title='bbox 1187 2655 1227 2697; x_wconf 93' lang='lat' dir='ltr'>ss.</span> <span class='ocrx_word' id='word_1_282' title='bbox 1251 2633 1313 2713; x_wconf 91' lang='lat' dir='ltr'>(M)</span> 
     </span>
    </p>

    <p class='ocr_par' dir='ltr' id='par_1_5' title="bbox 280 2721 1196 2806">
     <span class='ocr_line' id='line_1_27' title="bbox 280 2721 1196 2806; baseline 0 -19"><span class='ocrx_word' id='word_1_283' title='bbox 280 2721 300 2806; x_wconf 90' lang='lat'><em>†</em></span> <span class='ocrx_word' id='word_1_284' title='bbox 323 2725 396 2806; x_wconf 86' lang='lat' dir='ltr'>Ego</span> <span class='ocrx_word' id='word_1_285' title='bbox 419 2723 660 2788; x_wconf 89' lang='lat' dir='ltr'>Theodewinus</span> <span class='ocrx_word' id='word_1_286' title='bbox 682 2732 794 2788; x_wconf 89' lang='lat' dir='ltr'>sancte</span> <span class='ocrx_word' id='word_1_287' title='bbox 816 2725 935 2788; x_wconf 86' lang='lat' dir='ltr'>Rufine</span> <span class='ocrx_word' id='word_1_288' title='bbox 957 2726 1133 2806; x_wconf 90' lang='lat' dir='ltr'>episcopus</span> <span class='ocrx_word' id='word_1_289' title='bbox 1155 2745 1196 2787; x_wconf 81' lang='lat' dir='ltr'>ss</span> 
     </span>
    </p>

    <p class='ocr_par' dir='ltr' id='par_1_6' title="bbox 279 2810 1062 2896">
     <span class='ocr_line' id='line_1_28' title="bbox 279 2810 1062 2896; baseline 0.001 -20"><span class='ocrx_word' id='word_1_290' title='bbox 279 2810 300 2896; x_wconf 88' lang='lat'>†</span> <span class='ocrx_word' id='word_1_291' title='bbox 323 2813 397 2896; x_wconf 86' lang='lat' dir='ltr'>Ego</span> <span class='ocrx_word' id='word_1_292' title='bbox 420 2814 593 2877; x_wconf 89' lang='lat' dir='ltr'>Albericus</span> <span class='ocrx_word' id='word_1_293' title='bbox 617 2814 801 2877; x_wconf 87' lang='lat' dir='ltr'>Hostiensis</span> <span class='ocrx_word' id='word_1_294' title='bbox 825 2816 999 2896; x_wconf 89' lang='lat' dir='ltr'>episcopus</span> <span class='ocrx_word' id='word_1_295' title='bbox 1021 2835 1062 2877; x_wconf 92' lang='lat' dir='ltr'>ss.</span> 
     </span>
    </p>

    <p class='ocr_par' dir='ltr' id='par_1_7' title="bbox 281 2898 1103 2985">
     <span class='ocr_line' id='line_1_29' title="bbox 281 2898 1103 2985; baseline 0.002 -21"><span class='ocrx_word' id='word_1_296' title='bbox 281 2898 302 2984; x_wconf 92' lang='lat'>†</span> <span class='ocrx_word' id='word_1_297' title='bbox 325 2902 398 2984; x_wconf 88' lang='lat' dir='ltr'>Ego</span> <span class='ocrx_word' id='word_1_298' title='bbox 421 2903 545 2965; x_wconf 90' lang='lat' dir='ltr'>Imarus</span> <span class='ocrx_word' id='word_1_299' title='bbox 567 2902 770 2965; x_wconf 87' lang='lat' dir='ltr'>Tusculanus</span> <span class='ocrx_word' id='word_1_300' title='bbox 794 2905 968 2985; x_wconf 90' lang='lat' dir='ltr'>episcopus</span> <span class='ocrx_word' id='word_1_301' title='bbox 991 2924 1031 2966; x_wconf 91' lang='lat' dir='ltr'>ss.</span> <span class='ocrx_word' id='word_1_302' title='bbox 1056 2903 1103 2982; x_wconf 82' lang='lat'>(2)</span> 
     </span>
    </p>

    <p class='ocr_par' dir='ltr' id='par_1_8' title="bbox 281 2991 1394 3074">
     <span class='ocr_line' id='line_1_30' title="bbox 281 2991 1394 3074; baseline 0 -20"><span class='ocrx_word' id='word_1_303' title='bbox 281 2993 421 3073; x_wconf 88' lang='lat' dir='ltr'>-Ego</span> <span class='ocrx_word' id='word_1_304' title='bbox 445 2992 554 3057; x_wconf 92' lang='lat' dir='ltr'>Guido</span> <span class='ocrx_word' id='word_1_305' title='bbox 578 2993 740 3073; x_wconf 91' lang='lat' dir='ltr'>presbiter</span> <span class='ocrx_word' id='word_1_306' title='bbox 762 2992 935 3055; x_wconf 89' lang='lat' dir='ltr'>cardinalis</span> <span class='ocrx_word' id='word_1_307' title='bbox 957 2993 1005 3055; x_wconf 92' lang='lat' dir='ltr'>tit.</span> <span class='ocrx_word' id='word_1_308' title='bbox 1029 2993 1132 3055; x_wconf 90' lang='lat' dir='ltr'>sancti</span> <span class='ocrx_word' id='word_1_309' title='bbox 1156 2991 1331 3074; x_wconf 86' lang='lat' dir='ltr'>Grisogoni</span> <span class='ocrx_word' id='word_1_310' title='bbox 1355 3013 1394 3054; x_wconf 86' lang='lat' dir='ltr'>ss</span> 
     </span>
    </p>

    <p class='ocr_par' dir='ltr' id='par_1_9' title="bbox 281 3080 1660 3162">
     <span class='ocr_line' id='line_1_31' title="bbox 281 3080 1660 3162; baseline 0.001 -20"><span class='ocrx_word' id='word_1_311' title='bbox 281 3081 398 3162; x_wconf 79' lang='lat' dir='ltr'>†Ego</span> <span class='ocrx_word' id='word_1_312' title='bbox 422 3081 593 3144; x_wconf 88' lang='lat' dir='ltr'>Hubaldus</span> <span class='ocrx_word' id='word_1_313' title='bbox 617 3081 777 3162; x_wconf 88' lang='lat' dir='ltr'>presbiter</span> <span class='ocrx_word' id='word_1_314' title='bbox 801 3081 973 3144; x_wconf 90' lang='lat' dir='ltr'>cardinalis</span> <span class='ocrx_word' id='word_1_315' title='bbox 995 3082 1042 3145; x_wconf 89' lang='lat' dir='ltr'>tit.</span> <span class='ocrx_word' id='word_1_316' title='bbox 1067 3091 1253 3144; x_wconf 89' lang='lat' dir='ltr'>sanctorum</span> <span class='ocrx_word' id='word_1_317' title='bbox 1277 3081 1430 3144; x_wconf 90' lang='lat' dir='ltr'>iohannis</span> <span class='ocrx_word' id='word_1_318' title='bbox 1454 3090 1487 3144; x_wconf 92' lang='lat' dir='ltr'>et</span> <span class='ocrx_word' id='word_1_319' title='bbox 1508 3080 1597 3144; x_wconf 90' lang='lat' dir='ltr'>Pauli</span> <span class='ocrx_word' id='word_1_320' title='bbox 1620 3102 1660 3144; x_wconf 92' lang='lat' dir='ltr'>ss.</span> 
     </span>
    </p>

    <p class='ocr_par' dir='ltr' id='par_1_10' title="bbox 282 3166 1616 3252">
     <span class='ocr_line' id='line_1_32' title="bbox 282 3166 1616 3252; baseline 0.004 -23"><span class='ocrx_word' id='word_1_321' title='bbox 282 3166 355 3252; x_wconf 88' lang='lat' dir='ltr'>Ego</span> <span class='ocrx_word' id='word_1_322' title='bbox 379 3170 489 3234; x_wconf 91' lang='lat' dir='ltr'>Guido</span> <span class='ocrx_word' id='word_1_323' title='bbox 513 3170 674 3252; x_wconf 89' lang='lat' dir='ltr'>presbiter</span> <span class='ocrx_word' id='word_1_324' title='bbox 696 3170 868 3234; x_wconf 91' lang='lat' dir='ltr'>cardinalis</span> <span class='ocrx_word' id='word_1_325' title='bbox 892 3171 938 3234; x_wconf 89' lang='lat' dir='ltr'>tit.</span> <span class='ocrx_word' id='word_1_326' title='bbox 961 3181 1147 3234; x_wconf 89' lang='lat' dir='ltr'>sanctorum</span> <span class='ocrx_word' id='word_1_327' title='bbox 1170 3170 1335 3234; x_wconf 91' lang='lat' dir='ltr'>Laurentii</span> <span class='ocrx_word' id='word_1_328' title='bbox 1359 3181 1393 3234; x_wconf 91' lang='lat' dir='ltr'>et</span> <span class='ocrx_word' id='word_1_329' title='bbox 1414 3173 1551 3234; x_wconf 87' lang='lat' dir='ltr'>Damasi</span> <span class='ocrx_word' id='word_1_330' title='bbox 1575 3191 1616 3234; x_wconf 92' lang='lat' dir='ltr'>ss.</span> 
     </span>
    </p>

    <p class='ocr_par' dir='ltr' id='par_1_11' title="bbox 282 3259 1001 3342">
     <span class='ocr_line' id='line_1_33' title="bbox 282 3259 1001 3342; baseline 0.004 -21"><span class='ocrx_word' id='word_1_331' title='bbox 282 3259 355 3341; x_wconf 83' lang='lat' dir='ltr'>Ego</span> <span class='ocrx_word' id='word_1_332' title='bbox 379 3261 479 3342; x_wconf 86' lang='lat' dir='ltr'>Hugo</span> <span class='ocrx_word' id='word_1_333' title='bbox 502 3259 663 3341; x_wconf 91' lang='lat' dir='ltr'>presbiter</span> <span class='ocrx_word' id='word_1_334' title='bbox 683 3261 732 3322; x_wconf 91' lang='lat' dir='ltr'>tit.</span> <span class='ocrx_word' id='word_1_335' title='bbox 758 3261 791 3322; x_wconf 89' lang='lat' dir='ltr'>in</span> <span class='ocrx_word' id='word_1_336' title='bbox 813 3261 939 3324; x_wconf 90' lang='lat' dir='ltr'>Lucina</span> <span class='ocrx_word' id='word_1_337' title='bbox 960 3281 1001 3324; x_wconf 91' lang='lat' dir='ltr'>ss.</span> 
     </span>
    </p>

    <p class='ocr_par' dir='ltr' id='par_1_12' title="bbox 283 3346 1282 3431">
     <span class='ocr_line' id='line_1_34' title="bbox 283 3346 1282 3431; baseline -0.001 -20"><span class='ocrx_word' id='word_1_338' title='bbox 283 3348 357 3430; x_wconf 86' lang='lat' dir='ltr'>Ego</span> <span class='ocrx_word' id='word_1_339' title='bbox 379 3347 479 3411; x_wconf 90' lang='lat' dir='ltr'>iulius</span> <span class='ocrx_word' id='word_1_340' title='bbox 502 3348 662 3431; x_wconf 91' lang='lat' dir='ltr'>presbiter</span> <span class='ocrx_word' id='word_1_341' title='bbox 685 3346 856 3412; x_wconf 89' lang='lat' dir='ltr'>cardinalis</span> <span class='ocrx_word' id='word_1_342' title='bbox 878 3351 925 3412; x_wconf 92' lang='lat' dir='ltr'>tit.</span> <span class='ocrx_word' id='word_1_343' title='bbox 948 3350 1051 3412; x_wconf 92' lang='lat' dir='ltr'>sancti</span> <span class='ocrx_word' id='word_1_344' title='bbox 1074 3347 1218 3412; x_wconf 91' lang='lat' dir='ltr'>Marcelli</span> <span class='ocrx_word' id='word_1_345' title='bbox 1241 3369 1282 3411; x_wconf 89' lang='lat' dir='ltr'>ss.</span> 
     </span>
    </p>

    <p class='ocr_par' dir='ltr' id='par_1_13' title="bbox 283 3437 1173 3519">
     <span class='ocr_line' id='line_1_35' title="bbox 283 3437 1173 3519; baseline 0.002 -20"><span class='ocrx_word' id='word_1_346' title='bbox 283 3437 361 3499; x_wconf 89' lang='lat' dir='ltr'>EGO</span> <span class='ocrx_word' id='word_1_347' title='bbox 385 3438 494 3502; x_wconf 93' lang='lat' dir='ltr'>Guido</span> <span class='ocrx_word' id='word_1_348' title='bbox 518 3439 678 3519; x_wconf 90' lang='lat' dir='ltr'>presbiter</span> <span class='ocrx_word' id='word_1_349' title='bbox 701 3438 873 3502; x_wconf 90' lang='lat' dir='ltr'>cardinalis</span> <span class='ocrx_word' id='word_1_350' title='bbox 896 3441 944 3502; x_wconf 90' lang='lat' dir='ltr'>tit.</span> <span class='ocrx_word' id='word_1_351' title='bbox 967 3440 1110 3502; x_wconf 89' lang='lat' dir='ltr'>Pastoris</span> <span class='ocrx_word' id='word_1_352' title='bbox 1131 3459 1173 3501; x_wconf 92' lang='lat' dir='ltr'>ss.</span> 
     </span>
    </p>

    <p class='ocr_par' dir='ltr' id='par_1_14' title="bbox 284 3523 1681 3608">
     <span class='ocr_line' id='line_1_36' title="bbox 284 3523 1681 3608; baseline -0.001 -18"><span class='ocrx_word' id='word_1_353' title='bbox 284 3561 328 3572; x_wconf 94' lang='lat'>-</span> <span class='ocrx_word' id='word_1_354' title='bbox 351 3523 372 3608; x_wconf 83' lang='lat'>†</span> <span class='ocrx_word' id='word_1_355' title='bbox 394 3528 468 3608; x_wconf 86' lang='lat' dir='ltr'>Ego</span> <span class='ocrx_word' id='word_1_356' title='bbox 492 3527 592 3591; x_wconf 92' lang='lat' dir='ltr'>Oddo</span> <span class='ocrx_word' id='word_1_357' title='bbox 617 3528 775 3590; x_wconf 92' lang='lat' dir='ltr'>diaconus</span> <span class='ocrx_word' id='word_1_358' title='bbox 798 3529 972 3591; x_wconf 92' lang='lat' dir='ltr'>cardinalis</span> <span class='ocrx_word' id='word_1_359' title='bbox 994 3529 1097 3592; x_wconf 91' lang='lat' dir='ltr'>sancti</span> <span class='ocrx_word' id='word_1_360' title='bbox 1122 3527 1255 3608; x_wconf 88' lang='lat' dir='ltr'>Georgii</span> <span class='ocrx_word' id='word_1_361' title='bbox 1279 3526 1321 3589; x_wconf 92' lang='lat' dir='ltr'>ad</span> <span class='ocrx_word' id='word_1_362' title='bbox 1343 3525 1462 3590; x_wconf 91' lang='lat' dir='ltr'>Velum</span> <span class='ocrx_word' id='word_1_363' title='bbox 1487 3546 1617 3590; x_wconf 88' lang='lat' dir='ltr'>aureum</span> <span class='ocrx_word' id='word_1_364' title='bbox 1640 3547 1681 3589; x_wconf 82' lang='lat' dir='ltr'>ss</span> 
     </span>
    </p>

    <p class='ocr_par' dir='ltr' id='par_1_15' title="bbox 283 3613 1740 3698">
     <span class='ocr_line' id='line_1_37' title="bbox 283 3613 1740 3698; baseline -0.001 -20"><span class='ocrx_word' id='word_1_365' title='bbox 283 3616 400 3698; x_wconf 85' lang='lat' dir='ltr'>†Ego</span> <span class='ocrx_word' id='word_1_366' title='bbox 425 3613 624 3679; x_wconf 88' lang='lat' dir='ltr'>Octavianus</span> <span class='ocrx_word' id='word_1_367' title='bbox 649 3617 806 3680; x_wconf 91' lang='lat' dir='ltr'>diaconus</span> <span class='ocrx_word' id='word_1_368' title='bbox 831 3618 1003 3680; x_wconf 90' lang='lat' dir='ltr'>cardinalis</span> <span class='ocrx_word' id='word_1_369' title='bbox 1026 3618 1129 3680; x_wconf 90' lang='lat' dir='ltr'>sancti</span> <span class='ocrx_word' id='word_1_370' title='bbox 1153 3616 1281 3679; x_wconf 92' lang='lat' dir='ltr'>Nicolai</span> <span class='ocrx_word' id='word_1_371' title='bbox 1312 3617 1344 3679; x_wconf 90' lang='lat' dir='ltr'>in</span> <span class='ocrx_word' id='word_1_372' title='bbox 1376 3636 1503 3679; x_wconf 89' lang='lat' dir='ltr'>carcere</span> <span class='ocrx_word' id='word_1_373' title='bbox 1525 3615 1677 3679; x_wconf 87' lang='lat' dir='ltr'>Tulliano</span> <span class='ocrx_word' id='word_1_374' title='bbox 1700 3637 1740 3678; x_wconf 92' lang='lat' dir='ltr'>ss.</span> 
     </span>
    </p>

    <p class='ocr_par' dir='ltr' id='par_1_16' title="bbox 286 3705 1316 3786">
     <span class='ocr_line' id='line_1_38' title="bbox 286 3705 1316 3786; baseline -0.001 -18"><span class='ocrx_word' id='word_1_375' title='bbox 286 3706 308 3784; x_wconf 84' lang='lat'><strong>†</strong></span> <span class='ocrx_word' id='word_1_376' title='bbox 330 3707 404 3786; x_wconf 83' lang='lat' dir='ltr'>Ego</span> <span class='ocrx_word' id='word_1_377' title='bbox 427 3705 589 3768; x_wconf 89' lang='lat' dir='ltr'>Iohannes</span> <span class='ocrx_word' id='word_1_378' title='bbox 613 3707 770 3769; x_wconf 91' lang='lat' dir='ltr'>diaconus</span> <span class='ocrx_word' id='word_1_379' title='bbox 793 3706 965 3769; x_wconf 89' lang='lat' dir='ltr'>cardinalis</span> <span class='ocrx_word' id='word_1_380' title='bbox 988 3707 1091 3769; x_wconf 91' lang='lat' dir='ltr'>sancti</span> <span class='ocrx_word' id='word_1_381' title='bbox 1114 3705 1253 3768; x_wconf 90' lang='lat' dir='ltr'>Adriani</span> <span class='ocrx_word' id='word_1_382' title='bbox 1277 3726 1316 3767; x_wconf 92' lang='lat' dir='ltr'>ss.</span> 
     </span>
    </p>

    <p class='ocr_par' dir='ltr' id='par_1_17' title="bbox 287 3791 1405 3882">
     <span class='ocr_line' id='line_1_39' title="bbox 287 3791 1405 3882; baseline -0.002 -26"><span class='ocrx_word' id='word_1_383' title='bbox 287 3791 308 3877; x_wconf 92' lang='lat'>†</span> <span class='ocrx_word' id='word_1_384' title='bbox 330 3793 403 3876; x_wconf 87' lang='lat' dir='ltr'>Ego</span> <span class='ocrx_word' id='word_1_385' title='bbox 426 3795 588 3858; x_wconf 91' lang='lat' dir='ltr'>Iohannes</span> <span class='ocrx_word' id='word_1_386' title='bbox 611 3795 768 3859; x_wconf 91' lang='lat' dir='ltr'>diaconus</span> <span class='ocrx_word' id='word_1_387' title='bbox 791 3797 963 3859; x_wconf 86' lang='lat' dir='ltr'>cardinalis</span> <span class='ocrx_word' id='word_1_388' title='bbox 986 3805 1098 3882; x_wconf 72' lang='lat' dir='ltr'>sancte</span> <span class='ocrx_word' id='word_1_389' title='bbox 1120 3795 1223 3858; x_wconf 91' lang='lat' dir='ltr'>Marie</span> <span class='ocrx_word' id='word_1_390' title='bbox 1246 3795 1341 3857; x_wconf 94' lang='lat' dir='ltr'>Nove</span> <span class='ocrx_word' id='word_1_391' title='bbox 1364 3815 1405 3856; x_wconf 94' lang='lat' dir='ltr'>ss.</span> 
     </span>
    </p>

    <p class='ocr_par' dir='ltr' id='par_1_18' title="bbox 288 3879 1445 3965">
     <span class='ocr_line' id='line_1_40' title="bbox 288 3879 1445 3965; baseline -0.001 -19"><span class='ocrx_word' id='word_1_392' title='bbox 288 3879 309 3964; x_wconf 83' lang='lat'>†</span> <span class='ocrx_word' id='word_1_393' title='bbox 331 3884 404 3965; x_wconf 88' lang='lat' dir='ltr'>Ego</span> <span class='ocrx_word' id='word_1_394' title='bbox 428 3883 536 3947; x_wconf 91' lang='lat' dir='ltr'>Guido</span> <span class='ocrx_word' id='word_1_395' title='bbox 561 3884 718 3946; x_wconf 89' lang='lat' dir='ltr'>diaconus</span> <span class='ocrx_word' id='word_1_396' title='bbox 742 3886 913 3948; x_wconf 91' lang='lat' dir='ltr'>cardinalis</span> <span class='ocrx_word' id='word_1_397' title='bbox 936 3895 1048 3948; x_wconf 92' lang='lat' dir='ltr'>sancte</span> <span class='ocrx_word' id='word_1_398' title='bbox 1071 3885 1173 3947; x_wconf 91' lang='lat' dir='ltr'>Marie</span> <span class='ocrx_word' id='word_1_399' title='bbox 1196 3885 1228 3946; x_wconf 93' lang='lat' dir='ltr'>in</span> <span class='ocrx_word' id='word_1_400' title='bbox 1252 3884 1381 3946; x_wconf 88' lang='lat' dir='ltr'>Porticu</span> <span class='ocrx_word' id='word_1_401' title='bbox 1404 3904 1445 3946; x_wconf 92' lang='lat' dir='ltr'>ss.</span> 
     </span>
    </p>

    <p class='ocr_par' dir='ltr' id='par_1_19' title="bbox 288 3970 1541 4054">
     <span class='ocr_line' id='line_1_41' title="bbox 288 3970 1541 4054; baseline -0.001 -19"><span class='ocrx_word' id='word_1_402' title='bbox 288 3970 308 4053; x_wconf 85' lang='lat'>†</span> <span class='ocrx_word' id='word_1_403' title='bbox 331 3973 404 4054; x_wconf 84' lang='lat' dir='ltr'>Ego</span> <span class='ocrx_word' id='word_1_404' title='bbox 427 3973 568 4036; x_wconf 87' lang='lat' dir='ltr'>iacintus</span> <span class='ocrx_word' id='word_1_405' title='bbox 591 3974 748 4036; x_wconf 91' lang='lat' dir='ltr'>diaconus</span> <span class='ocrx_word' id='word_1_406' title='bbox 772 3974 944 4037; x_wconf 89' lang='lat' dir='ltr'>cardinalis</span> <span class='ocrx_word' id='word_1_407' title='bbox 967 3983 1078 4037; x_wconf 89' lang='lat' dir='ltr'>sancte</span> <span class='ocrx_word' id='word_1_408' title='bbox 1103 3973 1205 4036; x_wconf 91' lang='lat' dir='ltr'>Marie</span> <span class='ocrx_word' id='word_1_409' title='bbox 1228 3973 1261 4035; x_wconf 91' lang='lat' dir='ltr'>in</span> <span class='ocrx_word' id='word_1_410' title='bbox 1285 3971 1477 4054; x_wconf 90' lang='lat' dir='ltr'>Cosmydyn</span> <span class='ocrx_word' id='word_1_411' title='bbox 1500 3993 1541 4035; x_wconf 89' lang='lat' dir='ltr'>ss.</span> 
     </span>
    </p>

    <p class='ocr_par' dir='ltr' id='par_1_20' title="bbox 233 4061 1740 4150">
     <span class='ocr_line' id='line_1_42' title="bbox 233 4061 1740 4150; baseline 0.002 -28"><span class='ocrx_word' id='word_1_412' title='bbox 233 4061 310 4123; x_wconf 94' lang='lat' dir='ltr'>Dat.</span> <span class='ocrx_word' id='word_1_413' title='bbox 334 4063 422 4144; x_wconf 90' lang='lat' dir='ltr'>apud</span> <span class='ocrx_word' id='word_1_414' title='bbox 452 4073 600 4125; x_wconf 88' lang='lat' dir='ltr'>sanctum</span> <span class='ocrx_word' id='word_1_415' title='bbox 625 4063 810 4140; x_wconf 90' lang='lat' dir='ltr'>Genesium,</span> <span class='ocrx_word' id='word_1_416' title='bbox 840 4084 900 4144; x_wconf 94' lang='lat' dir='ltr'>per</span> <span class='ocrx_word' id='word_1_417' title='bbox 922 4082 1053 4126; x_wconf 87' lang='lat' dir='ltr'>manum</span> <span class='ocrx_word' id='word_1_418' title='bbox 1077 4063 1266 4138; x_wconf 84' lang='lat' dir='ltr'>GUIDONIS,</span> <span class='ocrx_word' id='word_1_419' title='bbox 1297 4070 1409 4148; x_wconf 77' lang='lat' dir='ltr'>sancte</span> <span class='ocrx_word' id='word_1_420' title='bbox 1431 4062 1580 4150; x_wconf 72' lang='lat' dir='ltr'>Romane</span> <span class='ocrx_word' id='word_1_421' title='bbox 1604 4062 1740 4149; x_wconf 71' lang='lat' dir='ltr'>ecclesie</span> 
     </span>
    </p>

    <p class='ocr_par' dir='ltr' id='par_1_21' title="bbox 72 4148 1742 4323">
     <span class='ocr_line' id='line_1_43' title="bbox 72 4148 1742 4239; baseline 0.003 -29"><span class='ocrx_word' id='word_1_422' title='bbox 72 4148 203 4211; x_wconf 90' lang='lat' dir='ltr'>diaconi</span> <span class='ocrx_word' id='word_1_423' title='bbox 228 4151 400 4214; x_wconf 87' lang='lat' dir='ltr'>cardinalis</span> <span class='ocrx_word' id='word_1_424' title='bbox 424 4162 456 4214; x_wconf 91' lang='lat' dir='ltr'>et</span> <span class='ocrx_word' id='word_1_425' title='bbox 480 4152 670 4215; x_wconf 87' lang='lat' dir='ltr'>cancellarii.</span> <span class='ocrx_word' id='word_1_426' title='bbox 716 4165 766 4215; x_wconf 85' lang='lat' dir='ltr'>V11</span> <span class='ocrx_word' id='word_1_427' title='bbox 789 4153 865 4216; x_wconf 90' lang='lat' dir='ltr'>Idus</span> <span class='ocrx_word' id='word_1_428' title='bbox 887 4152 982 4215; x_wconf 91' lang='lat' dir='ltr'>Febr.</span> <span class='ocrx_word' id='word_1_429' title='bbox 1027 4152 1209 4214; x_wconf 87' lang='lat' dir='ltr'>indictione</span> <span class='ocrx_word' id='word_1_430' title='bbox 1232 4165 1265 4212; x_wconf 87' lang='lat' dir='ltr'>x.</span> <span class='ocrx_word' id='word_1_431' title='bbox 1312 4149 1547 4214; x_wconf 89' lang='lat' dir='ltr'>incarnationis</span> <span class='ocrx_word' id='word_1_432' title='bbox 1578 4152 1742 4239; x_wconf 71' lang='lat' dir='ltr'>dominice</span> 
     </span>
     <span class='ocr_line' id='line_1_44' title="bbox 72 4241 1343 4323; baseline 0.004 -23"><span class='ocrx_word' id='word_1_433' title='bbox 72 4257 160 4300; x_wconf 90' lang='lat' dir='ltr'>anno</span> <span class='ocrx_word' id='word_1_434' title='bbox 185 4249 331 4303; x_wconf 83' lang='lat' dir='ltr'>MCXLVI.</span> <span class='ocrx_word' id='word_1_435' title='bbox 376 4241 588 4304; x_wconf 88' lang='lat' dir='ltr'>Pontificatus</span> <span class='ocrx_word' id='word_1_436' title='bbox 610 4261 688 4304; x_wconf 90' lang='lat' dir='ltr'>vero</span> <span class='ocrx_word' id='word_1_437' title='bbox 713 4243 824 4305; x_wconf 92' lang='lat' dir='ltr'>domni</span> <span class='ocrx_word' id='word_1_438' title='bbox 848 4242 1002 4304; x_wconf 84' lang='lat' dir='ltr'><strong>EUGENII</strong></span> <span class='ocrx_word' id='word_1_439' title='bbox 1025 4256 1064 4305; x_wconf 91' lang='lat'>111</span> <span class='ocrx_word' id='word_1_440' title='bbox 1085 4261 1173 4323; x_wconf 88' lang='lat' dir='ltr'>pape</span> <span class='ocrx_word' id='word_1_441' title='bbox 1197 4260 1283 4303; x_wconf 92' lang='lat' dir='ltr'>anno</span> <span class='ocrx_word' id='word_1_442' title='bbox 1307 4254 1343 4305; x_wconf 90' lang='lat'>11.</span> 
     </span>
    </p>
   </div>
   <div class='ocr_carea' id='block_1_4' title="bbox 2 4353 1748 5638">
    <p class='ocr_par' dir='ltr' id='par_1_22' title="bbox 238 4353 1262 4420">
     <span class='ocr_line' id='line_1_45' title="bbox 238 4353 1262 4420; baseline 0 -17"><span class='ocrx_word' id='word_1_443' title='bbox 238 4354 280 4404; x_wconf 83' lang='lat' dir='ltr'>Or.</span> <span class='ocrx_word' id='word_1_444' title='bbox 300 4353 416 4418; x_wconf 80' lang='lat' dir='ltr'>(Risarm.</span> <span class='ocrx_word' id='word_1_445' title='bbox 435 4357 484 4404; x_wconf 82' lang='lat' dir='ltr'>Aa.</span> <span class='ocrx_word' id='word_1_446' title='bbox 499 4356 568 4419; x_wconf 77' lang='lat' dir='ltr'>publ.</span> <span class='ocrx_word' id='word_1_447' title='bbox 588 4358 656 4404; x_wconf 72' lang='lat'><strong><em>1146</em></strong></span> <span class='ocrx_word' id='word_1_448' title='bbox 674 4355 726 4405; x_wconf 76' lang='lat' dir='ltr'>Fa.</span> <span class='ocrx_word' id='word_1_449' title='bbox 748 4357 782 4420; x_wconf 75' lang='lat'>7),</span> <span class='ocrx_word' id='word_1_450' title='bbox 802 4355 965 4404; x_wconf 72' lang='lat' dir='ltr'>riraArcla&#39;vra</span> <span class='ocrx_word' id='word_1_451' title='bbox 983 4355 1139 4404; x_wconf 71' lang='lat' dir='ltr'>distarem</span> <span class='ocrx_word' id='word_1_452' title='bbox 1156 4353 1262 4403; x_wconf 75' lang='lat' dir='ltr'>Floreat.</span> 
     </span>
    </p>

    <p class='ocr_par' dir='ltr' id='par_1_23' title="bbox 2 4424 1748 5638">
     <span class='ocr_line' id='line_1_46' title="bbox 88 4424 1741 4493; baseline 0.003 -23"><span class='ocrx_word' id='word_1_453' title='bbox 88 4467 90 4470; x_wconf 88' lang='lat'>.</span> <span class='ocrx_word' id='word_1_454' title='bbox 237 4424 305 4491; x_wconf 83' lang='lat' dir='ltr'>Pcrg.</span> <span class='ocrx_word' id='word_1_455' title='bbox 324 4425 384 4486; x_wconf 74' lang='lat' dir='ltr'>ital,</span> <span class='ocrx_word' id='word_1_456' title='bbox 408 4428 546 4489; x_wconf 76' lang='lat' dir='ltr'>ar.0,515,</span> <span class='ocrx_word' id='word_1_457' title='bbox 571 4431 631 4493; x_wconf 77' lang='lat' dir='ltr'>lang</span> <span class='ocrx_word' id='word_1_458' title='bbox 648 4429 714 4487; x_wconf 84' lang='lat'>0,69,</span> <span class='ocrx_word' id='word_1_459' title='bbox 741 4428 786 4476; x_wconf 84' lang='lat' dir='ltr'>das</span> <span class='ocrx_word' id='word_1_460' title='bbox 807 4427 1004 4493; x_wconf 82' lang='lat' dir='ltr'>Umgeschlagene</span> <span class='ocrx_word' id='word_1_461' title='bbox 1021 4426 1205 4492; x_wconf 79' lang='lat' dir='ltr'>abgeschnitten,</span> <span class='ocrx_word' id='word_1_462' title='bbox 1231 4426 1310 4475; x_wconf 76' lang='lat' dir='ltr'>durch</span> <span class='ocrx_word' id='word_1_463' title='bbox 1326 4425 1383 4474; x_wconf 73' lang='lat' dir='ltr'>traci</span> <span class='ocrx_word' id='word_1_464' title='bbox 1399 4425 1492 4474; x_wconf 68' lang='lat' dir='ltr'>Latiar</span> <span class='ocrx_word' id='word_1_465' title='bbox 1504 4425 1565 4493; x_wconf 81' lang='lat' dir='ltr'>ging</span> <span class='ocrx_word' id='word_1_466' title='bbox 1582 4426 1619 4474; x_wconf 81' lang='lat' dir='ltr'>dia</span> <span class='ocrx_word' id='word_1_467' title='bbox 1636 4426 1741 4487; x_wconf 71' lang='lat' dir='ltr'>Schnnr,</span> 
     </span>
     <span class='ocr_line' id='line_1_47' title="bbox 72 4495 1744 4564; baseline 0.001 -20"><span class='ocrx_word' id='word_1_468' title='bbox 72 4495 158 4544; x_wconf 76' lang='lat' dir='ltr'>welche</span> <span class='ocrx_word' id='word_1_469' title='bbox 186 4496 233 4544; x_wconf 82' lang='lat' dir='ltr'>mit</span> <span class='ocrx_word' id='word_1_470' title='bbox 255 4497 308 4546; x_wconf 86' lang='lat' dir='ltr'>dem</span> <span class='ocrx_word' id='word_1_471' title='bbox 333 4499 456 4564; x_wconf 79' lang='lat' dir='ltr'>Bla&#39;siegel</span> <span class='ocrx_word' id='word_1_472' title='bbox 476 4500 592 4548; x_wconf 76' lang='lat' dir='ltr'>verlarm.</span> <span class='ocrx_word' id='word_1_473' title='bbox 630 4499 738 4564; x_wconf 75' lang='lat' dir='ltr'>Fallung</span> <span class='ocrx_word' id='word_1_474' title='bbox 761 4500 804 4548; x_wconf 84' lang='lat' dir='ltr'>der</span> <span class='ocrx_word' id='word_1_475' title='bbox 827 4499 925 4548; x_wconf 83' lang='lat' dir='ltr'>Bullen.</span> <span class='ocrx_word' id='word_1_476' title='bbox 960 4498 1071 4546; x_wconf 78' lang='lat' dir='ltr'>Initiale:</span> <span class='ocrx_word' id='word_1_477' title='bbox 1096 4498 1166 4546; x_wconf 83' lang='lat' dir='ltr'>leicht</span> <span class='ocrx_word' id='word_1_478' title='bbox 1190 4498 1298 4546; x_wconf 72' lang='lat' dir='ltr'>venierit</span> <span class='ocrx_word' id='word_1_479' title='bbox 1324 4497 1483 4561; x_wconf 64' lang='lat' dir='ltr'>Uahalfarm.</span> <span class='ocrx_word' id='word_1_480' title='bbox 1521 4498 1569 4548; x_wconf 82' lang='lat' dir='ltr'>Dic</span> <span class='ocrx_word' id='word_1_481' title='bbox 1598 4498 1675 4547; x_wconf 80' lang='lat' dir='ltr'>Warle</span> <span class='ocrx_word' id='word_1_482' title='bbox 1700 4498 1744 4546; x_wconf 75' lang='lat' dir='ltr'>dtr</span> 
     </span>
     <span class='ocr_line' id='line_1_48' title="bbox 72 4567 1744 4635; baseline 0.002 -20"><span class='ocrx_word' id='word_1_483' title='bbox 72 4575 147 4616; x_wconf 79' lang='lat' dir='ltr'>erstm</span> <span class='ocrx_word' id='word_1_484' title='bbox 175 4567 241 4617; x_wconf 74' lang='lat' dir='ltr'>Zeila</span> <span class='ocrx_word' id='word_1_485' title='bbox 268 4569 328 4618; x_wconf 65' lang='lat' dir='ltr'>aad</span> <span class='ocrx_word' id='word_1_486' title='bbox 350 4570 508 4620; x_wconf 74' lang='lat' dir='ltr'>auiveiclrend</span> <span class='ocrx_word' id='word_1_487' title='bbox 525 4577 650 4635; x_wconf 70' lang='lat' dir='ltr'>gatrauai,</span> <span class='ocrx_word' id='word_1_488' title='bbox 683 4571 719 4620; x_wconf 83' lang='lat' dir='ltr'>dic</span> <span class='ocrx_word' id='word_1_489' title='bbox 742 4570 754 4618; x_wconf 85' lang='lat' dir='ltr'>i</span> <span class='ocrx_word' id='word_1_490' title='bbox 775 4570 831 4619; x_wconf 76' lang='lat' dir='ltr'>aad</span> <span class='ocrx_word' id='word_1_491' title='bbox 854 4578 878 4619; x_wconf 92' lang='lat' dir='ltr'>ct</span> <span class='ocrx_word' id='word_1_492' title='bbox 904 4569 989 4618; x_wconf 80' lang='lat' dir='ltr'>wa&#39;sm</span> <span class='ocrx_word' id='word_1_493' title='bbox 1015 4569 1169 4634; x_wconf 81' lang='lat' dir='ltr'>weitgelande</span> <span class='ocrx_word' id='word_1_494' title='bbox 1196 4569 1466 4632; x_wconf 73' lang='lat' dir='ltr'>Spiiaar&#39;ckelsclm&#39;a&#39;rkel</span> <span class='ocrx_word' id='word_1_495' title='bbox 1487 4570 1541 4633; x_wconf 88' lang='lat' dir='ltr'>auf.</span> <span class='ocrx_word' id='word_1_496' title='bbox 1589 4569 1744 4635; x_wconf 70' lang='lat' dir='ltr'>Vemaiqrmg</span> 
     </span>
     <span class='ocr_line' id='line_1_49' title="bbox 73 4639 1743 4706; baseline 0.002 -20"><span class='ocrx_word' id='word_1_497' title='bbox 73 4639 118 4687; x_wconf 77' lang='lat' dir='ltr'>Nr.</span> <span class='ocrx_word' id='word_1_498' title='bbox 140 4639 189 4690; x_wconf 70' lang='lat'>61²8</span> <span class='ocrx_word' id='word_1_499' title='bbox 210 4639 286 4700; x_wconf 55' lang='lat' dir='ltr'>Plffl,</span> <span class='ocrx_word' id='word_1_500' title='bbox 298 4641 368 4704; x_wconf 76' lang='lat' dir='ltr'>ftillt</span> <span class='ocrx_word' id='word_1_501' title='bbox 383 4643 453 4701; x_wconf 84' lang='lat'>0,08.</span> <span class='ocrx_word' id='word_1_502' title='bbox 490 4642 538 4691; x_wconf 86' lang='lat' dir='ltr'>Dr&#39;e</span> <span class='ocrx_word' id='word_1_503' title='bbox 556 4641 650 4706; x_wconf 76' lang='lat' dir='ltr'>Schm&#39;ft</span> <span class='ocrx_word' id='word_1_504' title='bbox 666 4642 706 4691; x_wconf 86' lang='lat' dir='ltr'>des</span> <span class='ocrx_word' id='word_1_505' title='bbox 723 4641 903 4705; x_wconf 72' lang='lat' dir='ltr'>Hmptkarpers</span> <span class='ocrx_word' id='word_1_506' title='bbox 920 4641 974 4691; x_wconf 76' lang='lat' dir='ltr'>sehr</span> <span class='ocrx_word' id='word_1_507' title='bbox 990 4643 1082 4700; x_wconf 70' lang='lat' dir='ltr'>sacchar,</span> <span class='ocrx_word' id='word_1_508' title='bbox 1101 4640 1168 4689; x_wconf 83' lang='lat' dir='ltr'>wird</span> <span class='ocrx_word' id='word_1_509' title='bbox 1179 4656 1254 4706; x_wconf 78' lang='lat' dir='ltr'>gagen</span> <span class='ocrx_word' id='word_1_510' title='bbox 1273 4639 1343 4688; x_wconf 80' lang='lat' dir='ltr'>Euda</span> <span class='ocrx_word' id='word_1_511' title='bbox 1360 4641 1537 4706; x_wconf 55' lang='lat' dir='ltr'>weitla&#39;uftrger,</span> <span class='ocrx_word' id='word_1_512' title='bbox 1562 4657 1580 4704; x_wconf 86' lang='lat' dir='ltr'>g</span> <span class='ocrx_word' id='word_1_513' title='bbox 1597 4641 1641 4690; x_wconf 75' lang='lat' dir='ltr'>mr&#39;t</span> <span class='ocrx_word' id='word_1_514' title='bbox 1656 4640 1743 4690; x_wconf 83' lang='lat' dir='ltr'>Liaks-</span> 
     </span>
     <span class='ocr_line' id='line_1_50' title="bbox 73 4711 1743 4778; baseline 0.002 -20"><span class='ocrx_word' id='word_1_515' title='bbox 73 4711 308 4771; x_wconf 67' lang='lat' dir='ltr'>wakeachrarkeln,</span> <span class='ocrx_word' id='word_1_516' title='bbox 327 4729 370 4762; x_wconf 86' lang='lat' dir='ltr'>um</span> <span class='ocrx_word' id='word_1_517' title='bbox 388 4714 426 4761; x_wconf 82' lang='lat' dir='ltr'>die</span> <span class='ocrx_word' id='word_1_518' title='bbox 441 4713 502 4762; x_wconf 78' lang='lat' dir='ltr'>Zeila</span> <span class='ocrx_word' id='word_1_519' title='bbox 524 4729 554 4762; x_wconf 76' lang='lat' dir='ltr'>au</span> <span class='ocrx_word' id='word_1_520' title='bbox 570 4713 694 4762; x_wconf 74' lang='lat' dir='ltr'>schlicssm</span> <span class='ocrx_word' id='word_1_521' title='bbox 711 4713 742 4763; x_wconf 85' lang='lat' dir='ltr'>ist</span> <span class='ocrx_word' id='word_1_522' title='bbox 758 4714 801 4762; x_wconf 82' lang='lat' dir='ltr'>der</span> <span class='ocrx_word' id='word_1_523' title='bbox 818 4713 905 4778; x_wconf 80' lang='lat' dir='ltr'>Sclrafl</span> <span class='ocrx_word' id='word_1_524' title='bbox 921 4714 960 4762; x_wconf 87' lang='lat' dir='ltr'>des</span> <span class='ocrx_word' id='word_1_525' title='bbox 978 4727 993 4760; x_wconf 85' lang='lat' dir='ltr'>a</span> <span class='ocrx_word' id='word_1_526' title='bbox 1010 4713 1073 4760; x_wconf 85' lang='lat' dir='ltr'>nach</span> <span class='ocrx_word' id='word_1_527' title='bbox 1091 4711 1166 4760; x_wconf 78' lang='lat' dir='ltr'>rechts</span> <span class='ocrx_word' id='word_1_528' title='bbox 1188 4714 1333 4778; x_wconf 71' lang='lat' dir='ltr'>verlangert.</span> <span class='ocrx_word' id='word_1_529' title='bbox 1366 4711 1547 4761; x_wconf 74' lang='lat' dir='ltr'>Zeilauctlcusc</span> <span class='ocrx_word' id='word_1_530' title='bbox 1563 4713 1678 4762; x_wconf 78' lang='lat' dir='ltr'>zaechseln</span> <span class='ocrx_word' id='word_1_531' title='bbox 1695 4729 1743 4762; x_wconf 80' lang='lat' dir='ltr'>von</span> 
     </span>
     <span class='ocr_line' id='line_1_51' title="bbox 73 4783 1742 4845; baseline 0.004 -16"><span class='ocrx_word' id='word_1_532' title='bbox 73 4783 262 4843; x_wconf 74' lang='grc'><strong><em>0,032-0,04.</em></strong></span> <span class='ocrx_word' id='word_1_533' title='bbox 300 4784 442 4834; x_wconf 68' lang='lat' dir='ltr'>Zeilarwecie</span> <span class='ocrx_word' id='word_1_534' title='bbox 453 4787 538 4844; x_wconf 83' lang='lat'>0,019.</span> <span class='ocrx_word' id='word_1_535' title='bbox 573 4786 651 4834; x_wconf 84' lang='lat' dir='ltr'>Amen</span> <span class='ocrx_word' id='word_1_536' title='bbox 663 4785 709 4837; x_wconf 85' lang='lat' dir='ltr'>Nr.</span> <span class='ocrx_word' id='word_1_537' title='bbox 724 4783 785 4834; x_wconf 66' lang='lat'>711².</span> <span class='ocrx_word' id='word_1_538' title='bbox 822 4787 884 4834; x_wconf 83' lang='lat' dir='ltr'>Rata</span> <span class='ocrx_word' id='word_1_539' title='bbox 903 4785 950 4833; x_wconf 87' lang='lat' dir='ltr'>Nr.</span> <span class='ocrx_word' id='word_1_540' title='bbox 964 4787 986 4843; x_wconf 86' lang='lat'>1,</span> <span class='ocrx_word' id='word_1_541' title='bbox 1005 4783 1038 4832; x_wconf 88' lang='lat' dir='ltr'>im</span> <span class='ocrx_word' id='word_1_542' title='bbox 1055 4783 1231 4832; x_wconf 81' lang='lat' dir='ltr'>Durclrmesser</span> <span class='ocrx_word' id='word_1_543' title='bbox 1247 4785 1334 4844; x_wconf 79' lang='grc'><strong><em>0,054,</em></strong></span> <span class='ocrx_word' id='word_1_544' title='bbox 1353 4799 1400 4833; x_wconf 85' lang='lat' dir='ltr'>van</span> <span class='ocrx_word' id='word_1_545' title='bbox 1417 4784 1461 4832; x_wconf 86' lang='lat' dir='ltr'>der</span> <span class='ocrx_word' id='word_1_546' title='bbox 1477 4786 1559 4833; x_wconf 76' lang='lat' dir='ltr'>letaten</span> <span class='ocrx_word' id='word_1_547' title='bbox 1577 4783 1638 4833; x_wconf 86' lang='lat' dir='ltr'>Za&#39;le</span> <span class='ocrx_word' id='word_1_548' title='bbox 1654 4786 1742 4845; x_wconf 81' lang='grc'><strong><em>0,008,</em></strong></span> 
     </span>
     <span class='ocr_line' id='line_1_52' title="bbox 73 4854 1742 4922; baseline 0.002 -21"><span class='ocrx_word' id='word_1_549' title='bbox 73 4867 118 4901; x_wconf 83' lang='lat' dir='ltr'>van</span> <span class='ocrx_word' id='word_1_550' title='bbox 144 4855 190 4904; x_wconf 80' lang='lat' dir='ltr'>der</span> <span class='ocrx_word' id='word_1_551' title='bbox 211 4854 291 4903; x_wconf 81' lang='lat' dir='ltr'>linken</span> <span class='ocrx_word' id='word_1_552' title='bbox 316 4857 396 4905; x_wconf 71' lang='grc' dir='ltr'><em>Κακία</em></span> <span class='ocrx_word' id='word_1_553' title='bbox 414 4858 501 4917; x_wconf 85' lang='grc'><strong><em>0,078,</em></strong></span> <span class='ocrx_word' id='word_1_554' title='bbox 526 4873 581 4905; x_wconf 78' lang='lat' dir='ltr'>vara</span> <span class='ocrx_word' id='word_1_555' title='bbox 608 4856 777 4922; x_wconf 74' lang='lat' dir='ltr'>Maagramm</span> <span class='ocrx_word' id='word_1_556' title='bbox 795 4859 880 4916; x_wconf 61' lang='lat' dir='ltr'>Offld.</span> <span class='ocrx_word' id='word_1_557' title='bbox 919 4855 1087 4920; x_wconf 81' lang='lat' dir='ltr'>Managramm</span> <span class='ocrx_word' id='word_1_558' title='bbox 1106 4854 1152 4904; x_wconf 89' lang='lat' dir='ltr'>Nr.</span> <span class='ocrx_word' id='word_1_559' title='bbox 1173 4857 1210 4914; x_wconf 73' lang='lat'>6⁰,</span> <span class='ocrx_word' id='word_1_560' title='bbox 1229 4855 1287 4904; x_wconf 78' lang='lat' dir='ltr'>lach</span> <span class='ocrx_word' id='word_1_561' title='bbox 1306 4856 1390 4915; x_wconf 60' lang='lat'>0955,</span> <span class='ocrx_word' id='word_1_562' title='bbox 1416 4854 1475 4904; x_wconf 75' lang='lat' dir='ltr'>brea</span> <span class='ocrx_word' id='word_1_563' title='bbox 1490 4856 1523 4904; x_wconf 86' lang='lat' dir='ltr'>im</span> <span class='ocrx_word' id='word_1_564' title='bbox 1542 4855 1638 4920; x_wconf 73' lang='lat' dir='ltr'>Karper</span> <span class='ocrx_word' id='word_1_565' title='bbox 1655 4857 1742 4916; x_wconf 82' lang='lat'>0,035,</span> 
     </span>
     <span class='ocr_line' id='line_1_53' title="bbox 73 4926 1742 4994; baseline 0.003 -23"><span class='ocrx_word' id='word_1_566' title='bbox 73 4927 181 4976; x_wconf 80' lang='lat' dir='ltr'>vander</span> <span class='ocrx_word' id='word_1_567' title='bbox 199 4926 294 4975; x_wconf 77' lang='lat' dir='ltr'>rechten</span> <span class='ocrx_word' id='word_1_568' title='bbox 312 4927 392 4977; x_wconf 76' lang='lat' dir='ltr'>Konta</span> <span class='ocrx_word' id='word_1_569' title='bbox 410 4930 480 4987; x_wconf 87' lang='lat'>0,11.</span> <span class='ocrx_word' id='word_1_570' title='bbox 517 4928 653 4994; x_wconf 82' lang='lat' dir='ltr'>Ringkreua</span> <span class='ocrx_word' id='word_1_571' title='bbox 668 4929 723 4976; x_wconf 86' lang='lat' dir='ltr'>und</span> <span class='ocrx_word' id='word_1_572' title='bbox 742 4927 904 4991; x_wconf 75' lang='lat' dir='ltr'>Ualerschn&#39;st</span> <span class='ocrx_word' id='word_1_573' title='bbox 927 4927 1002 4992; x_wconf 66' lang='lat' dir='ltr'>m&#39;grm</span> <span class='ocrx_word' id='word_1_574' title='bbox 1020 4926 1101 4975; x_wconf 84' lang='lat' dir='ltr'>Hand</span> <span class='ocrx_word' id='word_1_575' title='bbox 1122 4927 1176 4974; x_wconf 88' lang='lat' dir='ltr'>und</span> <span class='ocrx_word' id='word_1_576' title='bbox 1191 4927 1266 4976; x_wconf 83' lang='lat' dir='ltr'>Dinte</span> <span class='ocrx_word' id='word_1_577' title='bbox 1275 4928 1330 4992; x_wconf 84' lang='lat' dir='ltr'>fiir</span> <span class='ocrx_word' id='word_1_578' title='bbox 1346 4926 1408 4985; x_wconf 77' lang='lat' dir='ltr'>sich,</span> <span class='ocrx_word' id='word_1_579' title='bbox 1433 4941 1457 4975; x_wconf 85' lang='lat' dir='ltr'>es</span> <span class='ocrx_word' id='word_1_580' title='bbox 1478 4927 1568 4976; x_wconf 75' lang='lat' dir='ltr'>scheint</span> <span class='ocrx_word' id='word_1_581' title='bbox 1584 4927 1622 4976; x_wconf 86' lang='lat' dir='ltr'>die</span> <span class='ocrx_word' id='word_1_582' title='bbox 1638 4943 1668 4976; x_wconf 73' lang='lat' dir='ltr'>m</span> <span class='ocrx_word' id='word_1_583' title='bbox 1685 4927 1742 4990; x_wconf 69' lang='lat' dir='ltr'>sair,</span> 
     </span>
     <span class='ocr_line' id='line_1_54' title="bbox 2 4997 1744 5066; baseline 0.002 -21"><span class='ocrx_word' id='word_1_584' title='bbox 2 5023 3 5026; x_wconf 17' lang='grc' dir='ltr'><strong>κ</strong></span> <span class='ocrx_word' id='word_1_585' title='bbox 74 4997 160 5046; x_wconf 76' lang='lat' dir='ltr'>welche</span> <span class='ocrx_word' id='word_1_586' title='bbox 180 4997 305 5047; x_wconf 88' lang='lat' dir='ltr'>Guidonis</span> <span class='ocrx_word' id='word_1_587' title='bbox 323 4999 349 5048; x_wconf 81' lang='lat' dir='ltr'>in</span> <span class='ocrx_word' id='word_1_588' title='bbox 369 5001 414 5050; x_wconf 84' lang='lat' dir='ltr'>der</span> <span class='ocrx_word' id='word_1_589' title='bbox 430 5000 558 5066; x_wconf 79' lang='lat' dir='ltr'>Datimng</span> <span class='ocrx_word' id='word_1_590' title='bbox 581 5000 716 5066; x_wconf 76' lang='lat' dir='ltr'>nachtrug,</span> <span class='ocrx_word' id='word_1_591' title='bbox 741 5001 801 5050; x_wconf 79' lang='lat' dir='ltr'>dr&#39;esc</span> <span class='ocrx_word' id='word_1_592' title='bbox 824 5007 889 5048; x_wconf 80' lang='lat' dir='ltr'>sanst</span> <span class='ocrx_word' id='word_1_593' title='bbox 910 5010 965 5048; x_wconf 80' lang='lat' dir='ltr'>vam</span> <span class='ocrx_word' id='word_1_594' title='bbox 983 4997 1273 5062; x_wconf 70' lang='lat' dir='ltr'>Haaptkirpersclrrribcr.</span> <span class='ocrx_word' id='word_1_595' title='bbox 1314 4997 1450 5063; x_wconf 77' lang='lat' dir='ltr'>Unuclrrifl</span> <span class='ocrx_word' id='word_1_596' title='bbox 1472 4999 1561 5048; x_wconf 83' lang='lat' dir='ltr'>nimmt</span> <span class='ocrx_word' id='word_1_597' title='bbox 1576 4998 1627 5048; x_wconf 77' lang='lat' dir='ltr'>siclt</span> <span class='ocrx_word' id='word_1_598' title='bbox 1643 5014 1689 5048; x_wconf 82' lang='lat' dir='ltr'>aus</span> <span class='ocrx_word' id='word_1_599' title='bbox 1705 5001 1744 5048; x_wconf 86' lang='lat' dir='ltr'>als</span> 
     </span>
     <span class='ocr_line' id='line_1_55' title="bbox 74 5069 1745 5139; baseline 0.002 -22"><span class='ocrx_word' id='word_1_600' title='bbox 74 5069 158 5118; x_wconf 66' lang='lat' dir='ltr'>halan</span> <span class='ocrx_word' id='word_1_601' title='bbox 175 5069 254 5118; x_wconf 79' lang='lat' dir='ltr'>Dina</span> <span class='ocrx_word' id='word_1_602' title='bbox 270 5071 314 5120; x_wconf 73' lang='grc' dir='ltr'><em>ταία</em></span> <span class='ocrx_word' id='word_1_603' title='bbox 332 5071 369 5121; x_wconf 80' lang='lat' dir='ltr'>die</span> <span class='ocrx_word' id='word_1_604' title='bbox 389 5072 535 5138; x_wconf 80' lang='lat' dir='ltr'>Umgebung.</span> <span class='ocrx_word' id='word_1_605' title='bbox 572 5072 621 5120; x_wconf 83' lang='lat' dir='ltr'>Die</span> <span class='ocrx_word' id='word_1_606' title='bbox 634 5072 842 5139; x_wconf 71' lang='lat' dir='ltr'>Ptesbyterfirmea</span> <span class='ocrx_word' id='word_1_607' title='bbox 851 5071 950 5136; x_wconf 79' lang='lat' dir='ltr'>fiihren</span> <span class='ocrx_word' id='word_1_608' title='bbox 967 5086 1051 5119; x_wconf 84' lang='lat' dir='ltr'>ausser</span> <span class='ocrx_word' id='word_1_609' title='bbox 1067 5070 1110 5118; x_wconf 85' lang='lat' dir='ltr'>der</span> <span class='ocrx_word' id='word_1_610' title='bbox 1127 5069 1240 5119; x_wconf 84' lang='lat' dir='ltr'>Hubalds</span> <span class='ocrx_word' id='word_1_611' title='bbox 1256 5070 1309 5119; x_wconf 79' lang='lat' dir='ltr'>kain</span> <span class='ocrx_word' id='word_1_612' title='bbox 1327 5070 1415 5129; x_wconf 82' lang='lat' dir='ltr'>Krcua,</span> <span class='ocrx_word' id='word_1_613' title='bbox 1434 5069 1467 5118; x_wconf 76' lang='lat' dir='ltr'>sie</span> <span class='ocrx_word' id='word_1_614' title='bbox 1482 5071 1541 5119; x_wconf 66' lang='lat' dir='ltr'>saud</span> <span class='ocrx_word' id='word_1_615' title='bbox 1556 5072 1602 5120; x_wconf 84' lang='lat' dir='ltr'>alle</span> <span class='ocrx_word' id='word_1_616' title='bbox 1620 5071 1664 5120; x_wconf 79' lang='lat' dir='ltr'>ma</span> <span class='ocrx_word' id='word_1_617' title='bbox 1679 5070 1745 5120; x_wconf 84' lang='lat' dir='ltr'>einer</span> 
     </span>
     <span class='ocr_line' id='line_1_56' title="bbox 73 5139 1743 5210; baseline 0.002 -22"><span class='ocrx_word' id='word_1_618' title='bbox 73 5141 128 5188; x_wconf 79' lang='lat' dir='ltr'>aad</span> <span class='ocrx_word' id='word_1_619' title='bbox 143 5141 262 5191; x_wconf 81' lang='lat' dir='ltr'>derselhen</span> <span class='ocrx_word' id='word_1_620' title='bbox 280 5143 355 5191; x_wconf 71' lang='lat' dir='ltr'>Daue</span> <span class='ocrx_word' id='word_1_621' title='bbox 371 5143 503 5209; x_wconf 72' lang='lat' dir='ltr'>bargestellt</span> <span class='ocrx_word' id='word_1_622' title='bbox 518 5143 574 5192; x_wconf 84' lang='lat' dir='ltr'>und</span> <span class='ocrx_word' id='word_1_623' title='bbox 589 5144 709 5210; x_wconf 68' lang='lat' dir='ltr'>offendar,</span> <span class='ocrx_word' id='word_1_624' title='bbox 736 5151 794 5192; x_wconf 82' lang='lat' dir='ltr'>trata</span> <span class='ocrx_word' id='word_1_625' title='bbox 808 5144 921 5210; x_wconf 83' lang='lat' dir='ltr'>gewisser</span> <span class='ocrx_word' id='word_1_626' title='bbox 938 5139 1177 5207; x_wconf 73' lang='lat' dir='ltr'>Iridrbiduala&#39;rirung</span> <span class='ocrx_word' id='word_1_627' title='bbox 1192 5159 1239 5191; x_wconf 85' lang='lat' dir='ltr'>van</span> <span class='ocrx_word' id='word_1_628' title='bbox 1260 5141 1363 5207; x_wconf 76' lang='lat' dir='ltr'>gleicher</span> <span class='ocrx_word' id='word_1_629' title='bbox 1379 5141 1463 5190; x_wconf 74' lang='lat' dir='ltr'>Hacrd.</span> <span class='ocrx_word' id='word_1_630' title='bbox 1501 5143 1556 5191; x_wconf 86' lang='lat' dir='ltr'>Das</span> <span class='ocrx_word' id='word_1_631' title='bbox 1573 5142 1743 5192; x_wconf 76' lang='lat' dir='ltr'>Hubaldkrm</span> 
     </span>
     <span class='ocr_line' id='line_1_57' title="bbox 74 5211 1744 5277; baseline 0.002 -18"><span class='ocrx_word' id='word_1_632' title='bbox 74 5211 104 5260; x_wconf 83' lang='lat' dir='ltr'>ist</span> <span class='ocrx_word' id='word_1_633' title='bbox 120 5213 175 5262; x_wconf 82' lang='lat' dir='ltr'>dick</span> <span class='ocrx_word' id='word_1_634' title='bbox 193 5214 250 5261; x_wconf 85' lang='lat' dir='ltr'>und</span> <span class='ocrx_word' id='word_1_635' title='bbox 263 5214 353 5263; x_wconf 80' lang='lat' dir='ltr'>sclm&#39;nt</span> <span class='ocrx_word' id='word_1_636' title='bbox 368 5230 415 5263; x_wconf 82' lang='lat' dir='ltr'>van</span> <span class='ocrx_word' id='word_1_637' title='bbox 433 5215 562 5264; x_wconf 83' lang='lat' dir='ltr'>dunklerer</span> <span class='ocrx_word' id='word_1_638' title='bbox 578 5215 653 5264; x_wconf 79' lang='lat' dir='ltr'>Diale</span> <span class='ocrx_word' id='word_1_639' title='bbox 669 5215 837 5265; x_wconf 69' lang='lat' dir='ltr'>kawrdlzren.</span> <span class='ocrx_word' id='word_1_640' title='bbox 876 5215 924 5262; x_wconf 84' lang='lat' dir='ltr'>Die</span> <span class='ocrx_word' id='word_1_641' title='bbox 941 5214 1051 5277; x_wconf 64' lang='lat' dir='ltr'>Baclasc</span> <span class='ocrx_word' id='word_1_642' title='bbox 1077 5213 1179 5262; x_wconf 81' lang='lat' dir='ltr'>wardan</span> <span class='ocrx_word' id='word_1_643' title='bbox 1201 5213 1315 5262; x_wconf 77' lang='lat' dir='ltr'>awischen</span> <span class='ocrx_word' id='word_1_644' title='bbox 1338 5214 1385 5262; x_wconf 78' lang='lat' dir='ltr'>den</span> <span class='ocrx_word' id='word_1_645' title='bbox 1404 5213 1523 5262; x_wconf 68' lang='lat' dir='ltr'>fflestem</span> <span class='ocrx_word' id='word_1_646' title='bbox 1547 5213 1603 5262; x_wconf 84' lang='lat' dir='ltr'>und</span> <span class='ocrx_word' id='word_1_647' title='bbox 1618 5213 1744 5262; x_wconf 75' lang='lat' dir='ltr'>Diakanm</span> 
     </span>
     <span class='ocr_line' id='line_1_58' title="bbox 73 5283 1744 5350; baseline 0.001 -17"><span class='ocrx_word' id='word_1_648' title='bbox 73 5283 250 5349; x_wconf 79' lang='lat' dir='ltr'>eiugeklemmt,</span> <span class='ocrx_word' id='word_1_649' title='bbox 280 5284 420 5334; x_wconf 70' lang='lat' dir='ltr'>Theoderici</span> <span class='ocrx_word' id='word_1_650' title='bbox 443 5286 516 5335; x_wconf 79' lang='lat' dir='ltr'>rr&#39;ilrrt</span> <span class='ocrx_word' id='word_1_651' title='bbox 536 5303 590 5335; x_wconf 88' lang='lat' dir='ltr'>vam</span> <span class='ocrx_word' id='word_1_652' title='bbox 605 5286 821 5336; x_wconf 71' lang='lat' dir='ltr'>Pcicslerschrciber</span> <span class='ocrx_word' id='word_1_653' title='bbox 837 5287 887 5346; x_wconf 79' lang='lat' dir='ltr'>her,</span> <span class='ocrx_word' id='word_1_654' title='bbox 907 5287 950 5334; x_wconf 83' lang='lat' dir='ltr'>der</span> <span class='ocrx_word' id='word_1_655' title='bbox 966 5288 1016 5334; x_wconf 90' lang='lat' dir='ltr'>alsa</span> <span class='ocrx_word' id='word_1_656' title='bbox 1026 5285 1121 5350; x_wconf 70' lang='lat' dir='ltr'>frciher</span> <span class='ocrx_word' id='word_1_657' title='bbox 1137 5285 1249 5345; x_wconf 78' lang='lat' dir='ltr'>arbeilete,</span> <span class='ocrx_word' id='word_1_658' title='bbox 1268 5283 1394 5334; x_wconf 70' lang='lat' dir='ltr'>nuchhar</span> <span class='ocrx_word' id='word_1_659' title='bbox 1410 5299 1465 5333; x_wconf 80' lang='lat' dir='ltr'>war</span> <span class='ocrx_word' id='word_1_660' title='bbox 1481 5285 1526 5334; x_wconf 82' lang='lat' dir='ltr'>das</span> <span class='ocrx_word' id='word_1_661' title='bbox 1538 5285 1619 5334; x_wconf 84' lang='lat' dir='ltr'>Krem</span> <span class='ocrx_word' id='word_1_662' title='bbox 1636 5285 1744 5350; x_wconf 76' lang='lat' dir='ltr'>ansangs</span> 
     </span>
     <span class='ocr_line' id='line_1_59' title="bbox 74 5355 1747 5423; baseline 0 -19"><span class='ocrx_word' id='word_1_663' title='bbox 74 5359 232 5422; x_wconf 76' lang='lat' dir='ltr'>aeggelassm</span> <span class='ocrx_word' id='word_1_664' title='bbox 260 5357 315 5405; x_wconf 78' lang='lat' dir='ltr'>rard</span> <span class='ocrx_word' id='word_1_665' title='bbox 340 5358 424 5407; x_wconf 81' lang='lat' dir='ltr'>warde</span> <span class='ocrx_word' id='word_1_666' title='bbox 450 5359 518 5407; x_wconf 70' lang='lat' dir='ltr'>dcam</span> <span class='ocrx_word' id='word_1_667' title='bbox 543 5359 750 5423; x_wconf 76' lang='lat' dir='ltr'>iibergeschn&#39;eben.</span> <span class='ocrx_word' id='word_1_668' title='bbox 786 5359 836 5408; x_wconf 81' lang='lat' dir='ltr'>Die</span> <span class='ocrx_word' id='word_1_669' title='bbox 859 5358 939 5408; x_wconf 67' lang='lat' dir='ltr'>beiden</span> <span class='ocrx_word' id='word_1_670' title='bbox 965 5358 1072 5407; x_wconf 67' lang='lat' dir='ltr'>raedam</span> <span class='ocrx_word' id='word_1_671' title='bbox 1089 5357 1200 5421; x_wconf 77' lang='lat' dir='ltr'>Bischafe</span> <span class='ocrx_word' id='word_1_672' title='bbox 1224 5357 1291 5406; x_wconf 80' lang='lat' dir='ltr'>wahl</span> <span class='ocrx_word' id='word_1_673' title='bbox 1309 5372 1356 5405; x_wconf 82' lang='lat' dir='ltr'>aaa</span> <span class='ocrx_word' id='word_1_674' title='bbox 1376 5355 1482 5422; x_wconf 75' lang='lat' dir='ltr'>gleiclur</span> <span class='ocrx_word' id='word_1_675' title='bbox 1498 5357 1582 5407; x_wconf 83' lang='lat' dir='ltr'>Hand.</span> <span class='ocrx_word' id='word_1_676' title='bbox 1618 5355 1687 5406; x_wconf 81' lang='lat' dir='ltr'>Auch</span> <span class='ocrx_word' id='word_1_677' title='bbox 1711 5357 1747 5405; x_wconf 82' lang='lat' dir='ltr'>bei</span> 
     </span>
     <span class='ocr_line' id='line_1_60' title="bbox 74 5426 1748 5495; baseline 0.001 -19"><span class='ocrx_word' id='word_1_678' title='bbox 74 5429 184 5478; x_wconf 76' lang='lat' dir='ltr'>Albericlr</span> <span class='ocrx_word' id='word_1_679' title='bbox 210 5429 256 5477; x_wconf 86' lang='lat' dir='ltr'>das</span> <span class='ocrx_word' id='word_1_680' title='bbox 282 5428 363 5477; x_wconf 79' lang='lat' dir='ltr'>Krma</span> <span class='ocrx_word' id='word_1_681' title='bbox 389 5430 601 5495; x_wconf 71' lang='lat' dir='ltr'>ribergeschn&#39;eben.</span> <span class='ocrx_word' id='word_1_682' title='bbox 646 5431 694 5479; x_wconf 82' lang='lat' dir='ltr'>Die</span> <span class='ocrx_word' id='word_1_683' title='bbox 720 5429 861 5488; x_wconf 80' lang='lat' dir='ltr'>Diakonm,</span> <span class='ocrx_word' id='word_1_684' title='bbox 892 5445 976 5478; x_wconf 65' lang='lat' dir='ltr'>messer</span> <span class='ocrx_word' id='word_1_685' title='bbox 1006 5436 1067 5478; x_wconf 75' lang='lat' dir='ltr'>aava</span> <span class='ocrx_word' id='word_1_686' title='bbox 1097 5428 1214 5478; x_wconf 84' lang='lat' dir='ltr'>Octavian</span> <span class='ocrx_word' id='word_1_687' title='bbox 1235 5429 1291 5478; x_wconf 81' lang='lat' dir='ltr'>und</span> <span class='ocrx_word' id='word_1_688' title='bbox 1319 5427 1444 5494; x_wconf 79' lang='lat' dir='ltr'>Johannes</span> <span class='ocrx_word' id='word_1_689' title='bbox 1469 5426 1561 5491; x_wconf 76' lang='grc' dir='ltr'><em>(Μανία</em></span> <span class='ocrx_word' id='word_1_690' title='bbox 1584 5431 1653 5495; x_wconf 79' lang='lat' dir='ltr'>nove)</span> <span class='ocrx_word' id='word_1_691' title='bbox 1681 5428 1748 5478; x_wconf 74' lang='lat' dir='ltr'>wohl</span> 
     </span>
     <span class='ocr_line' id='line_1_61' title="bbox 2 5499 1745 5567; baseline 0.003 -19"><span class='ocrx_word' id='word_1_692' title='bbox 2 5559 3 5564; x_wconf 12' lang='lat'>¹</span> <span class='ocrx_word' id='word_1_693' title='bbox 75 5513 120 5548; x_wconf 82' lang='lat' dir='ltr'>van</span> <span class='ocrx_word' id='word_1_694' title='bbox 138 5501 257 5550; x_wconf 66' lang='lat' dir='ltr'>desselben</span> <span class='ocrx_word' id='word_1_695' title='bbox 275 5499 358 5560; x_wconf 69' lang='grc' dir='ltr'><em>Ηααιᾶ,</em></span> <span class='ocrx_word' id='word_1_696' title='bbox 383 5501 441 5550; x_wconf 74' lang='lat' dir='ltr'>riard</span> <span class='ocrx_word' id='word_1_697' title='bbox 454 5517 499 5550; x_wconf 84' lang='lat' dir='ltr'>aar</span> <span class='ocrx_word' id='word_1_698' title='bbox 517 5502 569 5550; x_wconf 82' lang='lat' dir='ltr'>dem</span> <span class='ocrx_word' id='word_1_699' title='bbox 588 5500 768 5567; x_wconf 77' lang='lat' dir='ltr'>Maagramme</span> <span class='ocrx_word' id='word_1_700' title='bbox 785 5519 815 5550; x_wconf 84' lang='lat' dir='ltr'>au</span> <span class='ocrx_word' id='word_1_701' title='bbox 833 5503 903 5552; x_wconf 79' lang='lat' dir='ltr'>Euda</span> <span class='ocrx_word' id='word_1_702' title='bbox 924 5500 1043 5566; x_wconf 77' lang='lat' dir='ltr'>gebracht.</span> <span class='ocrx_word' id='word_1_703' title='bbox 1084 5499 1225 5566; x_wconf 79' lang='lat' dir='ltr'>Unma&#39;gliclr</span> <span class='ocrx_word' id='word_1_704' title='bbox 1243 5504 1309 5550; x_wconf 69' lang='lat' dir='ltr'>ware</span> <span class='ocrx_word' id='word_1_705' title='bbox 1332 5499 1405 5559; x_wconf 77' lang='lat' dir='ltr'>nicht,</span> <span class='ocrx_word' id='word_1_706' title='bbox 1430 5501 1487 5550; x_wconf 86' lang='lat' dir='ltr'>dass</span> <span class='ocrx_word' id='word_1_707' title='bbox 1504 5501 1542 5550; x_wconf 80' lang='lat' dir='ltr'>die</span> <span class='ocrx_word' id='word_1_708' title='bbox 1561 5499 1745 5554; x_wconf 65' lang='lat' dir='ltr'>prastaam</span> 
     </span>
     <span class='ocr_line' id='line_1_62' title="bbox 2 5571 1452 5638; baseline 0 -16"><span class='ocrx_word' id='word_1_709' title='bbox 2 5589 3 5622; x_wconf 76' lang='lat' dir='ltr'>l</span> <span class='ocrx_word' id='word_1_710' title='bbox 76 5571 141 5620; x_wconf 56' lang='grc' dir='ltr'><em>αἰτῶι</em></span> <span class='ocrx_word' id='word_1_711' title='bbox 156 5589 192 5622; x_wconf 74' lang='lat' dir='ltr'>aa</span> <span class='ocrx_word' id='word_1_712' title='bbox 209 5573 254 5622; x_wconf 83' lang='lat' dir='ltr'>der</span> <span class='ocrx_word' id='word_1_713' title='bbox 269 5571 350 5621; x_wconf 63' lang='lat' dir='ltr'>traam</span> <span class='ocrx_word' id='word_1_714' title='bbox 367 5573 449 5623; x_wconf 66' lang='grc' dir='ltr'><em>Κακία</em></span> <span class='ocrx_word' id='word_1_715' title='bbox 464 5573 573 5634; x_wconf 72' lang='lat' dir='ltr'>standan,</span> <span class='ocrx_word' id='word_1_716' title='bbox 592 5573 629 5621; x_wconf 84' lang='lat' dir='ltr'>die</span> <span class='ocrx_word' id='word_1_717' title='bbox 646 5573 839 5638; x_wconf 78' lang='lat' dir='ltr'>weggeschniltm</span> <span class='ocrx_word' id='word_1_718' title='bbox 856 5574 948 5633; x_wconf 80' lang='lat' dir='ltr'>umrde,</span> <span class='ocrx_word' id='word_1_719' title='bbox 967 5573 1009 5623; x_wconf 85' lang='lat' dir='ltr'>der</span> <span class='ocrx_word' id='word_1_720' title='bbox 1025 5571 1089 5624; x_wconf 81' lang='lat' dir='ltr'>linkc</span> <span class='ocrx_word' id='word_1_721' title='bbox 1106 5573 1183 5621; x_wconf 79' lang='lat' dir='ltr'>Rarrd</span> <span class='ocrx_word' id='word_1_722' title='bbox 1199 5573 1266 5622; x_wconf 75' lang='lat' dir='ltr'>misse</span> <span class='ocrx_word' id='word_1_723' title='bbox 1282 5589 1334 5625; x_wconf 76' lang='lat' dir='ltr'>aar</span> <span class='ocrx_word' id='word_1_724' title='bbox 1350 5588 1369 5621; x_wconf 89' lang='lat' dir='ltr'>c.</span> <span class='ocrx_word' id='word_1_725' title='bbox 1384 5572 1452 5632; x_wconf 80' lang='lat'>0,02.</span> 
     </span>
    </p>
   </div>
   <div class='ocr_carea' id='block_1_5' title="bbox 0 0 2063 6356">
    <p class='ocr_par' dir='ltr' id='par_1_24' title="bbox 0 0 2063 6356">
     <span class='ocr_line' id='line_1_63' title="bbox 0 0 2063 6356; baseline 0 0"><span class='ocrx_word' id='word_1_726' title='bbox 0 0 2063 6356; x_wconf 95' lang='lat' dir='ltr'> </span> 
     </span>
    </p>
   </div>
  </div>
 </body>
</html>
