4090 6358
1725 327 1764 413 ἐς

78 500 200 591 liceat,
240 503 379 579 eundem
413 499 524 580 locunt
555 513 680 580 le'me're
711 500 902 598 perturbare
939 525 994 581 aut
1031 501 1102 582 eius'
1131 519 1356 601 possessiones
1392 521 1517 582 auferre
1547 520 1599 582 vel
1637 519 1764 584 ablatas

79 604 236 680 retinere,
269 607 412 668 minuere
435 605 487 668 vel
511 607 691 669 temerariis
714 607 940 670 vexationibus
964 607 1116 689 fatigare,
1153 609 1213 670 sed
1238 609 1346 671 omnia
1376 608 1502 691 integra
1533 619 1766 672 conserventur

80 713 214 769 eorum,
246 714 307 777 pro
340 715 479 776 quorum
509 694 748 757 sustentacione
779 716 818 758 ac
848 696 1090 778 gubernacione
1120 717 1276 760 concessa
1306 706 1389 775 sunt,
1420 698 1531 761 usibus
1565 700 1765 762 omnimodis

80 783 270 865 profutura.
310 780 465 847 Obeunte
489 785 752 866 congregationis
767 793 874 848 vestre
890 785 1020 862 abbate,
1045 785 1151 849 nullus
1171 786 1215 849 ibi
1244 786 1392 867 qualibet
1406 787 1627 869 subreptionis
1643 789 1766 851 astucia

80 870 138 934 vel
163 871 325 936 violencia
347 881 556 955 preponatur,
580 874 638 936 nisi
663 893 761 953 quem
785 873 901 937 fratres
925 877 1089 938 communi
1114 895 1274 939 consensa
1297 873 1349 938 vel
1377 874 1510 939 fratrum
1536 897 1610 960 pars
1640 877 1765 941 consilii

80 962 226 1024 sanioris
256 963 435 1026 secundum
479 963 531 1026 dei
578 963 728 1026 timorem
774 963 1075 1045 institutionemque
1114 967 1305 1028 canonicam
1344 965 1525 1047 providerit
1571 966 1766 1049 eligendum.

82 1049 331 1115 Ordinaciones
355 1051 554 1128 clericorum,
581 1053 843 1116 consecrationes
867 1053 1023 1116 abbatum
1047 1055 1114 1117 sive
1137 1054 1343 1117 basilicarum
1367 1053 1410 1116 ab
1434 1056 1573 1119 Metensi
1596 1058 1767 1139 accipietis

82 1140 259 1223 episcopo,
282 1143 309 1203 si
333 1142 466 1221 quidem
490 1143 625 1223 gratiam
650 1163 688 1204 ac
712 1144 978 1206 communionem
1002 1144 1186 1225 apostolice
1209 1145 1295 1206 sedis
1319 1140 1477 1222 habuerit,
1501 1153 1535 1207 et
1557 1145 1583 1206 si
1606 1165 1645 1208 ea
1665 1147 1766 1226 gratis

81 1249 124 1292 ac
150 1231 223 1293 sine
246 1231 407 1313 pravitate
429 1230 570 1293 voluerit
593 1229 759 1295 exhibere.
794 1230 947 1311 Alioquin
972 1232 1067 1295 liceat
1089 1232 1193 1309 vobis,
1218 1231 1426 1308 catholicum,
1450 1254 1547 1315 quem
1580 1233 1765 1310 malueritis,

81 1318 179 1382 adire
202 1319 388 1396 antistitem,
421 1328 455 1383 et
477 1320 519 1383 ab
551 1341 592 1384 eo
616 1320 746 1384 abbatis
769 1321 1031 1385 benedictionem
1057 1341 1114 1385 seu
1139 1321 1272 1386 fratrum
1303 1325 1566 1386 consecrationes
1590 1325 1765 1405 suscipere,

82 1410 144 1488 qui
168 1407 351 1491 apostolice
373 1409 461 1472 sedis
484 1408 581 1472 fultus
605 1413 807 1482 auctoritate,
831 1431 895 1492 que
919 1409 1132 1493 postulantur,
1163 1411 1338 1493 indulgeat.
1385 1408 1564 1474 Statuimus
1593 1415 1701 1488 etiam,
1726 1433 1765 1475 ne

82 1499 139 1560 cui
170 1496 304 1561 fratrum
337 1507 415 1581 post
444 1497 686 1581 professionem
717 1498 899 1563 exhibitam
930 1498 1032 1575 liceat,
1062 1521 1105 1563 ex
1134 1501 1253 1565 eodem
1286 1500 1426 1563 claustro
1457 1501 1523 1564 sine
1556 1501 1684 1565 abbatis
1707 1521 1765 1564 seu

82 1589 353 1670 congregationis
370 1590 584 1671 permissione
600 1589 780 1652 discedere.
817 1588 1049 1652 Discedentem
1065 1609 1144 1652 vero
1161 1588 1264 1652 nullus
1281 1589 1438 1652 abbatum
1454 1590 1506 1653 vel
1524 1592 1764 1673 episcoporum,

83 1675 194 1738 nullus
225 1675 460 1740 monachorum
493 1697 550 1739 seu
582 1679 811 1741 canonicorum
844 1680 912 1741 sine
944 1679 1165 1742 communium
1197 1679 1347 1742 cautione
1382 1678 1561 1742 litterarum
1600 1681 1764 1762 suscipiat.

83 1763 146 1828 Ad
163 1765 225 1828 hec
249 1766 415 1842 adicimus,
440 1773 475 1828 ut
497 1769 674 1848 episcopus
690 1767 922 1850 locumipsum
939 1788 1074 1849 gravare
1090 1789 1155 1832 non
1173 1768 1301 1843 audeat,
1324 1768 1376 1831 vel
1392 1767 1501 1848 aliqua
1521 1771 1764 1846 consuetudine,

83 1874 156 1936 que
179 1854 373 1937 regularium
398 1856 533 1919 fratrum
566 1857 665 1936 quieti
688 1865 813 1932 noceat,
845 1857 996 1939 irrogare.
1044 1856 1194 1920 Preterea
1225 1855 1437 1939 prohibemus
1468 1878 1505 1920 ac
1536 1859 1764 1934 interdicimus

84 1952 122 2006 nt
149 1947 236 2007 circa
271 1945 401 2008 cenobii
431 1947 530 2008 vestri
560 1945 717 2009 ambitum
752 1949 925 2009 occasione
955 1945 1099 2026 qualibet
1129 1947 1284 2009 assultum
1319 1945 1426 2009 facere
1458 1967 1557 2010 nemo
1589 1957 1764 2029 presumat.

84 2030 122 2096 Si
149 2054 236 2110 vero,
260 2035 349 2116 quod
375 2035 469 2112 absit,
494 2035 579 2096 forte
603 2037 787 2118 contigerit,
811 2036 890 2098 infra
914 2037 1029 2098 atrium
1054 2043 1197 2098 vestrum
1221 2035 1273 2098 vel
1296 2036 1487 2099 effusionem
1520 2037 1682 2118 sanguinis
1712 2037 1765 2099 vel

82 2122 262 2186 verberum
290 2123 468 2188 illationem
499 2126 567 2186 sive
590 2127 622 2187 in
648 2123 758 2207 aliquo
786 2124 880 2188 huius
908 2124 1093 2188 violentiam
1125 2126 1272 2207 irrogari,
1304 2143 1510 2205 nequaquam
1542 2133 1679 2209 propter
1701 2125 1766 2189 hoc

85 2213 230 2276 ecelesia
260 2221 369 2278 vestra
399 2235 417 2277 a
450 2214 567 2276 divinis
597 2214 809 2297 prohibeatur
838 2214 961 2278 officiis.
1015 2216 1117 2278 Porro
1150 2217 1183 2276 in
1215 2215 1376 2290 ecclesiis,
1416 2236 1496 2297 quas
1528 2235 1588 2297 per
1618 2216 1765 2278 diversos

85 2304 301 2384 episcopatus
332 2302 393 2366 sub
423 2305 492 2366 iure
523 2303 586 2366 loci
617 2306 715 2367 vestri
747 2303 890 2380 habetis,
924 2304 966 2366 de
999 2304 1263 2385 congregationis
1293 2312 1401 2367 vestre
1433 2303 1584 2367 fratribus
1622 2315 1765 2368 rectores

85 2393 310 2455 constituendi
332 2392 468 2457 liberam
492 2393 587 2456 vobis
611 2395 823 2456 concedimus
847 2393 1044 2468 facultatem,
1074 2392 1166 2455 salvo
1190 2395 1259 2454 iure
1283 2393 1436 2477 episcopi,
1469 2395 1500 2456 in
1530 2395 1619 2457 cuius
1643 2395 1764 2456 diocesi

85 2481 230 2544 ecclesie
253 2483 313 2545 site
335 2491 420 2546 sunt.
467 2481 523 2544 Ad
547 2482 699 2546 indicium
723 2491 832 2546 autem
857 2490 1014 2566 percepte
1038 2481 1221 2545 huiusmodi
1237 2503 1256 2545 a
1271 2483 1422 2546 Romana
1442 2481 1581 2546 ecclesia
1596 2483 1765 2558 libertatis,

86 2591 149 2652 per
180 2591 285 2634 annos
315 2571 460 2655 singulos
492 2573 660 2636 denarium
693 2592 825 2635 aureum
850 2582 906 2634 aut
933 2574 965 2634 in
989 2587 1040 2635 1111
1064 2592 1150 2634 anno
1174 2571 1369 2634 bizantinum
1394 2571 1604 2636 Lateranensi
1637 2573 1764 2655 palacio

85 2661 293 2742 persolvetis.
340 2661 463 2742 Siqua
494 2682 571 2724 sane
602 2662 633 2724 in
664 2662 837 2724 crastinum
869 2662 1089 2725 ecclesiastica
1119 2661 1313 2724 secularisve
1336 2681 1486 2744 persona,
1516 2660 1611 2725 huius
1641 2663 1764 2724 decreti

86 2752 245 2832 paginam
270 2753 383 2826 sciens,
415 2761 528 2815 contra
553 2771 625 2814 eam
649 2759 774 2814 temere
797 2753 906 2813 venire
933 2751 1185 2833 attemptaverit,
1220 2752 1366 2813 secunda
1396 2753 1653 2814 commonitione
1676 2772 1765 2813 com-

86 2841 228 2916 monita,
263 2843 290 2902 si
321 2861 387 2903 non
418 2841 641 2904 satisfactione
674 2841 911 2918 emendaverit,
943 2840 1115 2923 potestatis
1146 2838 1345 2922 honorisque
1377 2841 1424 2902 sui
1455 2842 1613 2923 dignitate
1646 2849 1764 2916 careat,

85 2948 246 3010 reamque
268 2949 304 2993 se
327 2930 441 2992 divino
464 2931 582 2994 iudicio
607 2931 748 2994 existere
778 2931 820 2993 de
853 2937 1041 3012 perpetrata
1072 2930 1240 3010 iniquitate
1268 2939 1464 3011 cognoscat,
1494 2939 1592 3010 atque
1616 2951 1635 2992 a
1659 2950 1764 2993 sacra·

85 3018 213 3082 tissimo
238 3039 376 3101 corpore
400 3014 461 3102 (et)
484 3021 640 3102 sanguine
664 3020 716 3083 dei
741 3041 779 3083 ac
802 3020 937 3095 domini,
961 3020 1179 3101 redemptoris
1203 3021 1303 3081 nostri
1328 3018 1401 3081 lesu
1424 3018 1551 3095 Christi,
1574 3018 1678 3082 aliena
1701 3019 1764 3095 fiat,

85 3109 182 3170 acin
207 3117 357 3172 extremo
389 3111 540 3173 examine
571 3111 718 3173 districte
750 3109 864 3172 ultioni
896 3109 1071 3172 subiaceat.
1119 3105 1250 3171 Cunctis
1274 3116 1400 3182 autem,
1434 3108 1541 3172 eidem
1574 3107 1649 3172 loco
1681 3109 1765 3171 iusta

85 3198 304 3274 servantibus,
334 3200 378 3261 sit
400 3219 468 3281 pax
490 3198 615 3262 domini
639 3201 740 3262 nostri
765 3198 836 3262 Iesu
862 3197 991 3274 Christi,
1023 3197 1174 3278 quatinus
1199 3204 1232 3260 et
1263 3195 1316 3260 hic
1339 3197 1478 3261 fructum
1510 3197 1599 3261 bone
1629 3199 1765 3261 actionis

85 3289 282 3370 percipiant,
306 3295 337 3351 et
361 3288 450 3369 apud
467 3288 649 3352 districtum
666 3288 806 3352 iudicem
824 3288 947 3371 premia
964 3297 1073 3350 eterne
1090 3287 1179 3369 pacis
1195 3287 1365 3351 inveniant.
1403 3287 1522 3351 Amen.
1538 3324 1581 3334 -
1597 3285 1763 3371 Scriptum

85 3397 149 3458 per
171 3397 287 3440 manus
309 3378 473 3459 Reynerii,
497 3380 614 3441 notarii
638 3385 671 3441 et
693 3377 866 3460 regionarii
890 3385 924 3438 et
946 3377 1101 3439 scriniarii
1126 3378 1208 3439 sacri
1233 3377 1354 3459 palatii.

251 3467 324 3548 Ego
347 3466 509 3531 Paschalis
534 3467 695 3531 catholice
719 3466 855 3530 ecclesie
880 3465 1054 3549 episcopus
1077 3465 1266 3549 subscripsi.

250 3555 372 3620 Datum
399 3557 508 3620 Rome
539 3559 570 3620 in
601 3557 689 3620 beati
714 3554 800 3619 Petri
824 3555 996 3638 porticum,
1027 3575 1087 3639 per
1118 3574 1248 3619 manum
1278 3555 1440 3632 Iohannis,
1472 3565 1584 3619 sancte
1615 3555 1765 3618 Romane

85 3644 228 3708 ecclesie
258 3645 385 3709 diaconi
417 3646 596 3709 cardinalis.
649 3659 700 3708 XII
722 3643 887 3708 Kalendas
912 3645 1000 3707 Maii.
1051 3645 1233 3708 lndictione
1256 3658 1289 3707 x.
1337 3645 1569 3708 Incarnationis
1601 3645 1766 3708 dominice

85 3754 176 3796 anno
200 3746 300 3799 Melit.
346 3734 557 3799 Pontificatus
580 3742 689 3799 autem
714 3735 826 3797 domni
851 3732 1013 3796 Paschalis
1037 3754 1124 3817 pape
1147 3734 1281 3797 secundi
1307 3754 1392 3797 anno
1416 3749 1462 3797 111.

250 3850 373 3914 Absclm'fl
390 3850 430 3898 des
451 3850 561 3904 Chartul.
581 3850 607 3900 S.
629 3851 694 3900 Petri
710 3849 739 3898 dr
757 3849 846 3908 Monte,
866 3847 922 3898 MS.
942 3850 985 3897 lot.
1009 3851 1093 3898 12866
1102 3847 1154 3912 jol.
1172 3852 1197 3909 4,
1216 3849 1242 3898 r'n
1261 3849 1303 3898 der
1320 3849 1383 3898 Bill.
1402 3849 1531 3898 Natrimale
1547 3865 1576 3897 ru
1596 3849 1674 3898 Paris.

843 4151 909 4226 Nr.
941 4154 1003 4226 30.

89 4305 263 4372 Paschalis
280 4305 324 4371 II
335 4305 485 4388 bestdtgt
497 4304 570 4369 dem
589 4302 720 4371 Kloster
733 4302 917 4368 Sta-Cror'x
930 4303 971 4367 de
987 4302 1157 4366 Bordeaux
1171 4301 1225 4365 die
1240 4300 1424 4386 Brilegung
1435 4301 1539 4365 ser'nes
1554 4299 1690 4364 Streires
1706 4302 1768 4364 mit

470 4394 543 4459 dem
561 4393 690 4460 Kloster
705 4390 1191 4477 §curvaeque-Gangre
1205 4389 1265 4473 (D.
1283 4388 1389 4469 Airr).

667 4530 751 4591 1103
767 4525 950 4590 November
965 4528 994 4588 7.
1033 4525 1187 4588 Lateran.

250 4661 413 4728 Paschalis
435 4683 523 4747 papa
555 4662 715 4726 secundus
744 4660 923 4724 notificavit
945 4657 1073 4722 dilectis
1104 4658 1175 4721 tiliis
1205 4661 1281 4735 suis,
1305 4655 1473 4721 monachis
1496 4665 1628 4719 sanctae
1653 4656 1765 4719 Crucis

90 4753 349 4834 Burdegalensis,
372 4753 480 4830 finem,
504 4773 601 4835 quem
619 4750 752 4832 querela
775 4752 859 4814 inter
874 4753 1020 4832 ipsorum
1038 4757 1071 4811 et
1093 4747 1194 4811 sancti
1210 4748 1322 4812 Severi
1339 4747 1535 4810 monasteria
1552 4767 1613 4829 pro
1630 4745 1767 4808 ecclesia

91 4851 221 4906 sanctae
238 4843 361 4907 Mariae
385 4844 426 4906 de
443 4839 572 4917 Solaco,
597 4841 674 4905 olim
698 4840 753 4903 diu
778 4841 909 4922 agitata,
933 4848 966 4902 et
989 4859 1049 4922 per
1065 4837 1234 4906 Romanae
1257 4837 1415 4901 ecclesiae
1437 4837 1582 4911 vicarios,
1607 4833 1765 4898 Amatum

93 4930 285 4996 Olorensem
310 4941 344 4996 et
367 4932 597 5015 Hugonem1),
625 4939 703 4993 tunc
726 4929 882 4993 Diensem
916 4929 1099 5011 episcopos,
1130 4928 1161 4989 in
1194 4925 1425 5010 Burdegalensi
1454 4924 1590 4988 concilio
1607 4925 1635 5002 ²)
1667 4924 1766 4998 finita,

89 5023 120 5084 in
143 5021 268 5105 palatio
291 5022 503 5087 Lateranensi
525 5022 555 5084 in
579 5021 679 5103 ipsius
703 5019 887 5102 praesentia
910 5025 1107 5100 susceperat.
1153 5015 1236 5080 Cum
1260 5015 1362 5079 Fulco
1390 5017 1490 5078 vestri
1522 5016 1709 5077 monasterii
1733 5022 1766 5077 et

91 5109 227 5176 Suavius
249 5114 354 5176 sancti
378 5109 491 5175 Severi
515 5110 663 5185 abbates,
688 5111 801 5190 inquit,
825 5115 1014 5191 praesentes
1038 5105 1213 5182 affuissent,
1241 5105 1367 5169 relectis
1391 5104 1519 5168 illorum
1543 5104 1766 5166 instrumentis

91 5212 125 5266 et
153 5201 342 5285 diligentius
374 5201 545 5284 indagatis,
576 5200 754 5263 iudicatum
785 5205 835 5260 est
866 5217 885 5258 a
916 5195 1070 5259 fratribus
1100 5197 1219 5257 nostris
1252 5195 1433 5276 episcopis,
1464 5195 1520 5274 qui
1552 5195 1582 5256 in
1614 5202 1766 5275 tempore

90 5291 235 5367 aderant,
258 5299 293 5354 et
307 5291 496 5374 presbiteris
519 5288 748 5362 cardinalibus,
772 5285 894 5349 debere
917 5283 1143 5348 diffinitionem
1168 5283 1265 5358 illam,
1290 5302 1374 5363 quae
1398 5302 1456 5366 per
1480 5283 1615 5345 eosdem
1638 5281 1766 5362 legatos

91 5380 176 5444 facta
198 5382 314 5456 fuerat,
339 5380 440 5444 robur
462 5388 656 5463 perpetuum
674 5377 834 5441 obtinere:
881 5373 925 5437 Et
948 5395 1007 5436 nos
1028 5393 1116 5454 ergo,
1140 5374 1351 5455 prosequitur
1366 5372 1527 5454 pontifex,
1551 5373 1656 5453 ipsam
1673 5369 1766 5432 huius

1 5523 2 5530 ,
91 5469 155 5534 litis
176 5470 381 5535 decisionem
406 5478 516 5535 nostra
538 5469 718 5533 assertione
735 5465 911 5539 firmantes,
935 5463 1106 5538 sancimus,
1129 5462 1280 5526 eamdem
1307 5470 1439 5525 sanctae
1456 5461 1579 5524 Mariae
1595 5458 1765 5523 ecclesiam

93 5605 352 5613 ...m——ffl-
358 5605 422 5611 ...u-
429 5605 498 5610 u-

252 5667 277 5732 1)
297 5663 410 5730 Hugol,
435 5663 541 5727 Birthas
560 5679 607 5712 von
632 5662 694 5722 Die,
720 5661 902 5712 1074-1092.
1013 5663 1040 5726 2)
1064 5657 1140 5723 Vergl.
1166 5657 1203 5707 die
1221 5657 1353 5723 Brilegrmg
1374 5671 1422 5705 orn
1446 5653 1616 5720 Strer'tigker'len
1640 5655 1692 5719 aus
1712 5655 1766 5703 dm

91 5737 189 5787 Konsile
205 5753 253 5788 von
272 5737 403 5787 Bordeorrrc
420 5735 453 5786 r'm
475 5733 651 5801 Jalre1098.
688 5733 788 5799 Enrycl.
806 5731 903 5798 theolog.
915 5730 988 5781 XIII
994 5738 1022 5795 p.
1042 5731 1102 5784 344.

143 5834 470 5885 nl’flagbliarttunss,
486 5831 545 5873 Acta
558 5831 599 5872 111.
1538 5819 1556 5866 4
