4126 6366
321 313 386 394 394

320 497 463 583 plebei0,
496 500 629 582 plebem
653 501 697 564 de
720 495 816 563 Gello
841 517 914 562 cum
938 497 1090 566 omnibus
1114 497 1248 584 capellis
1275 500 1341 566 suis
1365 511 1399 568 et
1421 498 1574 567 omnibus
1601 499 1662 565 tibi
1695 499 1933 586 pertinentibus
1959 503 1987 568 in

321 592 394 672 ipso
419 589 559 672 plebeio,
582 591 715 672 plebem
739 591 782 653 de
798 588 945 654 Triballo
969 611 1042 654 cum
1067 592 1217 654 omnibus
1242 593 1376 674 capellis
1399 594 1474 667 suis,
1499 591 1633 675 plebem
1657 591 1700 655 de
1716 592 1851 657 Miliano
1871 593 1899 678 ι)
1921 615 1986 658 cum

321 679 472 743 omnibus
496 679 627 762 capellis
651 682 716 742 suis
741 686 774 743 et
797 687 887 741 curte
910 688 943 742 et
966 683 1032 742 suis
1056 683 1276 762 pertinentiis,
1307 682 1440 765 plebem
1474 683 1516 744 de
1539 683 1674 764 Apiano
1693 679 1722 766 b)
1746 701 1821 746 cum
1846 684 1988 747 omuibus

321 767 454 850 capellis
477 772 543 832 suis
567 777 601 832 et
624 770 775 832 omnibus
799 787 865 848 que
888 767 990 832 habes
1007 771 1125 851 inipso
1142 771 1284 852 plebeio,
1308 772 1442 853 plebem
1458 771 1561 834 sancti
1576 769 1736 854 Stephani
1753 791 1828 834 cum
1846 773 1988 836 omnibns

321 857 452 940 capellis
468 862 544 922 suis.
572 859 723 922 Preterea
740 859 982 939 predecessoris
999 862 1111 933 nostri,
1127 861 1181 942 pie
1197 863 1354 924 memorie
1369 861 1517 925 CALIXTI
1533 881 1628 944 pape,
1644 861 1788 943 vestigiis
1803 861 1988 936 inherentes,

320 946 380 1010 tibi
412 949 543 1027 tuisque
574 946 816 1011 successoribus
847 968 941 1010 usum
973 946 1058 1030 pallii
1087 949 1172 1012 infra
1204 951 1374 1012 missarum
1407 950 1605 1032 sollempnia
1634 952 1665 1012 in
1698 950 1837 1014 ecclesia
1865 961 1923 1014 tua
1952 954 1990 1015 de

321 1037 502 1118 apostolice
524 1039 612 1100 sedis
636 1037 833 1118 benignitate
856 1038 1075 1114 concedimus,
1109 1057 1177 1117 quo
1201 1040 1373 1103 dumtaxat
1396 1038 1456 1102 hiis
1480 1037 1597 1102 diebus
1621 1041 1771 1115 utamini,
1803 1041 1924 1120 quibus
1947 1052 1991 1104 est

320 1125 414 1188 vobis
445 1147 465 1188 a
495 1126 784 1209 predecessoribus
814 1128 933 1188 nostris
965 1126 1135 1191 indultum.
1182 1128 1319 1210 Insuper
1351 1131 1449 1192 etiam
1482 1129 1677 1191 auctoritate
1707 1129 1892 1210 apostolica
1923 1151 1992 1212 pro·

321 1213 487 1291 hibemus,
522 1237 562 1280 ne
595 1218 627 1278 in
656 1217 849 1298 episcopatu
873 1224 930 1277 tuo
954 1217 1022 1278 sine
1046 1236 1178 1280 assensu
1202 1225 1260 1280 tuo
1283 1218 1333 1280 vel
1358 1237 1583 1281 successorum
1607 1225 1737 1280 tuorum
1762 1222 1992 1282 monasterium

320 1302 456 1385 aliquod
486 1306 538 1368 vel
570 1304 707 1368 ecclesia
727 1305 770 1388 0),
803 1304 899 1367 salvis
929 1304 1111 1387 apostolice
1142 1308 1228 1370 sedis
1258 1306 1451 1389 privilegiiS,
1483 1315 1698 1370 construatur.
1745 1307 1992 1372 Cathecuminos

323 1413 457 1474 quoque
480 1403 536 1457 aut
559 1394 760 1458 infirmorum
786 1395 954 1456 unctiones
978 1396 1010 1457 in
1035 1396 1161 1476 populo
1184 1417 1204 1459 a
1229 1397 1398 1459 monachis
1429 1395 1499 1459 fieri
1540 1396 1592 1458 vel
1622 1395 1769 1476 publicas
1802 1399 1993 1480 penitentias

322 1482 406 1556 dari,
436 1485 508 1546 sine
535 1492 591 1546 tua
614 1483 666 1546 vel
688 1503 913 1546 successorum
938 1493 1067 1546 tuorum
1092 1487 1308 1567 permissione
1332 1497 1488 1549 vetamus.
1535 1483 1570 1548 Si
1594 1505 1673 1549 vero
1696 1487 1740 1548 ad
1764 1491 1994 1549 monasterium

275 1595 278 1602 ’
322 1571 526 1652 parrochiale
556 1575 657 1654 ipsius
689 1571 831 1655 populus
862 1593 924 1654 pro
955 1574 1056 1636 divini
1088 1574 1182 1638 offitii
1214 1578 1424 1657 susceptione
1459 1574 1661 1650 convenerit,
1702 1595 1763 1657 per
1794 1575 1994 1658 capellanum

322 1661 551 1741 presbiterum,
576 1665 627 1724 cui
652 1660 693 1724 ab
718 1663 878 1744 episcopo
902 1661 1017 1744 populi
1041 1665 1188 1745 regimen
1212 1673 1246 1726 et
1269 1665 1448 1727 animarum
1473 1683 1550 1726 cura
1574 1666 1749 1726 commissa
1764 1664 1870 1739 fuerit,
1894 1685 1995 1727 sacra·

323 1759 434 1814 menta
457 1752 574 1816 eadem
599 1752 825 1826 ministrentur,
849 1751 947 1813 salvis
970 1759 1080 1815 tamen
1105 1752 1352 1816 rationabilibus
1376 1753 1666 1816 consuetudinibus
1690 1761 1872 1818 ceterarum
1898 1754 1995 1817 eccle·

322 1840 451 1902 siarum.
497 1841 550 1904 De
573 1839 831 1923 parrochialibus
854 1847 963 1903 autem
989 1841 1143 1918 ecclesiis,
1168 1863 1274 1924 quea
1299 1841 1467 1905 monachis
1492 1844 1523 1905 in
1547 1850 1605 1904 tuo
1625 1843 1820 1925 episcopatu
1837 1852 1995 1918 tenentur,

323 1929 504 1992 sinodalem
529 1930 626 1993 beate
650 1931 809 1992 memorie
832 1926 971 1992 URBANI
995 1932 1129 1994 secundi
1154 1952 1242 2015 pape
1264 1933 1460 1995 sententiam
1492 1932 1655 1994 imitantes
1691 1933 1877 2007 statuimus,
1911 1934 1994 1994 utin

321 2017 366 2080 eis
389 2021 458 2082 sine
481 2028 538 2082 tua
560 2019 612 2082 vel
635 2039 861 2082 successorum
885 2026 1016 2082 tuorum
1037 2024 1233 2084 auctoritate
1256 2021 1429 2102 presbiteri
1446 2021 1578 2084 minime
1598 2020 1809 2097 collocentur,
1832 2023 1903 2098 sed,
1926 2042 1994 2084 curu

322 2109 522 2185 vacaverint,
552 2109 648 2172 vobis
676 2108 718 2171 ab
742 2107 917 2170 abbatibus
950 2117 983 2171 et
1012 2110 1191 2192 prioribus,
1223 2112 1266 2174 ad
1290 2130 1373 2190 quos
1396 2111 1512 2173 eedem
1544 2110 1681 2174 ecclesie
1711 2113 1895 2192 pertinent,
1928 2131 1993 2192 pre

321 2204 489 2260 sententur
505 2201 545 2276 d),
567 2197 686 2278 quibus
709 2218 728 2259 a
751 2197 846 2260 vobis
869 2197 1048 2262 animarum
1073 2220 1158 2276 cura,
1180 2201 1206 2262 si
1229 2200 1338 2263 idonei
1362 2200 1493 2272 fuerint,
1517 2202 1756 2276 committatur,
1786 2201 1831 2264 ita
1853 2201 1993 2281 quidem,

322 2296 358 2349 ut
373 2287 468 2350 vobis
484 2288 527 2350 de
544 2307 620 2350 cura
637 2287 740 2370 plebis
757 2287 848 2350 etde
865 2287 980 2350 ordine
996 2308 1055 2352 suo
1072 2289 1217 2353 debeant
1231 2290 1441 2372 respondere.
1480 2290 1591 2364 Porro,
1614 2291 1641 2351 si
1663 2289 1796 2352 Lucane
1826 2289 1994 2372 parrochie

322 2377 518 2439 monasteria
540 2377 592 2440 vel
615 2377 754 2439 ecclesie
776 2377 859 2439 inter
881 2397 918 2440 se
942 2396 1056 2440 causas
1079 2377 1253 2442 habuerint
1281 2387 1314 2442 et
1344 2399 1404 2460 per
1426 2377 1562 2441 alteram
1587 2387 1713 2460 partem
1738 2380 1779 2442 ad
1804 2381 1991 2462 episcopum

322 2466 455 2546 querela
479 2466 669 2548 pervenerit,
692 2465 759 2528 eius
775 2466 887 2529 iuditio
904 2470 1126 2530 controversia
1146 2471 1346 2546 terminetur,
1370 2467 1460 2530 salva
1475 2469 1626 2530 Romane
1642 2468 1779 2531 ecclesie
1794 2471 1992 2532 auctoritate.

322 2553 405 2617 Illud
430 2575 564 2637 quoque
586 2556 684 2618 artius
708 2556 938 2630 interdicimus,
963 2576 1004 2619 ne
1024 2558 1097 2637 quis
1114 2558 1416 2620 excommunicatos
1433 2556 1485 2621 vel
1502 2558 1694 2620 interdictos
1709 2557 1833 2620 Lucani
1851 2559 1992 2641 episcopi

322 2644 355 2705 in
379 2644 576 2725 prohibitam
607 2646 870 2708 communionem
903 2645 1081 2727 recipiendi
1115 2644 1236 2710 habeat
1269 2647 1470 2710 facultatem.
1516 2647 1573 2709 Ad
1604 2645 1665 2709 hec
1699 2649 1844 2728 presenti
1874 2649 1992 2729 scripto

321 2735 506 2808 sanctimus,
531 2741 565 2797 ut
580 2733 733 2796 Lucanus
757 2734 932 2816 episcopus
955 2755 1020 2797 non
1044 2735 1269 2817 quorumlibet
1284 2736 1436 2799 violentia
1451 2734 1615 2810 laicorum,
1640 2738 1699 2799 sed
1715 2735 1807 2799 iuxta
1822 2739 1992 2800 canonicas

320 2825 506 2886 sanctiones
529 2823 571 2886 ab
596 2822 735 2886 ecclesie
758 2825 922 2886 canonicis
946 2822 1089 2904 eligatur.
1135 2824 1211 2887 Tibi
1241 2833 1390 2906 preterea
1420 2826 1551 2904 tuisque
1580 2826 1826 2889 successoribus
1849 2846 1905 2900 ea,
1936 2845 1992 2908 que

321 2910 364 2973 de
395 2913 606 2975 concessione
639 2911 689 2974 vel
722 2911 969 2975 confirmatione
999 2915 1270 2994 predecessorum
1302 2922 1504 2990 nostrorum,
1538 2914 1756 2978 ALEXANDRI
1795 2917 1934 2978 secundi
1964 2924 1993 2978 et

320 3001 488 3064 PnscALIS
499 3001 642 3077 secundi
654 3001 879 3064 Romanorum
896 3000 1098 3084 pontificum,
1111 3004 1260 3085 possides
1276 3002 1504 3066 nichilominus
1521 3003 1760 3067 confirmamus.
1791 3002 1992 3068 Sententiam

322 3097 430 3152 autern
466 3091 551 3153 inter
582 3091 849 3172 predecessorem
881 3099 1013 3154 tuum.
1047 3089 1101 3176 .e)
1138 3100 1171 3154 et
1203 3092 1423 3156 Ficeclensem
1463 3092 1622 3156 abbatem
1662 3113 1722 3175 per
1753 3093 1992 3175 Ildeprandum,

322 3173 515 3263 qu[on]dam
544 3179 772 3242 Pistoriensem
804 3181 996 3262 episcopum
1018 3178 1055 3265 ¹,)
1089 3180 1272 3263 Argentum
1304 3181 1613 3264 archipresbiterum
1646 3191 1679 3246 et
1703 3182 1750 3246 ..R
1774 3185 1993 3264 primicerium

278 3265 280 3273 '
321 3266 489 3330 Lucanum
523 3288 622 3349 super
651 3269 802 3342 decimis,
835 3269 980 3332 ecclesiis
1012 3279 1045 3332 et
1077 3270 1147 3333 aliis
1178 3271 1412 3335 rationabiliter
1443 3272 1572 3348 datam,
1604 3272 1688 3334 sicut
1719 3273 1751 3334 in
1779 3274 1994 3336 instrumento

322 3354 455 3436 publico
477 3357 662 3420 continetur
685 3366 719 3420 et
741 3357 897 3420 hactenus
921 3358 1095 3422 observata
1118 3369 1184 3436 est,
1216 3359 1331 3423 futuris
1362 3360 1560 3442 precipimus
1587 3361 1793 3442 temporibus
1817 3361 1993 3425 observari.

320 3444 608 3509 Renuntiationem
641 3465 790 3529 quoque,
825 3468 922 3529 quam
955 3447 1034 3510 fecit
1056 3448 1224 3530 BulgaruS,
1248 3468 1361 3512 comes
1385 3451 1428 3513 de
1451 3449 1569 3522 Ficela,
1601 3448 1737 3513 Iohanni
1770 3452 1995 3532 predecessori

320 3541 378 3597 tuo
402 3535 446 3597 de
476 3536 671 3615 quibusdam
696 3537 960 3617 possessionibus
993 3546 1026 3600 et
1056 3537 1216 3612 ecclesiis,
1247 3541 1331 3602 sicut
1354 3539 1523 3621 publicum
1549 3537 1685 3602 Gerardi
1710 3541 1827 3602 notarii
1853 3544 1996 3604 continet

321 3625 579 3701 instrumentum,
607 3627 691 3688 vires
716 3627 747 3688 in
771 3635 940 3707 posterum
959 3626 1086 3690 »habere
1110 3628 1324 3690 decernimus.
1371 3625 1551 3691 Canonicas
1574 3647 1708 3710 quoque
1723 3631 1994 3702 consuetudines.

321 3733 402 3793 quas
425 3713 456 3776 in
480 3713 625 3778 ecclesiis
649 3715 905 3796 parrochialibus
929 3715 1162 3779 monachorum
1188 3725 1221 3778 et
1244 3719 1277 3779 in
1293 3717 1363 3780 aliis
1378 3719 1424 3780 tui
1442 3717 1652 3799 episcopatus
1667 3725 1733 3781 tam
1751 3719 1782 3780 in
1800 3719 1993 3801 recipiendis

320 3801 530 3879 sinodalibus
554 3823 653 3883 quam
675 3805 708 3866 in
731 3803 801 3867 aliis
823 3804 866 3868 ab
889 3807 1026 3885 antiquo
1050 3805 1190 3868 habuisti
1213 3815 1246 3868 et
1261 3806 1368 3869 adhuc
1384 3805 1506 3870 habere
1521 3807 1709 3886 dinosceris,
1734 3815 1819 3870 ratas
1836 3806 1992 3872 habemus

321 3909 443 3972 easque
466 3894 660 3956 auctoritate
682 3894 865 3975 apostolica
888 3893 1127 3957 confirmamus.
1175 3892 1229 3957 Ob
1253 3897 1467 3959 reverentiam
1490 3895 1621 3976 insuper
1654 3895 1791 3959 ecclesie
1823 3897 1884 3960 tibi
1909 3918 1993 3960 com·

321 3981 419 4042 misse
443 3983 643 4064 prescriptos
666 3991 759 4064 pater
783 3991 816 4046 et
839 3984 1053 4064 predecessor
1076 3992 1188 4046 noster
1202 3983 1335 4048 LUCIUS
1352 4004 1439 4067 papa
1459 3985 1521 4048 tuis
1545 3992 1578 4047 et
1601 3987 1833 4048 canonicorum
1857 3994 1991 4060 tuorum,

320 4089 382 4131 nec
405 4089 470 4132 non
493 4072 591 4133 etiam
616 4071 693 4134 cleri
718 4071 889 4135 consulum
913 4081 946 4135 et
970 4073 1083 4154 populi
1106 4081 1162 4135 tue
1192 4074 1332 4136 civitatis
1364 4074 1517 4156 precibus
1549 4073 1734 4148 inclinatus,
1766 4094 1863 4138 usum
1891 4077 1990 4138 crucis

321 4177 381 4239 per
403 4161 632 4242 episcopatum
657 4168 748 4223 tuum
771 4161 829 4223 tibi
852 4162 982 4243 tuisque
1005 4163 1249 4226 successoribus
1272 4164 1316 4226 de
1339 4163 1476 4226 consilio
1501 4164 1634 4226 fratrum
1667 4183 1800 4226 suorum
1831 4166 1989 4228 concessit

320 4254 354 4309 et
377 4249 559 4328 apostolica
582 4251 777 4312 auctoritate
798 4248 946 4324 firmavit,
970 4251 1059 4329 quod
1076 4252 1211 4330 quidem
1228 4273 1298 4328 nos,
1321 4254 1390 4314 eius
1411 4253 1555 4334 vestigiis
1571 4250 1766 4326 inherentes,
1790 4253 1988 4318 decernimus

320 4334 456 4398 firmiter
490 4357 746 4419 permansurum.
793 4338 1005 4402 Decemimus
1038 4360 1135 4422 ergo,
1166 4350 1201 4403 ut
1231 4341 1306 4404 nulli
1335 4343 1468 4405 omnino
1491 4341 1661 4406 hominum
1685 4343 1799 4418 liceat,
1832 4343 1986 4425 prefatam

319 4424 554 4490 ecclesiam..
579 4427 668 4490 .tibi
689 4425 869 4512 s)tuisque
888 4425 916 4514 f)
940 4429 1181 4493 successoribus
1200 4429 1230 4516 s)
1253 4432 1453 4495 omnimodis
1478 4431 1656 4513 profutura,
1687 4431 1777 4494 salva
1800 4434 1890 4495 sedis
1913 4453 1986 4514 apo·

319 4515 435 4577 stoliee
451 4517 653 4580 auctoritate.
689 4516 722 4580 Si
738 4536 803 4596 qua
818 4519 963 4598 igitur..
980 4516 1136 4582 .Cunctis
1152 4529 1310 4584 autem..
1328 4523 1523 4584 .inveniant.
1555 4519 1674 4586 Amen.
1697 4520 1789 4584 A·m.
1814 4519 1933 4586 Amen.
1947 4557 1985 4568 -

531 4601 586 4690 (R)
609 4604 682 4687 Ego
706 4605 889 4670 Celestinus
913 4607 1074 4671 catholice
1098 4608 1237 4672 ecclesie
1258 4611 1435 4694 episcopus
1458 4629 1499 4672 ss.
1522 4606 1585 4694 (M)

574 4695 648 4775 Ego
684 4693 825 4759 Albinus
849 4695 1047 4760 Albanensis
1072 4695 1257 4784 episcopus]
1281 4719 1323 4761 ss.

575 4780 648 4865 Ego
686 4782 885 4849 Octavianus
908 4785 1094 4849 Hostiensis
1118 4795 1151 4850 et
1172 4785 1388 4851 Velletrensis
1412 4782 1599 4874 episcopus]
1623 4807 1664 4850 33.

575 4871 648 4954 Ego
672 4863 835 4938 lohannes
859 4871 1078 4960 [Prenestinus
1102 4873 1290 4962 episcopus]
1315 4897 1355 4940 ss
1379 4873 1448 4961 (10)

530 4959 618 5044 i
641 4961 714 5044 Ego
740 4962 918 5028 Pandulfus
941 4963 1073 5028 basilice
1095 4979 1145 5028 xli
1169 4965 1409 5048 Apostolorum
1433 4965 1596 5048 presbiter
1619 4968 1789 5031 cardinalis
1813 4989 1856 5033 ss.

573 5139 645 5221 Ego
669 5140 829 5206 Iohannes
852 5145 900 5206 tit.
927 5145 1032 5206 sancti
1055 5142 1235 5207 Clementis
1259 5144 1438 5222 cardinalis,
1472 5143 1688 5209 Viterbiensis
1717 5153 1751 5208 et
1774 5143 1984 5209 Tuscanensis

573 5317 645 5401 Ego
669 5234 1003 5385 Iohaerihiggofelisxstsit.
1027 5330 1140 5386 sancte
1163 5319 1312 5387 Susanne
1336 5322 1499 5406 presbiter
1523 5323 1695 5387 cardinalis
1718 5343 1760 5386 ss.
1785 5323 1832 5408 (1)

529 5049 549 5172 'p
572 5048 646 5132 Ego
670 5047 798 5135 [Petrus
821 5055 869 5118 tit.
892 5062 1004 5117 sancte
1030 5051 1162 5140 Cecilie]
1188 5054 1361 5118 cardinalis
1385 5056 1547 5137 presbiter
1570 5076 1611 5120 ss.

536 5173 541 5220 1

529 5314 549 5489 i
572 5407 646 5489 Ego
671 5409 781 5474 Guido
805 5410 968 5493 presbiter
989 5411 1158 5474 cardinalis
1180 5420 1292 5476 sancte
1315 5413 1418 5478 Marie
1435 5414 1655 5478 transtiberim
1678 5414 1725 5476 tit.
1747 5411 1866 5476 Calixti
1889 5435 1929 5477 ss

475 5584 525 5648 n)'
519 5599 543 5632 ta
560 5585 613 5648 auf
625 5586 710 5634 Rasur
798 5586 827 5650 b)
847 5587 1019 5654 ursprie'ngliclr
1037 5589 1122 5653 Apino
1213 5591 1237 5654 c)
1256 5590 1369 5640 dabrirtcr
1387 5571 1470 5639 h'hsur
1486 5591 1554 5640 wolrl
1568 5589 1630 5640 eines
1648 5605 1672 5638 m
1771 5589 1800 5650 d)
1819 5596 1981 5655 presentantur

314 5653 468 5720 Affnrbar
489 5657 554 5704 sollte
578 5655 622 5705 der
637 5657 744 5722 Ansang
729 5659 877 5708 rsbuclrstabe
901 5661 941 5710 des
957 5659 1065 5711 Namms
1091 5661 1205 5711 zwr'sclren
1230 5661 1267 5710 die
1289 5663 1347 5711 arvei
1373 5661 1474 5712 Punkle
1491 5668 1577 5725 gesem
1602 5662 1697 5710 eunden
1789 5661 1818 5729 f)
1836 5665 1889 5728 aas
1907 5666 1981 5712 Ram

313 5729 341 5788 g)
354 5739 511 5776 successo..
526 5728 623 5792 sarrs
630 5730 720 5790 Il'asur,
735 5730 780 5778 das
791 5732 855 5780 letare
867 5747 879 5780 s
891 5733 1139 5796 langgestreckt.-
1161 5731 1198 5800 .1)
1211 5732 1373 5784 Hildrbranri
1383 5735 1411 5784 cle
1427 5732 1509 5792 Guidr',
1524 5733 1682 5797 Bisthosvon
1696 5732 1797 5797 Pistojrr,
1813 5733 1979 5784 nor—rrae
