4142 6366
260 253 263 262 Ι
311 291 379 352 282

310 480 414 561 magis
445 478 597 542 dolemus
620 486 654 540 et
678 477 856 553 turbamur,
880 481 907 542 si
932 479 1067 562 quando
1099 480 1208 561 aliqua
1230 482 1346 557 facitis,
1370 502 1435 562 que
1458 479 1622 546 honestati
1648 481 1784 545 obvient
1799 479 1852 543 vel
1868 479 1989 544 rationi

309 566 386 631 Non
416 567 500 631 enim
525 568 628 630 debet
651 569 724 647 quis
747 567 852 631 aliena
880 569 1035 632 invadere
1067 568 1119 632 vel
1143 574 1330 653 proximum
1354 571 1423 634 sine
1447 573 1532 635 iusta
1554 590 1653 635 causa
1676 570 1908 642 scandalizare,
1938 572 1990 649 qui

308 676 368 719 sua
391 657 450 720 sibi
474 660 582 736 querit
614 656 738 738 integra
771 657 946 721 observari.
991 657 1044 720 Ex
1076 667 1169 739 parte
1199 662 1364 743 siquidem
1395 660 1589 724 dilectorum
1621 659 1763 723 filiorum
1795 668 1990 733 nostrorum,

309 746 438 811 abbatis
461 754 495 810 et
518 745 653 809 fratrum
676 746 719 808 de
744 747 899 822 Martura,
929 749 1048 810 nostris
1072 756 1123 810 est
1145 750 1277 812 auribus
1301 752 1497 825 intimatum,
1529 751 1620 830 quod
1645 749 1856 812 festivitatem
1880 757 1992 811 sancte

308 835 419 909 Lucie,
450 837 553 899 sancti
578 834 770 900 Michahelis
802 845 835 898 et
865 836 941 900 alias
973 836 1180 914 festivitates,
1213 859 1295 920 quas
1325 839 1502 920 antiquitus
1525 839 1718 914 habuerunt,
1750 838 1794 901 de
1818 857 1907 900 novo
1929 838 1992 901 sol·

309 923 485 1006 lempniter
507 925 616 988 facere
647 925 814 1006 incepistis
845 932 879 988 et
902 926 1029 1009 populo
1051 934 1170 1002 vestro,
1204 947 1246 991 ne
1275 929 1306 991 in
1336 929 1527 1011 prescriptis
1559 928 1790 993 festivitatibus
1813 927 1857 989 ad
1882 947 1992 989 mona·

308 1016 442 1077 sterium
467 1032 581 1077 eorum
597 1013 696 1077 solito
713 1015 817 1077 modo
842 1017 1038 1078 conveniant
1060 1023 1117 1078 aut
1131 1016 1175 1078 ibi
1192 1016 1313 1098 eligant
1328 1017 1538 1099 sepulturam,
1563 1019 1625 1081 sub
1648 1017 1992 1081 excommunicatione

308 1101 432 1166 habere
455 1123 523 1167 non
554 1103 720 1167 dubitatis.
766 1101 950 1185 Antiquom
982 1106 1083 1167 etiam
1113 1105 1272 1186 populum
1307 1108 1409 1188 ipsius
1440 1109 1629 1171 monasterii
1662 1109 1709 1169 eis
1740 1104 1931 1169 subtrahere
1958 1115 1994 1168 et

308 1192 437 1255 auferre
460 1213 527 1255 non
552 1192 718 1255 dubitatis.
766 1191 863 1270 Sane,
893 1196 970 1274 quia
997 1193 1084 1258 idem
1117 1197 1349 1259 monasterium
1381 1197 1458 1259 iuris
1488 1205 1522 1258 et
1555 1197 1764 1280 proprietatis
1795 1195 1884 1258 beati
1907 1195 1992 1257 Petri

309 1279 436 1356 existit,
473 1289 508 1343 et
538 1284 644 1364 ipsum
681 1283 712 1344 in
745 1281 895 1346 libertate
927 1291 960 1346 et
990 1283 1111 1346 iustitia
1141 1304 1200 1347 sua
1230 1284 1363 1366 speciali
1396 1305 1473 1348 cura
1504 1294 1679 1368 protegere
1711 1305 1750 1348 ac
1782 1292 1994 1348 manutenere

309 1369 479 1446 debemus,
511 1391 571 1452 per
593 1371 779 1453 apostolica
802 1372 895 1435 vobis
918 1374 1041 1456 scripta
1074 1374 1268 1437 mandamus
1291 1383 1391 1456 atque
1421 1376 1630 1458 precipimus,
1664 1381 1826 1456 quatenus
1850 1393 1898 1448 ea,
1926 1392 1995 1452 que

309 1460 459 1541 predicta
480 1468 564 1536 sunt,
589 1460 698 1522 taliter
721 1463 885 1542 corrigere
908 1469 942 1524 et
964 1463 1141 1525 emendare
1164 1466 1293 1540 curetis,
1322 1473 1356 1526 et
1379 1465 1531 1547 predicto
1555 1464 1666 1527 abbati
1690 1473 1723 1526 et
1746 1463 1901 1526 fratribus
1922 1465 1995 1524 iura

310 1556 343 1610 et
366 1548 535 1611 libertates
558 1569 633 1612 suas
658 1551 868 1626 conservetis,
900 1552 990 1632 quod
1016 1553 1185 1615 materiam
1208 1573 1269 1616 vos
1292 1562 1469 1636 propterea
1500 1553 1657 1634 diligendi
1689 1561 1721 1615 et
1751 1551 1933 1615 honorandi
1961 1559 1997 1613 et

309 1658 376 1699 non
400 1636 633 1724 occasioneim)
655 1637 844 1715 habeamus,
867 1637 1150 1726 indignationem)
1173 1642 1348 1707 adversum
1371 1663 1430 1706 vos
1452 1643 1667 1724 concipiendi.
1690 1676 1736 1688 —

469 1752 671 1816 Kopialurleurule
688 1751 826 1816 (Bonrfasr'e
845 1756 920 1821 1175)
939 1771 994 1804 vern
1012 1754 1083 1804 Ende
1100 1755 1141 1804 des
1159 1757 1191 1803 12
1212 1755 1406 1820 Jaurlmnderrs,
1425 1757 1459 1806 im
1475 1757 1591 1806 Archive'o
1608 1756 1636 1805 ἄπ’
1652 1757 1719 1805 State
1736 1771 1766 1804 cu
1784 1754 1891 1806 Herm.

469 1825 537 1873 Dass
553 1823 626 1872 dieses
643 1823 720 1873 Breve
737 1826 800 1874 dlter
815 1824 853 1888 ist,
871 1828 910 1875 alr
926 1826 974 1877 Nr.
993 1828 1046 1877 309
1061 1829 1119 1893 gelu
1141 1843 1188 1875 aru
1211 1827 1258 1878 cleu
1283 1828 1379 1878 Werlen
1402 1828 1443 1878 des
1466 1831 1573 1879 lctxlereu
1597 1827 1694 1879 lrerver:
1718 1828 1777 1877 licet
1803 1833 1887 1876 autem
1919 1841 1995 1891 super

309 1895 348 1944 his
366 1896 461 1945 litteras
479 1903 580 1946 nostras
599 1909 677 1960 nuper
695 1896 827 1960 recepistis
845 1902 893 1948 etc.

1056 2236 1124 2312 Nr.
1153 2241 1242 2314 306.

310 2365 497 2436 Alexander
511 2367 579 2433 III
587 2366 844 2453 benachriclrtr'gt
855 2367 918 2432 deu
932 2367 997 2433 Art
1009 2370 1106 2454 Hugo
1120 2392 1182 2434 von
1202 2371 1337 2435 Dumios
1353 2371 1412 2454 (D.
1427 2371 1567 2452 Braga),
1582 2370 1660 2435 class
1674 2390 1713 2433 er
1724 2367 1787 2432 den
1799 2367 2002 2448 Erubescleof

310 2479 371 2522 von
395 2455 507 2521 Tuledo
522 2457 688 2522 elrrenvoll
699 2459 894 2543 empfangen
908 2459 979 2524 und
992 2459 1062 2524 illm
1077 2461 1165 2524 selue
1190 2459 1314 2540 Wr'r'rde,
1333 2459 1447 2525 zumal
1456 2461 1519 2524 den
1535 2460 1673 2539 Primal,
1692 2458 1844 2542 bestdtr'gt
1856 2457 1941 2522 habe
1959 2457 1992 2544 ¹).

1040 2578 1261 2641 1159-1181.

470 2709 663 2773 Alexander
686 2710 873 2791 episcopus,
903 2729 1015 2774 servus
1046 2731 1214 2775 servorum
1247 2712 1310 2788 dei,
1342 2711 1532 2776 beatissimo
1567 2713 1598 2774 in
1623 2709 1752 2774 Christo
1785 2708 1850 2772 filio
1874 2707 1993 2791 Ugoni,

310 2796 497 2861 Dunacensi
515 2797 540 2883 ²)
555 2799 678 2873 abbati,
701 2797 839 2860 salutem
855 2806 890 2861 et
905 2799 1121 2881 apostolicam
1138 2801 1414 2865 benedictionem.
1445 2798 1676 2865 Venerabilem
1693 2799 1827 2863 fratrem
1843 2808 1993 2861 nostrum
2043 2809 2048 2820 ·

309 2889 346 2950 Β.
364 2885 398 2972 ³),
422 2886 603 2952 Toletanae
632 2887 791 2951 ecclesiae
822 2887 994 2971 presulem,
1025 2899 1094 2952 tam
1127 2911 1187 2972 pro
1217 2898 1294 2955 tuae
1325 2891 1550 2974 postulatione
1572 2888 1765 2962 dilectionis,
1797 2906 1898 2968 quam
1931 2907 1992 2970 pro

310 2978 412 3058 ipsius
435 2980 618 3041 reverentia
642 2977 822 3040 dilectionis
851 2985 885 3040 et
907 2975 1089 3042 Toletanae
1119 2979 1278 3044 ecclesiae
1307 2979 1433 3043 honore
1465 2988 1652 3044 reverenter
1681 2979 1892 3060 excepimus;
1931 2977 1993 3058 ipsi

310 3067 418 3141 etiam,
450 3067 629 3131 adsedem
660 3065 878 3148 apostolicam
911 3075 944 3129 et
973 3069 1144 3131 Romanae
1175 3069 1349 3144 ecclesiae,
1387 3078 1422 3132 ut
1452 3070 1562 3145 nostis,
1594 3070 1741 3132 omniurn
1775 3069 1992 3138 maiestatem,

310 3157 592 3235 quemadmodum
625 3156 761 3238 dignum
793 3163 858 3231 est,
896 3157 1018 3219 devote
1047 3177 1086 3220 ac
1116 3158 1307 3241 suppliciter
1335 3161 1552 3235 concurrenti,
1576 3160 1709 3237 antiqua
1742 3156 1883 3238 ecclesie
1915 3173 1993 3216 suae

311 3245 528 3320 munimenta,
569 3254 668 3328 prout
699 3244 836 3326 rogasti,
874 3247 1096 3309 concessimus
1129 3255 1162 3309 et
1197 3244 1282 3333 (per)
1312 3248 1470 3330 privilegii
1502 3248 1602 3311 nostri
1635 3247 1789 3328 paginam
1821 3247 1993 3328 pristinam

309 3333 441 3415 plenam
455 3335 646 3416 dignitatem
659 3334 801 3397 libenter
812 3333 1012 3406 indulsimus,
1026 3338 1198 3417 primatem
1213 3339 1446 3419 episcoporum
1460 3339 1614 3411 omniurn,
1626 3337 1680 3416 qui
1692 3339 1725 3398 in
1738 3334 1900 3417 Hispania
1911 3340 1993 3406 sunt,

309 3423 477 3486 effecimus
497 3431 530 3487 et
551 3443 682 3505 queque
703 3423 825 3486 subeo
845 3443 905 3487 nos
926 3422 1065 3487 charitas
1084 3423 1251 3507 flagitavit,
1271 3447 1345 3489 curn
1366 3427 1453 3509 pallii
1465 3421 1671 3510 donatio(ne)
1685 3424 1992 3488 contradiderimus.

467 3537 592 3594 Absrlvrifl
609 3539 649 3587 des
670 3539 726 3588 Cod.
749 3538 776 3588 C.
795 3539 831 3588 23
841 3540 893 3603 sol.
911 3540 945 3588 81
963 3539 985 3598 b,
1004 3539 1030 3590 r'u
1048 3539 1092 3589 der
1109 3540 1171 3590 Bill.
1196 3539 1362 3590 Vullicellrima
1379 3557 1410 3590 su
1427 3543 1496 3595 llum.

464 3609 519 3658 Der
537 3609 636 3658 Schluss
654 3611 685 3660 ist
701 3611 728 3660 iu
750 3610 914 3676 Unordmmg.

1056 3947 1122 4026 ΝΥ.
1152 3954 1240 4026 307.

308 4079 494 4144 Alexander
515 4080 581 4145 III
600 4080 744 4146 schreibt
761 4082 835 4146 dem
858 4081 1001 4167 Kapitel
1024 4105 1086 4146 ven
1108 4081 1203 4147 Saul
1226 4079 1383 4147 Antonino
1409 4081 1449 4146 di
1470 4083 1640 4161 Pr'acenza,
1669 4101 1704 4144 es
1734 4079 1857 4144 mttclzte
1888 4077 1993 4144 ser'rren

309 4168 558 4235 Strer'tmildem
569 4171 747 4235 rir'misclcen
759 4170 985 4235 Subdlakenen
993 4170 1135 4252 Ardur'n,
1146 4171 1347 4237 uameutlr'clz
1359 4171 1422 4236 den
1434 4193 1543 4255 wegen
1554 4173 1645 4237 einer
1651 4169 1828 4246 Prehende,
1840 4169 1990 4253 beilegerr.

810 4285 1056 4371 (1171)-1181
1072 4287 1207 4362 Januar
1220 4289 1271 4352 18.
1307 4290 1489 4354 Tusculum.

469 4418 662 4484 Alexander
678 4421 862 4503 episcopus,
886 4440 998 4484 servus
1014 4440 1183 4484 servorum
1201 4424 1263 4497 dei,
1288 4424 1415 4488 dilectis
1432 4424 1511 4502 filiis,
1536 4423 1708 4507 preposito
1727 4419 1755 4506 a)
1779 4429 1814 4482 et
1830 4420 1991 4484 canonicis

308 4511 412 4573 sancti
433 4507 439 4594 Ι
459 4508 618 4573 Antonini
643 4511 686 4572 de
701 4510 876 4584 Placentia,
900 4509 1038 4573 salutem
1056 4518 1089 4574 et
1104 4513 1321 4595 apostolicam
1338 4514 1615 4578 benedictionem.
1654 4511 1787 4574 Litteris
1804 4511 1991 4574 devotionis

308 4609 416 4662 vestre
458 4599 570 4663 debita
591 4597 596 4685 Ι
616 4599 819 4681 benignitate
851 4602 994 4682 receptis
1027 4608 1060 4662 et
1084 4621 1194 4664 earum
1217 4610 1333 4666 tenore
1366 4604 1491 4685 plenius
1522 4602 1695 4675 intellecto,
1725 4620 1825 4681 grave
1848 4601 1990 4681 gerimus

310 4695 343 4751 et
366 4687 549 4764 molestum,
575 4689 674 4770 quod,
698 4690 781 4751 sicut
809 4689 925 4752 eedem
950 4689 1059 4752 littere
1081 4691 1278 4754 videbantur
1300 4693 1440 4768 innuere,
1465 4695 1549 4756 inter
1572 4711 1630 4755 vos
1655 4699 1688 4754 et
1711 4689 1871 4753 dilectum
1888 4687 1989 4751 tilium

310 4774 530 4862 .Ard(uinum)
547 4775 588 4863 ⁴),
619 4778 855 4842 subdiaconum
882 4787 1047 4852 nostrum,
1078 4780 1245 4844 discordia
1275 4783 1418 4845 noscitur
1447 4803 1520 4848 esse
1550 4781 1700 4854 suborta,
1731 4797 1816 4858 quos
1849 4777 1989 4841 fraterna

308 4864 457 4928 volumus
481 4887 565 4949 pace
587 4876 621 4930 et
644 4869 767 4930 unitate
789 4867 941 4950 gaudere.
988 4865 1048 4932 Set
1070 4871 1158 4932 enim
1181 4871 1269 4934 idem
1293 4871 1515 4936 subdiaconus
1547 4880 1658 4934 noster
1689 4868 1898 4951 prebendam
1930 4865 1988 4928 sibi

308 4962 403 5036 rogat
425 4964 459 5016 et
482 4957 628 5038 postulat
651 4955 811 5032 exhiberi,
842 4977 941 5038 quam
966 4958 998 5021 in
1021 4958 1159 5022 ecclesia
1181 4969 1290 5023 vestra
1313 4963 1485 5045 percipere
1508 4965 1732 5034 consueverat,
1763 4977 1830 5019 non
1862 4955 1988 5019 debetis

308 5045 465 5126 conqueri
489 5043 541 5108 vel
572 5047 695 5109 moveri
719 5067 779 5110 nec
803 5061 822 5108 a
846 5046 941 5110 nobis
965 5049 1140 5129 requirere,
1166 5056 1200 5111 ut
1223 5069 1283 5113 vos
1306 5050 1348 5114 ab
1373 5053 1442 5114 eius
1465 5052 1673 5133 impetitione
1688 5067 1788 5128 super
1803 5045 1869 5109 hoc
1885 5041 1988 5109 absol·

308 5152 431 5208 vamus,
448 5135 503 5213 qui
519 5155 579 5198 vos
596 5143 629 5198 et
644 5135 727 5198 alios
743 5136 885 5200 devotos
901 5136 1041 5200 ecclesie
1057 5136 1141 5201 filios
1157 5138 1199 5200 ad
1215 5139 1490 5204 benefaciendum
1506 5139 1632 5203 clericis
1647 5137 1767 5201 nostris
1782 5136 1945 5199 debemus
1962 5131 1987 5214 b)

308 5223 463 5287 inducere
485 5227 682 5308 propensius
705 5233 739 5288 et
762 5245 898 5289 monere
916 5225 955 5312 b).
1002 5224 1138 5290 Gratum
1162 5228 1324 5309 siquidem
1340 5232 1401 5293 erit
1418 5231 1515 5295 nobis
1536 5226 1562 5314 c)
1578 5237 1613 5293 et
1626 5233 1811 5310 acceptum,
1835 5221 1986 5306 quicquid

308 5421 341 5429 —
675 5422 733 5428 —--

468 5519 494 5583 a)
514 5517 596 5567 eosito
615 5517 668 5581 auf
681 5519 767 5567 Rarur
853 5519 881 5574 bl
899 5536 948 5570 vm
966 5521 999 5570 eb
1016 5521 1052 5570 lr's
1073 5535 1100 5570 re
1127 5521 1180 5586 auf
1193 5523 1279 5570 lr'asur
1367 5527 1392 5584 c)
1410 5524 1463 5588 aus
1476 5525 1567 5572 Reme.
1586 5561 1640 5568 ,-
1658 5525 1694 5586 .1)
1718 5519 1796 5585 Vergl.
1816 5517 1855 5567 dr'e
1877 5513 1986 5568 urende

308 5589 502 5650 (reru-1154
513 5590 570 5639 und
584 5590 680 5639 andern
754 5592 781 5646 al
800 5590 837 5640 Isl
850 5593 929 5657 gleich
947 5594 1074 5654 Dumium,
1094 5593 1218 5658 uugffrilrr
1233 5593 1292 5642 ervei
1308 5593 1398 5644 Meileu
1415 5595 1520 5645 wesllr'clr
1537 5607 1585 5643 von
1602 5593 1703 5658 Broga,·
1725 5592 1817 5641 seuere
1826 5591 1890 5654 just
1911 5588 1986 5638 Pam

307 5661 336 5708 de
356 5661 470 5710 Lunmso
487 5677 518 5710 su
534 5663 593 5712 sein.
666 5665 693 5726 3)
713 5660 786 5711 Mure
802 5662 963 5714 verschrieben
980 5665 1037 5724 sein,
1057 5666 1095 5714 er'u
1110 5664 1256 5727 Errlr'sclrof
1269 5665 1297 5715 B.
1316 5663 1407 5717 kemnct
1422 5683 1454 5716 eu
1471 5681 1571 5716 murrer
1588 5665 1639 5714 Zeu
1654 5665 1722 5714 m'clrl
1736 5678 1789 5713 vor.
1862 5664 1891 5728 4)
1915 5657 1985 5723 Vergl.

311 5731 404 5796 Campi,
423 5731 488 5783 Hr'sl.
507 5733 536 5781 ἄί
553 5733 670 5784 l'larmeu
688 5733 722 5782 II
731 5741 757 5798 p.
777 5736 819 5794 42,
838 5737 880 5795 44,
893 5737 932 5796 51,
946 5739 988 5784 69.
