4090 6358
1679 335 1722 418 67

45 518 77 574 et
101 518 216 571 nostra
235 510 443 592 protectione
464 512 659 593 suscipimus
682 521 715 576 et
738 518 898 594 presentis
913 519 1025 601 scripti
1041 521 1212 602 privilegio
1228 523 1478 586 communimus.
1525 522 1722 600 Statuentes‚

46 609 79 661 ut
103 619 329 681 quascumque
352 601 586 682 possessiones,
618 622 825 686 quecumque
854 607 944 670 bona
974 609 1007 671 in
1031 613 1266 690 presentiarum
1298 613 1381 676 iuste
1404 621 1438 676 et
1461 613 1619 676 canonice
1647 635 1723 694 pos·

45 689 167 764 sidetis‚
191 699 247 752 aut
271 690 305 752 in
329 689 470 752 futurum
493 694 706 755 concessione
730 695 932 774 pontificum,
964 699 1135 780 largitione
1159 721 1280 782 regum,
1309 701 1503 766 liberalitate
1526 703 1721 784 principum,

45 779 214 842 oblatione
243 777 389 842 fidelium
420 800 476 842 seu
508 780 578 842 aliis
609 782 700 845 iustis
732 784 840 846 modis
870 786 934 849 deo
968 789 1112 869 propitio
1144 791 1293 870 poteritis
1324 792 1469 872 adipisci,
1502 792 1595 855 firma
1625 793 1721 856 vobis

44 869 226 949 vestrisque
249 868 492 932 successoribus
519 879 553 931 et
576 869 702 933 illibata
734 886 956 954 permaneant.
1002 878 1038 939 ln
1070 879 1187 958 quibus
1218 879 1279 942 hec
1310 882 1451 962 propriis
1484 882 1637 946 duximus
1667 902 1720 944 ex·

45 957 218 1039 primenda
244 957 429 1022 vocabulis:
469 958 603 1039 plebem
634 960 675 1023 de
698 962 802 1043 Nigra
833 983 908 1028 cum
940 966 1159 1031 decimatione
1190 978 1223 1031 et
1254 970 1388 1051 capellis
1418 970 1493 1047 suis,
1522 970 1655 1052 plebem
1679 971 1720 1034 de

44 1045 133 1110 Villa
157 1067 376 1128 magnacum
401 1048 620 1112 decimatione
643 1060 677 1112 et
700 1052 833 1132 capellis
857 1055 931 1130 suis,
963 1065 1086 1117 curtem
1110 1066 1143 1119 et
1166 1057 1337 1120 ecclesiam
1368 1060 1409 1122 de
1440 1070 1554 1122 sancta
1577 1058 1720 1141 Agatha,

46 1138 216 1200 ecclesiam
241 1137 283 1199 de
307 1137 546 1214 Guardasta110,
571 1140 732 1220 capellam
757 1141 798 1204 de
819 1143 935 1206 Monte
959 1145 1082 1218 maiori,
1107 1145 1279 1208 ecclesiam
1303 1149 1344 1210 de
1360 1148 1524 1226 Nubiano,
1549 1148 1721 1212 ecclesiam

46 1228 85 1290 de
108 1226 262 1303 Petri010,
288 1227 542 1290 decimationem
567 1228 750 1317 Wlterrane
781 1231 897 1313 plebiS,
927 1234 1178 1298 decimationem
1203 1237 1244 1298 de
1268 1238 1432 1301 Monterio
1456 1239 1497 1301 de
1520 1248 1613 1322 parte
1637 1240 1719 1322 epis-

46 1317 118 1398 copi
144 1327 178 1380 et
201 1317 407 1392 marchionis,
441 1316 627 1381 oblationes
652 1339 767 1382 omnes
791 1321 937 1384 eiusdem
961 1323 1096 1409 ecclesie
1119 1335 1229 1405 preter
1256 1347 1363 1389 ceram
1396 1338 1430 1390 et
1457 1329 1565 1390 oleum
1590 1348 1609 1389 a
1632 1327 1720 1412 bone

46 1407 201 1492 memorie
218 1406 429 1469 BENEDICFO
446 1405 607 1482 videlicet,
630 1403 841 1471 H'ERMANNO
858 1422 890 1473 et
905 1413 1071 1474 ROGERIO
1089 1414 1123 1494 1),
1148 1414 1340 1478 Wlterranis
1364 1417 1538 1498 episcopis,
1563 1417 1720 1478 canonice

46 1496 139 1558 vobis
163 1515 345 1573 concessas,
379 1497 535 1577 quicquid
565 1496 693 1562 habetis
725 1499 758 1561 in
789 1510 878 1564 curte
908 1511 941 1562 et
969 1503 1100 1565 civitate
1124 1503 1317 1582 Wlterrana‚
1349 1507 1382 1567 in
1413 1516 1501 1568 curte
1533 1505 1575 1567 de
1606 1516 1719 1568 monte

47 1585 218 1662 Wltrario,
249 1587 282 1647 in
307 1595 396 1648 curte
420 1587 462 1648 de
486 1584 612 1662 Casula,
637 1587 669 1649 in
694 1599 783 1651 curte
807 1590 848 1651 de
873 1591 1043 1666 Menzano,
1074 1593 1106 1653 in
1134 1603 1224 1655 curte
1248 1594 1289 1655 de
1312 1604 1426 1657 sancto
1450 1594 1654 1670 Geminian0‚
1686 1595 1718 1658 in

47 1685 134 1736 curte
158 1675 200 1736 de
224 1674 369 1738 Castello
392 1675 502 1751 veteri,
534 1676 567 1737 in
592 1687 681 1739 curte
705 1688 738 1740 et
761 1679 896 1741 castello
921 1680 962 1742 de
986 1681 1095 1761 Nigra,
1128 1681 1159 1743 in
1184 1693 1273 1744 curte
1305 1683 1346 1745 de
1370 1694 1483 1745 monte
1505 1682 1654 1760 Turios0,
1684 1685 1718 1746 in

47 1775 132 1826 curte
167 1765 208 1827 de
236 1775 330 1846 petra
361 1765 536 1846 Raininga‚
568 1766 698 1828 tertiam
731 1778 859 1848 partem
891 1770 988 1831 curtis
1019 1780 1052 1832 et
1083 1771 1205 1833 castelli
1237 1772 1279 1834 de
1310 1771 1532 1855 Camporena,
1565 1773 1596 1835 in
1628 1783 1718 1835 curte

48 1854 85 1916 de
116 1853 252 1917 castello
284 1854 382 1930 Falfi,
415 1855 447 1916 in
479 1865 568 1917 curte
600 1855 641 1917 de
668 1856 790 1937 Liguli,
822 1859 854 1919 in
886 1868 975 1920 curte
1008 1868 1041 1921 et
1071 1860 1204 1922 castello
1234 1861 1275 1924 de
1304 1861 1450 1938 Gezano‚
1482 1863 1514 1925 in
1545 1871 1634 1925 curte
1656 1862 1717 1925 La·

47 1953 137 2018 treto,
170 1943 203 2005 in
228 1954 317 2006 curte
342 1945 383 2006 de
407 1942 551 2018 Pezzole,
583 1945 615 2006 in
639 1953 728 2007 curte
753 1946 795 2007 de
819 1947 996 2024 MontecIO,
1026 1949 1058 2010 in
1082 1960 1172 2012 curte
1195 1951 1237 2012 de
1261 1962 1374 2014 monte
1397 1951 1540 2026 Cuccari,
1572 1952 1605 2013 in
1630 1961 1718 2014 curte

49 2033 86 2094 de
115 2031 205 2095 Villa
238 2052 373 2115 magna,
406 2035 438 2095 in
472 2043 562 2095 curte
594 2033 635 2096 de
669 2033 773 2112 Pava,
805 2037 837 2098 in
869 2047 958 2099 curte
990 2046 1023 2099 et
1054 2039 1188 2101 castello
1222 2040 1263 2102 de
1294 2041 1459 2116 Laiatico,
1493 2041 1524 2102 in
1556 2049 1645 2102 curte
1677 2040 1717 2102 de

48 2120 170 2198 Belora,
194 2124 227 2185 in
252 2131 341 2185 curte
365 2123 407 2184 de
431 2123 538 2185 casale
562 2121 682 2199 Iustuli,
714 2126 746 2187 in
771 2135 860 2188 curte
884 2126 925 2188 de
949 2137 1061 2190 monte
1085 2127 1253 2206 Scudario,
1284 2131 1316 2192 in
1340 2129 1493 2206 Cornin0,
1526 2130 1559 2191 in
1583 2129 1717 2192 castello

48 2220 78 2273 et
99 2223 188 2274 curte
213 2213 254 2275 de
278 2212 374 2288 Valli,
400 2213 610 2276 medietatem
635 2214 676 2277 de
700 2224 790 2277 curte
823 2225 856 2277 et
886 2216 1019 2278 castello
1051 2217 1093 2280 de
1115 2219 1256 2294 Rotan0‚
1288 2229 1412 2282 curtem
1435 2219 1538 2281 sancti
1563 2219 1717 2305 Mamme,

49 2300 179 2364 domum
203 2322 302 2364 unam
334 2303 367 2365 in
391 2303 524 2366 Lucana
555 2303 695 2366 civitate.
741 2303 938 2368 Sanctorum
970 2325 1103 2387 quoque
1126 2317 1255 2388 patrum
1286 2309 1513 2372 auctoritatem
1543 2317 1718 2390 sequentes

49 2392 266 2472 prohibemus,
297 2400 333 2455 ut
355 2391 435 2455 nulli
459 2392 619 2474 episcopo
643 2392 787 2474 aliquam
811 2394 1053 2458 ordinationem
1084 2396 1117 2459 in
1142 2397 1258 2460 eadem
1281 2397 1419 2460 ecclesia
1442 2397 1549 2460 facere
1571 2397 1623 2461 vel
1647 2418 1717 2480 per·

52 2501 161 2544 sonam
185 2482 361 2544 excludere
389 2483 458 2544 sive
488 2481 578 2544 bona
602 2483 812 2564 episcopatus
836 2484 868 2545 in
892 2484 1031 2565 pignore
1053 2485 1106 2548 vel
1130 2485 1228 2548 feudo
1253 2486 1347 2548 alicui
1381 2487 1459 2549 dare
1488 2508 1544 2550 seu
1569 2486 1719 2569 quolibet

53 2572 146 2633 modo
171 2571 314 2634 alienare
338 2571 464 2652 absque
487 2573 653 2634 communi
678 2571 812 2634 fratrum
835 2573 887 2635 vel
910 2574 1048 2636 sanioris
1070 2575 1173 2656 partis
1192 2576 1329 2638 consilio
1354 2576 1457 2642 liceat
1502 2577 1718 2640 Decemimus

54 2679 132 2740 ergo,
166 2671 201 2723 ut
232 2659 310 2724 nulli
342 2662 478 2724 omnino
495 2659 681 2724 ,hominum
712 2662 816 2738 liceat,
848 2663 914 2725 iam
946 2663 1069 2726 dictam
1100 2664 1271 2727 eeclesiam
1303 2673 1425 2728 temere
1448 2666 1638 2747 perturbare
1662 2674 1719 2728 aut

54 2749 113 2812 eius
135 2751 362 2832 possessiones
386 2751 510 2814 auferre
533 2750 584 2812 vel
609 2750 736 2814 ablatas
759 2752 905 2828 retinere,
930 2753 1075 2815 minuere
1098 2773 1154 2816 seu
1179 2754 1379 2834 quibuslibet
1399 2754 1557 2818 molestiis
1572 2754 1716 2836 fatigare,

54 2847 96 2900 set
123 2841 233 2902 omnia
263 2841 391 2920 integra
411 2836 439 2924 a)
469 2847 701 2902 conserventur
730 2860 858 2915 eorum,
890 2862 951 2924 pro
984 2862 1123 2923 quorum
1153 2841 1387 2924 gubernatione
1417 2853 1451 2908 et
1481 2843 1717 2907 sustentatione

55 2948 202 2992 concessa
225 2936 311 3006 sunt,
336 2929 448 2991 usibus
471 2929 667 2992 omnimodis
690 2926 868 3010 profutura,
892 2929 980 2993 salva
1003 2931 1089 2993 sedis
1113 2931 1295 3019 apostolice
1311 2935 1504 2996 auctoritate
1520 2940 1554 2995 et
1569 2933 1717 3015 episcopi

54 3020 141 3081 vestri
166 3020 325 3082 canonica
348 3019 536 3082 reverentia.
584 3018 640 3082 Ad
672 3018 821 3081 inditium
851 3028 961 3083 autem
992 3020 1085 3082 huius
1108 3042 1127 3083 a
1150 3022 1230 3085 sede
1257 3021 1440 3103 apostolica
1462 3029 1619 3104 percepte
1642 3041 1717 3103 pro·

54 3108 194 3172 tectionis
217 3127 278 3172 sex
301 3108 453 3171 denarios
471 3104 501 3192 b)
524 3109 681 3171 Lucensis
713 3117 845 3195 monete
877 3109 969 3172 nobis
993 3111 1178 3192 nostrisque
1205 3111 1448 3175 successoribus
1471 3111 1568 3190 annis¹
1584 3109 1717 3193 singulis

56 3197 249 3276 persolvetis.
299 3195 333 3260 Si
366 3217 430 3277 qua
461 3198 557 3280 igitur
587 3198 618 3260 in
649 3198 794 3260 futurum
828 3199 1047 3262 ecclesiastica
1077 3199 1271 3264 secularisve
1303 3220 1462 3283 persona,
1493 3201 1577 3264 hant
1608 3208 1718 3287 nostre

56 3288 286 3351 constitutionis
310 3287 461 3370 paginam
484 3287 598 3363 sciens,
630 3295 744 3350 contra
767 3307 839 3351 eam
864 3295 987 3352 temere
1017 3291 1127 3351 venire
1151 3291 1369 3372 temptaverit,
1401 3290 1546 3355 secundo
1577 3291 1717 3354 tertiove

56 3379 254 3452 commonita,
277 3379 304 3439 si
327 3397 393 3439 non
415 3377 636 3440 satisfactione
659 3397 802 3459 congrua
826 3379 1057 3452 emendaverit,
1080 3381 1252 3461 potestatis
1274 3379 1476 3462 honorisque
1495 3380 1543 3443 sui
1559 3379 1717 3462 dignitate

57 3476 152 3530 careat
174 3486 333 3547 reamque
355 3487 391 3530 se
414 3467 523 3530 divino
548 3467 670 3530 iudicio
694 3467 833 3530 existere
856 3468 899 3531 de
922 3475 1109 3549 perpetrata
1132 3471 1302 3549 iniquitate
1317 3477 1507 3552 cognoscat,
1530 3479 1564 3533 et
1578 3491 1598 3532 a
1612 3489 1716 3533 sacra·

57 3555 171 3620 tissimo
195 3576 337 3639 corpore
360 3576 397 3619 ac
419 3558 578 3639 sanguine
602 3557 655 3619 dei
679 3564 712 3619 et
735 3557 869 3632 domini,
900 3557 1116 3638 redemptoris
1147 3559 1248 3622 nostri
1271 3558 1344 3621 Iesu
1367 3557 1496 3634 Christi,
1526 3557 1716 3638 alienafiat,

57 3654 143 3726 atque
166 3649 199 3710 in
223 3654 374 3720 extremo
399 3649 549 3710 examine
573 3646 719 3710 districte
741 3645 856 3710 ultioni
880 3647 1057 3709 subiaceat.
1104 3647 1237 3711 Cunctis
1261 3657 1379 3724 autem,
1403 3649 1510 3713 eidem
1535 3648 1611 3712 loco
1634 3649 1717 3710 iusta

56 3737 258 3810 servantibus
274 3738 318 3799 sit
336 3757 404 3818 pax
424 3733 428 3821 Ι
449 3737 575 3799 domini
591 3739 694 3798 nostri
708 3735 781 3798 Iesu
799 3735 924 3810 Christi,
949 3737 1100 3818 quatinus
1116 3745 1149 3800 et
1164 3735 1218 3800 hic
1233 3736 1374 3802 fructum
1390 3738 1478 3825 bone
1492 3739 1628 3802 actionis
1644 3757 1717 3820 per-

58 3826 166 3906 cipiant
189 3835 223 3890 et
246 3827 336 3907 apud
359 3826 542 3889 districtum
565 3825 705 3888 iudicem
730 3826 854 3906 premia
878 3833 987 3911 eterne
1010 3827 1100 3907 pacis
1120 3827 1291 3891 inveniant.
1329 3827 1449 3892 A—m.
1473 3829 1549 3892 Am.
1573 3825 1649 3890 Am.
1673 3863 1716 3874 —-

258 3914 315 3998 (R)
339 3915 413 3997 Ego
437 3914 602 3997 Eugenius
626 3913 787 4003 catholice
811 3914 946 4002 ecclesie
969 3917 1146 3998 episcopus
1168 3937 1209 3978 33.
1232 3912 1295 4002 (Μ)

258 4003 279 4087 †
302 4005 376 4086 Ego
400 4001 571 4067 Conradus
595 4003 784 4068 Sabinensis
808 4006 984 4088 episcopus
1007 4025 1048 4066 ss.

258 4092 278 4178 †
302 4093 375 4177 Ego
398 4093 639 4157 Theodewinus
663 4101 775 4180 sancte
798 4093 914 4181 Rufine
938 4095 1116 4176 episcopus
1138 4113 1179 4156 ss.
1203 4095 1251 4174 (9)

257 4220 300 4230 -
324 4181 344 4266 †
369 4183 441 4266 Ego
466 4181 642 4265 Gregorius
665 4183 828 4264 presbiter
852 4184 1025 4246 cardinalis
1048 4185 1095 4246 tit.
1122 4180 1238 4246 Calixti
1263 4202 1303 4245 ss.

257 4273 278 4356 †
302 4273 375 4356 Ego
398 4273 567 4336 Rainerius
591 4272 754 4355 presbiter
776 4273 946 4336 cardinalis
969 4275 1016 4335 tit.
1041 4280 1152 4335 sancte
1176 4275 1284 4336 Prisce
1306 4292 1347 4334 ss.

256 4364 277 4446 †
300 4363 373 4446 Ego
398 4360 512 4425 GUIdo
532 4361 562 4446 0)
586 4361 747 4444 presbiter
770 4363 941 4426 cardinalis
963 4370 1149 4426 sanctorum
1173 4362 1339 4426 Laurentii
1364 4369 1397 4425 et
1420 4361 1554 4424 Damasi
1577 4381 1618 4424 ss.

255 4453 276 4536 †
300 4453 372 4536 Ego
396 4452 542 4516 Thomas
567 4451 727 4532 presbiter
750 4452 919 4514 cardinalis
942 4454 989 4515 tit.
1014 4450 1151 4516 Vestine
1173 4471 1215 4514 ss.

255 4545 277 4621 †
300 4543 373 4624 Ego
397 4541 586 4605 Manfredus
611 4540 774 4623 presbiter
797 4539 965 4604 cardinalis
988 4542 1035 4604 tit.
1059 4547 1171 4604 sancte
1195 4541 1313 4604 Savine
1336 4560 1377 4602 ss.

255 4632 276 4713 †
298 4635 372 4714 Ego
396 4629 571 4695 Aribcrtus
594 4631 758 4712 presbiter
781 4628 953 4694 cardinalis
976 4631 1023 4692 tit.
1048 4639 1159 4716 sancte
1183 4629 1357 4717 Anastasie
1380 4649 1421 4691 ss.

255 4721 276 4802 †
299 4724 372 4804 Ego
395 4720 494 4784 Iulius
519 4720 682 4802 presbiter
705 4719 874 4784 cardinalis
897 4722 945 4783 tit.
970 4720 1072 4782 sancti
1095 4718 1243 4783 Marcelli
1267 4739 1308 4782 ss.
1333 4715 1382 4802 (Ι)

254 4810 275 4893 †
297 4811 371 4894 Ego
386 4809 533 4873 Villanus
557 4809 719 4892 presbiter
741 4807 914 4873 cardinalis
936 4811 983 4872 tit.
1007 4811 1110 4872 sancti
1126 4805 1287 4892 Stephani
1311 4811 1342 4872 in
1360 4807 1451 4872 Celio
1475 4817 1588 4871 monte
1608 4829 1649 4871 ss.
1668 4809 1714 4892 (1)

255 4936 299 4946 —
321 4900 342 4983 †
365 4898 437 4982 Ego
463 4897 640 4980 Gregorius
664 4899 822 4961 diaconus
846 4897 1017 4962 cardinalis
1041 4905 1230 4961 sanctorum
1253 4895 1357 4980 Sergii
1381 4905 1414 4961 et
1436 4896 1538 4960 Bachi
1561 4919 1602 4960 33.

254 4991 275 5071 †
297 4990 371 5074 Ego
396 4987 478 5052 Otto
504 4989 659 5064 diaconus
683 4987 849 5050 cardinalis
872 4988 975 5050 sancti
999 4985 1134 5070 Georgii
1158 4989 1201 5051 ad
1223 4986 1341 5051 Velum
1366 5007 1498 5050 aureum
1523 5007 1564 5052 ss.

253 5080 274 5161 †
297 5079 371 5162 Ego
396 5077 506 5142 Guido
530 5078 684 5140 diaconus
708 5077 880 5140 cardinalis
902 5085 1088 5142 sanctorum
1113 5075 1233 5165 Cosme
1257 5085 1290 5139 et
1313 5076 1464 5139 Damiani
1488 5097 1528 5138 ss.

252 5169 274 5250 †
297 5171 371 5252 Ego
396 5167 594 5231 Octavianus
619 5167 774 5230 diaconus
799 5166 969 5230 cardinalis
992 5168 1097 5230 sancti
1120 5165 1249 5230 Nicolai
1279 5166 1311 5228 in
1344 5186 1473 5232 carcere
1495 5166 1647 5231 Tulliano
1672 5187 1714 5230 ss.

253 5257 274 5340 †
297 5259 370 5341 Ego
393 5259 508 5321 Petrus
532 5258 689 5320 diaconus
713 5255 881 5319 cardinalis
904 5263 1016 5319 sancte
1040 5256 1144 5319 Marie
1168 5258 1200 5318 in
1223 5257 1353 5319 Porticu
1377 5277 1417 5318 ss.

254 5346 274 5432 †
298 5349 372 5430 Ego
389 5345 548 5411 Astaldus
565 5348 722 5410 diaconus
738 5346 910 5410 cardinalis
926 5348 1029 5409 sancti
1045 5343 1212 5410 Eustachii
1227 5347 1319 5410 iuxta
1334 5343 1495 5427 templum
1506 5346 1658 5430 Agrippe
1673 5363 1715 5408 ss

253 5441 275 5517 †
297 5438 371 5521 Ego
394 5434 558 5500 Iohannes
581 5435 736 5499 diaconus
761 5434 933 5499 cardinalis
956 5437 1061 5499 sancti
1084 5435 1223 5500 Adriani
1247 5455 1290 5498 33.

253 5527 274 5608 †
295 5526 368 5610 Ego
391 5525 555 5590 Iohannes
579 5525 736 5588 diaconus
760 5525 932 5590 cardinalis
955 5532 1067 5588 sancte
1091 5525 1193 5589 Marie
1216 5523 1312 5589 Nove
1335 5543 1375 5587 ss.
1399 5525 1447 5604 (ι)

15 5629 16 5642 l
64 5623 441 5644 κ-μ-...ύμ-ᾐμ..
458 5635 466 5641 ..

199 5669 224 5732 a)
242 5668 365 5732 integrum
443 5665 470 5730 b)
490 5680 517 5714 ar
535 5666 586 5731 aas
600 5668 684 5716 Rasur
767 5667 792 5733 c)
810 5665 926 5716 zwisclcen
943 5667 1001 5734 Ego
1019 5667 1075 5718 und
1090 5666 1174 5720 Gaido
1190 5671 1296 5734 grissere
1312 5668 1404 5717 Rasur.
1423 5702 1478 5710 ..-
1496 5667 1534 5730 .3)
1560 5659 1636 5732 Verg'l.
1664 5665 1717 5716 hier

64 5728 92 5779 die
105 5733 207 5802 Bischtse
224 5739 281 5789 obm
299 5738 325 5789 S.
345 5740 380 5790 53
404 5740 478 5788 Anm.

1477 5813 1517 5882 9*
