4142 6366
1670 355 1735 423 ²09

70 539 235 594 maneant.
280 529 317 592 In
340 529 457 608 quibus
479 528 541 590 hec
564 531 705 611 propriis
733 529 886 594 duximus
917 529 1132 612 exprimenda
1154 529 1337 593 vocabulis:
1376 536 1515 591 castrum
1547 527 1589 590 de
1613 525 1735 610 Quiesa

70 641 146 683 cum
170 621 375 702 pertinentiis
398 619 476 693 suis,
508 617 669 699 hospitale
693 621 783 682 iuxta
807 619 969 701 prefatum
993 619 1223 682 monasterium
1247 621 1343 681 situm
1377 639 1450 681 cum
1474 618 1735 700 possessionibus

69 711 144 782 suis,
169 708 340 771 ecclesiam
363 709 467 770 sancti
490 705 609 789 Angeli
633 709 664 770 in
688 728 806 789 campo
831 729 904 770 cum
928 709 1062 770 decimis
1094 717 1127 770 et
1156 708 1355 790 pertinentiis
1387 709 1460 781 suis,
1494 715 1527 768 et
1549 707 1633 769 alias
1660 727 1735 788 pos-

68 800 232 861 sessiones
257 817 337 879 quas
360 795 482 858 ibidem
505 794 627 859 habere
651 798 829 870 noscimini,
853 796 1024 859 ecclesiam
1046 805 1156 860 sancte
1173 796 1275 860 Marie
1298 797 1341 860 de
1356 794 1495 858 Schiava
1510 816 1583 858 cum
1601 796 1735 859 decimis

69 897 104 950 et
128 885 391 968 possessionibus
413 887 488 959 suis,
516 893 549 946 et
571 885 650 949 alias
675 889 898 966 possessiones
922 906 1002 966 quas
1025 886 1068 948 ibi
1093 885 1228 961 habetiS,
1253 886 1423 949 ecclesiam
1445 893 1631 947 sanctorum
1656 883 1734 948 Iusti

68 986 104 1039 et
128 975 305 1039 Clementis
328 995 400 1036 cum
425 974 558 1036 decimis
582 982 615 1036 et
638 976 896 1057 possessionibus
919 978 992 1049 suis,
1015 974 1186 1038 ecclesiam
1208 977 1311 1038 sancti
1327 973 1478 1036 Nicholai
1503 976 1534 1036 in
1558 981 1665 1036 castro
1689 975 1732 1037 de

68 1063 146 1128 Sala
162 1068 258 1128 sitam
275 1084 348 1127 cum
365 1063 500 1125 decimis
516 1072 549 1125 et
565 1064 823 1145 possessionibus
839 1067 913 1138 suis,
937 1061 995 1148 (et)
1011 1064 1088 1128 alias
1105 1067 1326 1147 possessiones
1351 1083 1430 1142 quas
1453 1062 1573 1126 ibidem
1596 1062 1734 1138 habetis,

67 1153 233 1236 hospitale
256 1154 346 1216 iuxta
370 1151 540 1215 ecclesiam
564 1155 667 1215 sancti
691 1153 868 1218 Salvatoris
895 1154 1037 1236 positum
1069 1174 1143 1216 cum
1173 1152 1434 1235 possessionibus
1466 1153 1544 1225 suiS,
1581 1152 1733 1234 quicquid

66 1243 200 1307 habetis
224 1245 256 1305 in
279 1239 448 1305 Monteclo
473 1241 558 1303 etin
582 1241 763 1305 confinibus
786 1244 860 1316 suis,
885 1243 1040 1325 quicquid
1063 1242 1190 1304 habetis
1214 1245 1246 1305 in
1267 1244 1408 1313 Bozano,
1431 1241 1584 1320 quicquid
1608 1239 1734 1304 habetis

66 1335 101 1395 in
126 1331 260 1406 Chiatri,
284 1329 440 1413 quicquid
463 1327 592 1392 habetis
615 1331 645 1393 in
668 1329 809 1406 Noceto,
837 1333 992 1411 quicquid
1017 1331 1146 1394 habetis
1168 1331 1199 1392 in
1223 1333 1346 1405 Monte,
1370 1329 1522 1409 quicquid
1553 1329 1680 1392 habetis
1702 1331 1734 1393 in

68 1425 235 1504 Magiano,
266 1419 421 1502 quicquid
444 1418 570 1482 habetis
594 1421 626 1482 in
649 1419 726 1482 villa
749 1440 812 1500 que
835 1421 950 1483 dicitur
972 1420 1072 1495 Nave,
1106 1429 1139 1483 et
1162 1421 1317 1501 quicquid
1340 1418 1468 1482 habetis
1499 1421 1531 1481 in
1554 1418 1733 1483 confinibus

66 1513 181 1594 pontis
205 1507 418 1583 Marchionis,
452 1509 604 1591 quicquid
635 1507 763 1572 habetis
794 1511 825 1572 in
855 1510 960 1591 burgo
983 1509 1127 1583 Plozani‚
1159 1509 1311 1591 quicquid
1334 1507 1462 1571 habetis
1494 1509 1526 1570 in
1547 1505 1733 1584 Urbician0,

66 1598 225 1680 quicquid
248 1598 376 1661 habetis
398 1597 429 1658 in
454 1596 689 1673 Massaciuculi,
719 1599 874 1679 quicquid
897 1598 1025 1662 habetis
1047 1599 1077 1660 in
1101 1598 1238 1680 Caprile‚
1262 1599 1433 1681 piscariam
1457 1597 1499 1660 de
1521 1596 1733 1678 Laguscione,

67 1689 226 1771 quicquid
249 1686 380 1749 habetis
402 1687 434 1748 in
456 1685 527 1749 lacu
551 1687 594 1749 de
617 1685 871 1762 Massaciuccoli,
900 1697 1045 1750 montem
1070 1688 1112 1750 de
1135 1685 1287 1762 Cocuma,
1310 1685 1472 1769 hospitale
1504 1686 1546 1748 de
1570 1684 1734 1751 Calcaiola

67 1800 145 1842 cum
176 1776 438 1860 possessionibus
469 1777 550 1850 suis,
591 1776 760 1840 ecclesiam
791 1779 894 1839 sancti
926 1775 1093 1840 Michaelis
1124 1778 1166 1839 de
1193 1777 1296 1840 Lame
1326 1796 1399 1839 cum
1431 1775 1565 1838 decimis
1594 1783 1627 1837 et
1657 1797 1733 1859 pos·

65 1867 278 1938 sessionibus,
301 1863 453 1944 quicquid
477 1863 604 1928 habetis
627 1867 660 1927 in
683 1864 842 1941 Veclano,
872 1867 1026 1947 quicquid
1050 1864 1178 1928 habetis
1201 1868 1233 1928 in
1257 1865 1395 1940 Nodica‚
1427 1865 1583 1945 quicquid
1606 1865 1734 1929 habetis

65 1959 101 2020 in
125 1956 325 2028 Maluentria,
357 1954 512 2033 quicquid
536 1953 665 2017 habetis
689 1957 720 2016 in
743 1954 854 2031 Lame,
878 1956 1033 2037 quicquid
1056 1955 1182 2018 habetis
1203 1956 1236 2017 in
1259 1957 1394 2028 Metato‚
1425 1954 1583 2034 quicquid
1604 1953 1733 2018 habetis

65 2047 100 2109 in
123 2045 262 2118 Albaro,
292 2043 444 2125 quicquid
475 2042 601 2105 habetis
631 2043 661 2105 in
685 2042 830 2120 Porcilia,
862 2045 1004 2107 decimas
1035 2063 1176 2124 quoque,
1208 2043 1464 2125 aquadraginta
1486 2050 1574 2105 retro
1603 2045 1736 2107 annisa

65 2135 164 2198 vobis
187 2135 297 2214 quiete
319 2151 498 2215 possessas,
520 2132 613 2195 vobis
636 2131 862 2196 nichilominus
885 2133 1123 2197 confirmamus.
1169 2133 1377 2216 Sepulturam
1401 2150 1534 2212 quoque
1550 2131 1649 2213 ipsius
1672 2131 1735 2195 loci

65 2225 206 2288 liberam
230 2241 304 2285 esse
327 2221 545 2295 concedimus,
573 2229 608 2282 ut
632 2242 744 2284 eorum
769 2224 935 2286 devotioni
960 2231 994 2285 et
1016 2231 1162 2285 extreme
1185 2221 1353 2297 voluntati,
1383 2222 1438 2300 qui
1462 2239 1497 2284 se
1520 2219 1583 2283 illic
1606 2221 1736 2304 sepeliri

66 2313 329 2384 deliberaverint,
361 2313 422 2372 nisi
447 2311 532 2373 sorte
556 2313 829 2374 excommunicati
852 2310 903 2374 vel
927 2313 1087 2375 interdicti
1110 2313 1183 2386 sint,
1207 2310 1312 2373 nullus
1336 2310 1483 2385 obsistat,
1513 2309 1735 2374 salvatamen

66 2405 226 2465 canonica
257 2401 378 2462 iustitia
409 2399 535 2462 illarum
568 2399 792 2475 ecclesiarum,
823 2421 841 2462 a
873 2401 989 2483 quibus
1022 2410 1222 2464 mortuorum
1247 2419 1386 2481 corpora
1408 2408 1623 2463 assumuntur.
1669 2400 1736 2463 De·

66 2494 229 2555 cernimus
253 2509 341 2570 ergo,
365 2497 400 2550 ut
423 2488 499 2551 nulli
526 2491 659 2551 omnino
684 2488 852 2552 hominum
868 2489 973 2564 liceat,
997 2490 1220 2570 supradictum
1238 2489 1469 2551 monasterium
1485 2496 1610 2551 temere
1633 2537 1640 2551 .
1665 2538 1671 2552 .
1695 2536 1702 2552 .
1727 2536 1734 2551 .

65 2582 177 2644 usibus
208 2578 409 2642 omnimodis
442 2576 629 2659 profutura,
659 2579 747 2641 salva
777 2579 863 2640 sedis
895 2579 1076 2661 apostolice
1107 2581 1299 2642 auctoritate
1331 2585 1363 2640 et
1393 2577 1556 2639 diocesani
1587 2579 1735 2660 episcopi

69 2670 222 2732 canonica
246 2669 377 2731 iustitia.
416 2666 450 2731 Si
475 2686 539 2745 qua
554 2668 651 2748 igitur
666 2715 673 2728 .
689 2715 719 2729 ..
744 2666 873 2730 Cunctis
889 2675 997 2731 autem
1015 2715 1021 2729 .
1039 2715 1045 2728 .
1064 2715 1070 2728 .
1087 2669 1260 2731 inveniant.
1298 2665 1416 2729 Amen.
1439 2664 1530 2728 A-m.
1555 2666 1673 2730 Amen.
1691 2702 1734 2714 —

283 2755 337 2836 (R)
360 2754 433 2838 Ego
457 2754 649 2819 Alexander
671 2756 831 2820 catholice
854 2756 989 2820 ecclesie
1012 2756 1186 2840 episcopus
1209 2777 1251 2819 ss.
1274 2757 1335 2836 (M)

283 2842 304 2925 †
326 2845 399 2927 Ego
423 2843 599 2925 Gregorius
622 2842 808 2908 Sabinensis
831 2848 1006 2928 episcopus
1028 2865 1070 2908 ss.

282 2931 303 3014 †
325 2934 398 3015 Ego
422 2933 597 2997 Hubaldus
619 2932 800 2997 Hostiensis
823 2935 996 3016 episcopus
1019 2955 1060 2998 ss.

283 3020 303 3103 †
326 3022 399 3104 Ego
423 3023 607 3086 Bernardus
630 3024 816 3086 Portuensis
839 3032 872 3086 et
894 3033 1004 3086 sancte
1026 3023 1144 3086 Rufine
1168 3023 1343 3104 episcopus
1365 3041 1406 3082 ss.

283 3109 303 3194 †
326 3111 399 3193 Ego
423 3110 593 3175 Gualterus
616 3111 812 3175 Albanensis
835 3115 1010 3194 episcopus
1033 3133 1073 3174 ss.
1096 3109 1142 3196 (1)

281 3235 326 3246 -
348 3199 368 3283 †
391 3202 464 3283 Ego
488 3199 660 3264 Hubaldus
692 3203 852 3282 presbiter
878 3202 1048 3264 cardinalis
1071 3204 1119 3263 tit.
1142 3208 1254 3263 sancte
1278 3198 1389 3263 Crucis
1412 3197 1442 3260 in
1466 3195 1667 3261 Hierusalem
1691 3219 1732 3262 ss.

281 3291 302 3370 †
325 3289 398 3371 Ego
421 3289 579 3352 lohannes
602 3291 763 3372 presbiter
787 3291 958 3354 cardinalis
980 3291 1026 3354 tit.
1050 3297 1160 3353 sancte
1183 3289 1385 3352 ANASTASIE
1407 3307 1448 3350 ss.

282 3376 303 3460 †
327 3377 399 3460 Ego
422 3378 578 3443 Albertus
603 3380 765 3462 presbiter
786 3380 955 3443 cardinalis
979 3381 1026 3442 tit.
1050 3381 1150 3442 sancti
1172 3378 1336 3441 Laurentii
1358 3379 1390 3439 in
1414 3376 1537 3439 Lucina
1558 3395 1600 3438 ss.
1623 3372 1670 3461 (1)

281 3501 326 3514 —
347 3469 368 3547 †
391 3469 463 3550 Ego
486 3467 624 3531 iacintus
647 3471 803 3532 diaconus
827 3467 997 3532 cardinalis
1020 3477 1131 3531 sancte
1154 3467 1255 3530 Marie
1276 3468 1308 3529 in
1331 3464 1523 3546 Cosmydyn
1545 3484 1586 3527 ss.

278 3556 299 3637 †
321 3557 393 3639 Ego
417 3557 555 3620 Ardicio
579 3559 735 3621 diaconus
758 3557 928 3621 cardinalis
951 3561 1052 3620 sancti
1076 3557 1243 3620 Theodori
1265 3576 1307 3618 ss.
1326 3552 1362 3638 a).

279 3647 300 3728 †
322 3646 394 3728 Ego
419 3648 507 3709 Boso
531 3648 687 3710 diaconus
710 3648 879 3710 cardinalis
903 3655 1089 3709 sanctorum
1114 3646 1233 3709 Cosme
1257 3653 1290 3707 et
1311 3642 1459 3706 Damiani
1482 3661 1523 3704 ss

279 3735 300 3814 †
322 3735 395 3818 Ego
419 3735 590 3816 Cynthyus
614 3738 769 3800 diaconus
792 3735 959 3799 cardinalis
981 3738 1085 3799 sancti
1108 3736 1243 3798 Adriani
1267 3754 1309 3796 ss

279 3825 300 3908 i
323 3826 395 3906 Ego
419 3823 578 3888 Iohannes
602 3827 758 3890 diaconus
782 3825 950 3888 cardinalis
973 3834 1085 3888 sancte
1109 3826 1212 3888 Marie
1236 3825 1266 3884 in
1289 3823 1417 3885 Portieu
1441 3841 1481 3884 ss.

225 3914 349 3975 Datum
372 3911 482 3988 Ianue,
514 3934 574 3998 per
605 3936 734 3978 manum
765 3913 962 3989 Hermanni,
993 3922 1103 3976 sancte
1131 3915 1279 3975 Romane
1311 3911 1447 3974 ecclesie
1478 3909 1667 3972 subdiaconi
1698 3917 1732 3971 et

66 4003 191 4066 notarii.
230 4014 266 4064 VI
289 4001 365 4064 Idus
382 4003 501 4067 Martii.
540 4006 721 4068 indictione
736 4019 769 4067 x.
806 4004 1034 4067 incarnationis
1058 4004 1221 4066 dominice
1243 4021 1329 4064 anno
1353 4011 1472 4062 Mchl.
1518 3997 1730 4062 Pontificatus

65 4114 144 4157 vero
168 4093 283 4155 domni
307 4091 524 4156 ALEXANDRI
546 4093 607 4156 ΡΡ.
631 4111 669 4155 111
691 4114 777 4157 anno
801 4095 909 4156 tertio.

231 4206 273 4255 Or.
300 4209 311 4267 l
315 4206 341 4256 C.
354 4207 379 4256 C.
399 4211 453 4273 27),
480 4208 513 4256 im
539 4207 652 4258 Arcltr'vio
681 4208 813 4272 capitolare
838 4223 867 4256 su
894 4207 990 4265 Lucca;
1017 4207 1142 4272 Absclers'st
1168 4205 1197 4255 G.
1232 4204 1301 4264 VIII,
1329 4205 1380 4253 243
1401 4210 1429 4267 p.
1461 4205 1519 4263 128,
1547 4203 1573 4252 in
1600 4202 1643 4252 der
1667 4201 1731 4252 Be'll.

70 4279 116 4329 Chi
135 4280 141 4292 “
207 4293 237 4326 ere
255 4279 325 4326 Rom.

110 4295 190 4345 W
230 4349 281 4410 Or„
302 4349 371 4415 Perg.
391 4350 450 4410 irat,
469 4350 504 4399 br.
524 4352 590 4410 0,62,
610 4351 669 4416 lang
687 4351 771 4410 0,r›32,
795 4356 869 4398 uram
886 4347 1066 4415 umgesclelagen
1085 4349 1169 4408 0,033,
1195 4349 1272 4396 durch
1290 4347 1347 4396 esaei
1363 4347 1455 4396 Ltrlesr
1468 4345 1526 4412 gell
1542 4345 1579 4394 tte
1596 4347 1731 4410 urrpn'ing·

64 4421 112 4470 del
130 4437 185 4470 rasa
202 4421 259 4469 arrd
275 4422 339 4486 gelle
357 4419 537 4481 Seidenrcknur,
565 4422 636 4470 deren
654 4421 777 4486 Bler'rr'egel
797 4422 937 4486 abgefallen,
962 4421 1018 4469 aber
1034 4420 1148 4470 erlsalten.
1184 4419 1292 4484 Fallung
1308 4419 1352 4468 der
1367 4419 1463 4468 Bullen.
1500 4416 1642 4481 Rr'ngkreus,
1673 4416 1732 4465 Um·

65 4493 154 4558 schrift
170 4493 226 4542 send
244 4492 406 4557 Uetersclers'st
428 4509 475 4541 van
496 4493 655 4542 rotlbrauner
671 4493 752 4553 Dinte,
780 4493 839 4540 dorla
861 4493 964 4540 ktnnten
981 4492 1116 4557 Ringkreus
1138 4492 1194 4539 send
1212 4490 1367 4554 beginnendes
1384 4491 1406 4538 E
1430 4505 1477 4537 van
1495 4495 1568 4536 etwas
1590 4487 1734 4536 schwererer

66 4565 147 4613 Hand
168 4565 225 4614 sein.
269 4565 318 4613 Van
331 4563 436 4629 gleicleer
452 4564 527 4613 Dinte
544 4565 599 4612 und
621 4565 724 4612 anderer
745 4565 807 4613 nale
824 4565 976 4612 verwandter
993 4563 1072 4612 Hand
1095 4565 1133 4612 als
1150 4564 1195 4611 das
1213 4561 1343 4624 Kanscript
1362 4560 1399 4610 rlr'e
1416 4561 1558 4624 Datis-ung,
1583 4561 1661 4608 raone
1688 4559 1732 4607 das

66 4636 92 4684 H
111 4635 252 4686 Hermarms
274 4635 351 4702 gles'ch
375 4634 562 4701 mr'tgrsckn'eben
587 4635 637 4684 sein
660 4635 753 4685 ktnnte.
790 4635 838 4684 Die
856 4635 1035 4700 Zeugmfimm
1058 4637 1106 4683 alle
1130 4649 1214 4684 asesser
1231 4633 1335 4698 Bs'sclsos
1351 4632 1443 4698 Gregar
1464 4632 1521 4680 und
1542 4632 1586 4680 der
1609 4629 1733 4698 Presbyter

67 4708 149 4756 Mart
163 4724 211 4756 von
229 4709 283 4757 eben
293 4708 368 4772 jener
385 4709 460 4756 Dinte
477 4707 533 4755 und
545 4708 616 4756 reltm
635 4706 738 4756 deutlich
755 4723 803 4755 von
816 4706 921 4772 gleicher
939 4705 1023 4756 Hand.

808 4989 875 5063 Nr.
905 4993 992 5064 201.

69 5123 252 5192 Alexander
273 5122 338 5187 III
365 5121 481 5186 nimmt
503 5121 565 5186 das
590 5119 721 5185 Kloster
748 5121 815 5185 San
839 5121 1007 5185 Frrettuoso
1030 5119 1088 5202 (D.
1114 5119 1259 5203 Genava)
1292 5121 1326 5183 in
1353 5117 1585 5202 apostolisclzen
1617 5115 1733 5180 Setun

458 5212 530 5276 und
549 5211 699 5294 bestdtlgrt
722 5213 809 5274 seire
831 5211 1065 5274 Besitatlrr'tmer
1085 5209 1154 5273 und
1173 5209 1290 5273 Rechte
1307 5211 1345 5286 ¹).

683 5316 946 5380 1162Mar216.
990 5315 1112 5380 Genua.

226 5433 420 5498 Alexander
442 5434 625 5517 episcopus,
648 5453 759 5497 servus
782 5453 949 5496 servorum
966 5432 1027 5505 dei,
1050 5431 1177 5495 dilectis
1197 5431 1271 5494 filiis
1286 5433 1392 5504 Petr0,
1416 5427 1526 5492 abbati
1544 5427 1733 5490 monasterii

69 5523 171 5589 sancti
194 5523 382 5600 Fructuosi,
413 5523 546 5603 eiusque
569 5523 739 5600 iratribus,
770 5529 837 5586 tam
867 5521 1072 5606 presentibus
1104 5541 1202 5603 quam
1234 5522 1355 5596 suturis,
1388 5521 1602 5583 monasticam
1633 5518 1733 5579 vitam

226 5669 252 5730 a)
271 5661 401 5716 Theodori
420 5666 506 5716 sancti.
525 5703 578 5710 .-
596 5666 632 5729 A)
655 5663 787 5714 Umstrtnde
809 5663 928 5731 ntitligten
949 5663 1012 5712 micls
1030 5661 1110 5722 leriler,
1135 5663 1181 5712 ders
1197 5661 1414 5726 Hauptk'a'rpertext
1428 5659 1472 5709 der
1487 5659 1555 5709 nicht
1567 5662 1730 5724 gans'sreven·

70 5740 171 5806 &saltere
188 5738 314 5803 Alselrlst
331 5739 374 5787 der
390 5738 453 5788 Br'bl.
477 5737 557 5786 Cabiro
575 5753 605 5784 sse
623 5737 769 5786 entrulemm.

120 5849 142 5878 v.
155 5835 449 5887 Plini-Hermus,
464 5833 520 5875 Acts
533 5835 576 5875 m.
1505 5819 1538 5871 ²'l
