4126 6356
320 315 381 394 176

314 509 497 582 spontanea
518 496 686 558 voluntate
709 493 923 567 renuntiastis,
952 501 987 553 ut
1009 491 1189 554 eorundem
1213 490 1500 555 instrumentorum
1523 492 1695 558 occasione
1718 498 1896 560 transactio
1922 494 1986 561 ista

315 589 402 652 nullo
437 597 585 666 ternpore
626 583 745 645 debeat
777 581 939 644 infirmari.
993 581 1053 656 Et,
1091 583 1117 643 si
1149 581 1297 644 canonici
1329 582 1483 645 adversus
1513 583 1597 644 hanc
1628 586 1884 649 transactionem
1916 587 1984 650 ullo

314 690 462 759 tempore
484 683 651 747 venerunt,
676 692 718 734 ex
740 682 818 733 tunc
842 671 903 752 ipsi
928 690 1060 732 censum
1077 671 1288 733 constitutum
1306 671 1465 745 amittant,
1488 682 1587 752 atque
1603 677 1837 738 monasterium
1853 689 1983 750 terram,

313 787 410 848 super
434 784 498 846 qua
521 762 559 824 lis
590 772 680 824 mota
703 771 761 835 est,
791 760 892 823 libere
915 769 1033 822 teneat.
1079 759 1113 823 Si
1136 781 1215 822 vero
1239 759 1391 822 monachi
1416 761 1568 824 adversus
1597 765 1853 828 transactionem
1885 767 1985 828 istam

314 857 423 937 aliquo
447 865 596 932 tempore
618 851 728 912 venire
750 850 990 931 temptaverint,
1019 869 1061 910 ex
1084 859 1161 912 tunc
1184 849 1332 911 canonici
1357 859 1462 911 totam
1486 850 1574 912 illam
1598 861 1725 928 terram,
1747 849 1752 939 Ι
1795 875 1895 935 super
1918 875 1986 935 qua

314 943 535 1008 controversia
558 950 649 1002 mota
672 939 775 1014 suerit,
800 939 900 1001 libere
925 932 970 1021 [et
993 934 1114 1022 quiet]e
1138 938 1289 1000 habeant.

525 1027 583 1113 (R)
607 1029 680 1109 Ego
703 1027 869 1090 Adrianus
892 1027 1051 1112 catholice
1075 1027 1211 1112 ecclesiq
1235 1027 1412 1109 episcopus
1435 1047 1476 1091 ss.
1502 1027 1566 1110 (M)

525 1153 569 1164 -
590 1117 610 1198 †
633 1119 706 1198 Ego
729 1116 838 1180 Guido
863 1117 1023 1198 presbiter
1046 1117 1218 1178 cardinalis
1242 1117 1290 1177 tit.
1314 1117 1417 1178 sancti
1442 1116 1617 1198 Grisogoni
1640 1140 1680 1180 ss.

525 1204 545 1289 †
568 1209 641 1288 Ego
664 1205 836 1268 Hubaldus
859 1206 1020 1287 presbiter
1042 1205 1214 1268 cardinalis
1237 1205 1284 1267 tit
1308 1215 1420 1268 sancte
1442 1206 1598 1269 Praxedis
1620 1229 1660 1270 ss.

524 1297 545 1374 Τ
568 1297 640 1377 Ego
664 1295 761 1357 Iulius
785 1295 945 1375 presbiter
968 1294 1139 1357 cardinalis
1163 1295 1209 1356 tit.
1234 1295 1337 1356 sancti
1362 1295 1506 1357 Marcelli
1529 1317 1570 1358 ss

524 1386 545 1464 †
567 1386 640 1465 Ego
664 1384 838 1446 Hubaldus
861 1383 1021 1465 presbiter
1044 1382 1216 1446 cardinalis
1238 1384 1285 1446 tit.
1309 1393 1420 1446 sancte
1444 1383 1555 1447 Crucis
1578 1385 1610 1447 in
1633 1385 1807 1448 Ierusalem
1830 1407 1872 1448 ss.

524 1475 545 1553 †
568 1475 640 1555 Ego
664 1472 847 1535 Bernardus
870 1473 1031 1554 presbiter
1054 1472 1226 1535 cardinalis
1248 1473 1297 1535 tit.
1321 1473 1424 1536 sancti
1449 1468 1649 1559 Cl[ementis]
1673 1496 1713 1537 ss.

525 1558 545 1644 †
569 1561 641 1644 Ego
666 1563 864 1626 Octavianus
887 1562 1048 1642 presbiter
1071 1562 1243 1624 cardinalis
1266 1561 1313 1623 tit.
1337 1571 1449 1624 sancte
1473 1561 1593 1625 Cecilie
1615 1584 1655 1625 ss.

524 1651 640 1732 †Ego
664 1651 827 1714 Gerardus
849 1651 1010 1732 presbiter
1037 1651 1209 1713 cardinalis
1233 1650 1280 1712 tit.
1311 1653 1415 1713 sancti
1439 1647 1599 1733 Stephani
1630 1652 1662 1714 in
1687 1651 1777 1715 Celio
1802 1663 1918 1714 monte
1942 1674 1986 1715 ss.

523 1739 544 1820 †
567 1740 639 1821 Ego
655 1739 816 1802 lohannes
829 1740 989 1821 presbiter
1004 1740 1176 1802 cardinalis
1191 1749 1378 1802 sanctorum
1390 1738 1544 1802 Iohannis
1556 1751 1589 1804 et
1601 1741 1689 1803 Pauli
1703 1742 1750 1803 tit.
1762 1741 1930 1804 Pamachii
1943 1763 1986 1804 ss.

524 1831 545 1908 †
568 1831 641 1911 Ego
664 1830 824 1891 Henricus
846 1829 1008 1910 presbiter
1031 1829 1201 1891 cardinalis
1223 1829 1272 1890 tit.
1296 1839 1482 1891 sanctorum
1506 1830 1603 1892 Nerei
1627 1841 1660 1892 et
1682 1830 1823 1893 Achillei
1846 1851 1888 1892 ss

525 1915 545 2000 †
569 1917 641 2000 Ego
665 1918 827 1980 Iohannes
850 1918 1010 2000 presbiter
1032 1918 1205 1980 cardinalis
1228 1918 1275 1980 tit.
1299 1929 1485 1980 sanctorum
1510 1915 1655 1982 Silvestri
1679 1929 1712 1982 et
1736 1920 1868 1982 Martini
1891 1941 1937 1982 ss.

525 2043 567 2052 —
589 2009 610 2090 †
633 2008 705 2088 Ego
730 2007 806 2071 Odo
832 2007 988 2070 diaconus
1011 2006 1183 2069 cardinalis
1206 2007 1308 2070 sancti
1333 2003 1474 2092 Gesslorgii
1498 2008 1540 2070 ad
1564 2009 1682 2071 Velurn
1707 2028 1839 2071 aureum
1863 2029 1903 2072 ss

524 2098 544 2174 †
567 2098 640 2177 Ego
664 2095 772 2160 Guido
797 2097 954 2158 diaconus
977 2096 1149 2158 cardinalis
1172 2105 1284 2158 sancte
1308 2097 1410 2158 Marie
1434 2099 1466 2158 in
1488 2097 1618 2160 Porticu
1640 2117 1681 2160 ss.

523 2184 639 2267 †Ego
664 2185 742 2248 Odo
773 2186 929 2248 diaconus
960 2185 1132 2247 cardinalis
1164 2185 1267 2248 sancti
1296 2184 1448 2247 Nicholai
1479 2187 1511 2248 in
1544 2206 1671 2249 carcere
1694 2186 1847 2249 Tulliano
1871 2208 1913 2249 ss
1938 2183 1987 2270 (7)

470 2273 546 2336 Dat.
562 2273 749 2350 Beneventi,
773 2294 832 2355 per
847 2294 978 2337 manum
994 2275 1145 2350 Rolandi,
1169 2285 1281 2336 sancte
1296 2275 1447 2336 Romane
1463 2275 1598 2338 ecclesie
1614 2275 1784 2358 presbiteri
1809 2277 1988 2338 cardinalis

313 2373 345 2424 et
376 2363 565 2426 cancellarii.
611 2375 635 2422 v
657 2364 702 2426 Id.
727 2364 794 2425 Iun.
839 2364 1021 2426 lndictione
1052 2380 1110 2425 1111.
1155 2363 1391 2426 Incarnationis
1421 2364 1586 2426 dominice
1617 2385 1702 2428 anno
1734 2377 1854 2428 MCLVI.
1899 2365 1986 2427 Pon-

313 2451 453 2515 tificatus
475 2473 553 2514 vero
578 2454 690 2515 domni
713 2452 873 2515 ADRIANI
895 2451 956 2515 ΡΡ.
980 2469 1032 2513 1111
1054 2472 1141 2514 anno
1164 2453 1319 2516 secundo
1343 2489 1386 2498 —

475 2567 516 2616 Or.
537 2567 801 2632 (Prtrnk-Mittelbulle)
821 2565 868 2614 Nr.
887 2567 936 2614 591
956 2565 1023 2629 (oder
1040 2567 1110 2630 599),
1129 2565 1162 2614 r'm
1180 2566 1294 2614 Archivr'o
1316 2567 1449 2630 Capitolare
1466 2583 1495 2615 zu
1516 2567 1587 2615 Pisa.

474 2638 542 2704 Perg.
562 2639 621 2699 ital,
640 2639 675 2687 br.
695 2639 764 2698 0,59‚
782 2639 843 2702 lang
859 2639 943 2697 ΟΜ,
963 2644 1036 2686 unten
1056 2639 1116 2696 0,03
1139 2638 1329 2703 umgeschlagen,
1354 2638 1432 2686 durch
1451 2638 1508 2686 uoci
1524 2637 1615 2687 delrrr
1632 2637 1693 2703 ging
1714 2637 1750 2686 die
1768 2638 1874 2699 Schmrr,
1899 2639 1990 2688 welche

313 2706 357 2756 mit
373 2708 425 2758 dem
445 2709 569 2776 Bler'n'egrl
582 2713 697 2760 verlrren.
733 2709 842 2774 Foltung
858 2710 901 2757 der
918 2709 1013 2757 Bullen.
1050 2708 1109 2756 Nur
1125 2709 1249 2758 Adrianus
1266 2711 1292 2758 in
1310 2710 1354 2758 der
1376 2717 1451 2759 erstrn
1470 2709 1531 2758 Zeile
1548 2712 1574 2759 r'n
1594 2709 1737 2774 gertrecklen
1755 2711 1917 2770 Buchrtabrn,
1943 2713 1990 2759 nri!

312 2781 435 2830 vmierter
453 2781 543 2842 Initale,
564 2781 607 2830 dar
629 2781 726 2846 b'ebrr'ge
743 2782 769 2830 in
782 2797 878 2846 grosser
894 2779 1075 2843 Brevenschrr'ft
1097 2780 1248 2846 ausgesttlrr.
1286 2781 1344 2829 Blor
1368 2781 1413 2829 dar
1434 2783 1480 2829 den
1505 2781 1609 2830 Krmtm
1632 2781 1767 2830 einlrirmde
1791 2781 1809 2830 S
1833 2783 1986 2848 dopprllim'g,

312 2859 378 2901 rrrrst
396 2854 461 2902 keine
480 2852 619 2919 Majuskern
638 2855 725 2912 betoni,
750 2851 853 2902 mehrerr
870 2851 965 2900 Nomen
988 2851 1046 2899 sr'rrd
1060 2851 1086 2900 in
1112 2852 1255 2917 haltrangm
1273 2851 1424 2902 Burhstabrn
1439 2853 1597 2917 grsclm'rben.
1634 2853 1683 2901 Die
1701 2853 1813 2918 Stellung
1828 2854 1870 2902 des
1887 2854 1987 2917 Harr-

312 2923 408 2988 kr'rpers
426 2926 456 2974 ist
479 2925 516 2973 die
532 2926 576 2974 der
592 2925 689 2983 Bullen,
716 2939 763 2972 von
782 2925 825 2972 der
839 2923 920 2972 linter
938 2923 1018 2972 Κακία
1037 2925 1122 2983 oon,
1150 2939 1198 2972 von
1216 2924 1259 2973 der
1282 2923 1375 2973 rechten
1394 2926 1472 2984 0,05,·
1495 2925 1551 2973 olen
1575 2925 1658 2974 wurdt
1681 2923 1719 2973 ein
1743 2925 1891 2974 schmri'lerrr
1907 2926 1988 2974 aad

309 2998 424 3059 gelassen,
448 3011 474 3045 er
497 2996 564 3045 misst
587 2996 622 3046 bh
644 3013 689 3044 rur
710 3003 785 3044 ersten
808 2996 879 3044 Lim'e
902 3011 952 3044 nrrr
970 2995 1056 3053 0‚036,
1082 2994 1118 3044 die
1135 2995 1230 3045 Inr'tr'alr
1247 2995 1322 3044 reicit
1343 2995 1396 3044 hier
1404 2997 1464 3060 fast
1480 2996 1515 3043 bis
1538 3012 1571 3044 arr
1590 2996 1627 3044 die
1643 2996 1732 3044 Kante.
1770 2998 1817 3045 Die
1835 2998 1900 3046 lerzre
1920 2997 1987 3046 Zeile

312 3067 417 3117 schlr'rsrt
432 3067 464 3116 im
483 3075 558 3117 ersten
575 3069 672 3116 Drr'ltel.
709 3069 785 3116 Amen
795 3067 887 3132 feklerr.
925 3065 1060 3130 Linir'rung
1077 3067 1133 3114 und
1151 3067 1379 3132 Untersertr'gungrn
1397 3067 1455 3116 sind
1466 3083 1530 3131 ganz
1549 3067 1623 3116 denen
1640 3067 1684 3116 der
1699 3067 1787 3116 Bullrn
1805 3068 1986 3131 entspreckend.

311 3138 447 3204 Ringkreur
467 3139 523 3188 und
541 3139 704 3204 Untersrlrrist
722 3155 769 3187 von
783 3138 887 3202 gleichrr
904 3138 1007 3186 dunkler
1023 3138 1105 3187 Dinte.
1142 3139 1269 3204 Datirung
1286 3138 1352 3187 wohl
1366 3153 1420 3187 vom
1437 3138 1732 3202 Harrptk'r'rprrsrlrreiber,
1758 3140 1818 3187 doch
1835 3141 1863 3188 in
1882 3140 1988 3188 Bulla-

311 3210 405 3275 srhrr'ft,
423 3211 451 3259 ob
468 3211 491 3260 R
509 3211 617 3260 Rolandr
639 3211 819 3276 nachgetragem
844 3209 1035 3259 unbestr'mmbar.
1074 3209 1121 3258 Die
1142 3209 1320 3276 ngrnfirmen
1342 3209 1400 3258 rirrd
1420 3226 1475 3258 rum
1497 3225 1595 3275 grosseti
1617 3210 1694 3260 Ther'le
1717 3227 1764 3260 vrrs
1782 3210 1826 3260 der
1842 3211 1986 3260 ndmlr'rken

312 3283 392 3331 Hand
406 3283 462 3332 und
477 3273 557 3341 Dirite,
575 3282 652 3332 sicher
668 3283 705 3332 dir
722 3289 797 3330 ersten
814 3284 832 3330 4
851 3281 979 3347 Presbyter.
1017 3281 1105 3330 Durch
1123 3281 1284 3347 Fruchtigkrit
1299 3282 1343 3330 liat
1360 3282 1397 3330 die
1418 3282 1535 3331 Urkunde
1550 3281 1654 3347 gelitten.

1053 3593 1119 3667 ΝΥ.
1153 3597 1238 3670 166.

311 3725 465 3792 Hadrian
482 3725 542 3789 IV
556 3726 672 3789 nimmt
692 3725 746 3789 die
760 3724 957 3790 Domkirclze
978 3747 1038 3789 von
1065 3723 1198 3789 Vercellz'
1222 3728 1255 3790 r'n
1274 3725 1502 3810 apostolzrchen
1519 3693 1634 3792 §chuta
1655 3726 1725 3790 und
1737 3725 1888 3809 bestdtr'gt
1909 3726 1987 3790 ihre

916 3813 1152 3878 Besr'tztlulmer
1165 3816 1237 3878 und
1249 3816 1377 3880 Rechte.

894 3949 977 4011 1156
988 3947 1224 4011 December27.
1246 3949 1396 4012 Lateran.

469 4080 634 4144 Adrianus
658 4082 841 4163 episcopus
865 4101 976 4144 servus
999 4100 1165 4143 servorum
1189 4081 1250 4158 dei,
1276 4083 1401 4145 dilectis
1424 4082 1497 4145 filiis
1519 4083 1624 4157 Petr0,
1650 4081 1882 4144 archidiacono
1900 4077 1986 4145 Ver-

311 4171 438 4246 cellino,
468 4171 637 4251 preposito
669 4189 847 4250 eorumque
878 4170 1038 4245 fratribus,
1073 4171 1238 4233 canonicis
1260 4168 1477 4234 Vercellensis
1500 4171 1645 4246 ecclesie,
1676 4181 1743 4232 tarn
1775 4171 1985 4252 presentibus

312 4280 409 4341 quam
433 4259 554 4332 suturis,
579 4259 735 4321 canonice
759 4259 1001 4334 substituendis,
1025 4271 1063 4320 ΙΝ
1078 4270 1155 4320 ΡΡΜ.
1180 4295 1223 4305 -
1246 4261 1407 4323 Effectum
1432 4262 1515 4324 iusta
1537 4259 1778 4342 postulantibus
1801 4260 1984 4341 indulgere,

311 4359 344 4411 et
366 4350 460 4428 vigor
482 4349 633 4428 equitatis
656 4358 690 4409 et
719 4348 800 4409 ordo
833 4348 936 4428 exigit
966 4348 1108 4424 rationis,
1141 4351 1311 4430 presertim
1344 4350 1476 4431 quando
1507 4351 1688 4430 petentium
1719 4349 1925 4412 voluntatem
1949 4361 1985 4412 et

311 4439 416 4519 pictas
439 4436 571 4498 adiuvat
594 4445 627 4498 et
648 4437 766 4498 veritas
790 4456 855 4498 non
879 4437 1039 4519 relinquit
1087 4437 1258 4518 Quocirca,
1291 4439 1400 4501 dilecti
1431 4441 1463 4502 in
1495 4439 1631 4501 domino
1655 4437 1720 4512 filii,
1751 4441 1866 4500 vestris
1888 4439 1983 4502 iustis

309 4525 585 4608 postulationibus
609 4525 786 4588 clementer
808 4527 979 4589 annuimus
1002 4534 1036 4588 et
1056 4525 1143 4589 beati
1162 4526 1294 4590 Eusebii
1315 4528 1495 4602 ecclesiam,
1519 4529 1551 4590 in
1576 4547 1641 4608 qua
1665 4527 1776 4590 divino
1800 4529 1982 4608 mancipati

310 4616 387 4678 estis
409 4613 579 4695 obsequio,
610 4615 878 4695 predecessorum
910 4626 1104 4690 nostrorum,
1136 4615 1237 4678 felicis
1270 4618 1426 4680 memorie
1449 4617 1635 4680 Innocencii
1654 4614 1686 4700 ¹),
1719 4616 1874 4679 Celestini
1890 4613 1918 4700 ⁸)
1949 4627 1984 4680 et

310 4704 448 4784 Eugenii
466 4701 500 4786 ⁵),
530 4704 755 4766 Romanorum
783 4705 985 4784 pontificum,
1016 4705 1162 4786 vestigiis
1186 4704 1378 4781 inherentes,
1409 4707 1469 4769 sub
1493 4706 1582 4769 beati
1604 4706 1690 4768 Petri
1714 4714 1748 4768 et
1770 4715 1883 4768 nostra
1906 4725 1981 4787 pro-

310 4795 452 4856 tectione
482 4793 674 4874 suscipimus
705 4800 737 4855 et
766 4795 925 4874 presentis
948 4794 1060 4876 scripti
1092 4794 1263 4876 privilegio
1295 4796 1541 4858 communimus
1587 4794 1785 4868 Statuentes,
1820 4803 1855 4857 ut
1886 4815 1982 4876 quas·

311 4902 449 4962 cumque
473 4883 704 4963 possessiones,
729 4901 934 4964 quecumque
956 4883 1045 4946 bona
1069 4883 1186 4945 eadem
1209 4884 1346 4946 ecclesia
1370 4884 1402 4946 in
1418 4885 1652 4966 presentiarum
1674 4885 1757 4946 iuste
1772 4891 1806 4946 et
1821 4885 1982 4947 canonice

310 4971 458 5052 possidet
474 4978 528 5032 aut
548 4972 581 5034 in
601 4971 741 5034 futurum
758 4973 969 5034 concessione
984 4971 1185 5054 pontificum,
1211 4973 1382 5054 largitione
1398 4993 1510 5056 regum
1526 4972 1577 5036 vel
1594 4973 1787 5055 principum,
1809 4973 1982 5036 oblatione

310 5059 453 5123 fidelium
477 5080 533 5121 seu
556 5060 626 5123 aliis
649 5061 741 5123 iustis
764 5061 879 5136 modis,
906 5071 1073 5142 prestante
1096 5061 1241 5137 domino,
1265 5064 1387 5144 poterit
1409 5063 1555 5144 adipisci,
1579 5062 1672 5125 firma
1687 5063 1782 5125 vobis
1797 5063 1982 5143 vestrisque

310 5148 550 5212 successoribus
583 5157 615 5212 et
651 5150 777 5214 illibata
806 5161 1029 5232 permaneant.
1082 5151 1118 5212 In
1151 5151 1268 5231 quibus
1298 5151 1359 5214 hec
1388 5152 1530 5234 propriis
1569 5152 1722 5215 duximus
1761 5153 1981 5233 exprimenda

309 5237 493 5301 vocabulis:
533 5239 702 5301 ecclesiam
734 5240 836 5302 sancti
861 5237 1013 5303 Germani
1044 5240 1076 5302 in
1107 5239 1300 5322 Ledignana
1330 5261 1404 5303 curn
1436 5242 1570 5304 decimis
1599 5251 1632 5304 et
1660 5241 1874 5323 pertinenciis
1906 5242 1980 5316 suis,

310 5327 481 5390 ecclesiam
504 5328 607 5390 sancti
632 5324 790 5409 Stephani
815 5329 847 5391 in
867 5325 894 5412 ³)
917 5329 1138 5392 Roncharolio
1162 5349 1236 5392 cum
1260 5330 1395 5393 decimis
1418 5340 1452 5394 et
1474 5331 1682 5413 pertinenciis
1705 5331 1780 5404 suis,
1806 5331 1980 5393 ecclesiam

308 5425 493 5480 sanctorum
518 5412 650 5496 Quiricii
682 5426 715 5479 et
738 5417 829 5480 lulite
860 5419 894 5480 in
926 5420 1089 5500 Ociningo
1123 5437 1195 5480 cum
1227 5419 1363 5482 decimis
1395 5430 1429 5482 et
1460 5420 1667 5502 pertinenciis
1697 5420 1772 5494 suis,
1806 5420 1982 5482 ecclesiam

312 5699 346 5746 17
364 5699 387 5746 Α
423 5696 439 5746 ,Ι
454 5627 606 5747 ΙΕῙᾺΜΨ
627 5627 702 5692 mill?
724 5629 765 5678 de·
808 5631 890 5697 ΑΙ)
912 5627 990 5696 ἵαῶἷ,
1017 5632 1076 5694 Reg.
1095 5633 1171 5680 6852.
1263 5633 1289 5696 2)
1313 5631 1373 5680 Urre.
1390 5647 1444 5680 vom
1467 5636 1479 5681 1
1500 5631 1605 5697 Januar
1627 5633 1695 5679 1144.
1788 5635 1817 5694 3)
1839 5629 1900 5681 tr'rk.
1927 5647 1982 5681 m

383 5705 425 5761 lm
523 5735 529 5750 ·
