4090 6358
1679 345 1715 419 31

50 543 254 606 quecumque
283 524 370 588 bona
402 524 518 588 eadem
552 519 691 587 ecclesia
722 524 754 586 in
778 523 1031 607 praesentiarum
1063 525 1147 588 iuste
1177 530 1211 588 et
1240 525 1396 589 canonice
1428 525 1589 607 possidet,
1627 526 1719 590 firma

48 613 140 676 vobis
163 616 347 693 vestrisque
370 613 613 677 successoribus
637 621 670 676 et
701 611 824 677 illibata
854 623 1077 697 permaneant.
1122 614 1159 676 ln
1190 615 1307 697 quibus
1339 615 1421 678 haec
1454 619 1629 698 praecipue
1660 637 1719 680 nos

47 702 196 767 duximus
223 704 445 785 exprimenda,
468 703 622 767 videlicet
645 701 817 766 ecclesiam
833 706 937 768 sancti
953 703 1081 768 Ioannis
1103 704 1145 766 de
1166 711 1273 767 castro
1288 703 1453 768 Albanino
1470 724 1544 767 cum
1568 705 1719 769 omnibus

48 793 86 853 ad
109 813 183 855 eam
208 793 451 874 pertinentibus,
483 801 517 854 et
541 812 625 874 quae
653 788 781 854 habetis
806 794 837 856 in
861 797 1055 876 pertinentia
1079 793 1224 857 eiusdem
1248 794 1352 868 castri,
1375 794 1407 856 in
1430 794 1530 869 terris,
1560 795 1663 857 vineis
1686 804 1720 859 et

47 880 152 962 sylvis,
180 882 354 945 ecclesiam
377 883 482 946 sancti
498 881 664 945 Laurentii
688 881 731 944 de
754 892 861 946 castro
878 883 1005 947 Buione
1029 903 1102 946 cum
1120 883 1271 946 omnibus
1287 884 1491 964 pertinentiis
1511 883 1584 960 suis,
1608 892 1718 958 terras,

47 972 153 1034 vineas
177 979 212 1034 et
234 970 354 1052 sylvas,
378 991 460 1052 quas
483 973 515 1034 in
538 973 703 1035 territorio
728 971 872 1035 eiusdem
897 975 993 1037 castri
1016 972 1154 1049 habetis,
1178 973 1349 1035 ecclesiam
1373 982 1505 1036 sanctae
1529 972 1653 1036 Mariae
1676 974 1719 1036 de

45 1057 177 1122 Visiano
201 1080 275 1123 cum
299 1061 401 1136 terris,
432 1061 536 1124 vineis
568 1069 601 1125 et
631 1061 731 1141 sylvis
763 1070 795 1124 et
827 1061 978 1125 omnibus
1009 1073 1077 1125 tam
1105 1061 1281 1125 mobilibus
1304 1082 1403 1143 quam
1426 1061 1653 1125 immobilibus
1676 1064 1717 1124 ad

46 1169 113 1212 eam
131 1151 384 1232 pertinentibus,
407 1149 577 1213 ecclesiam
594 1151 696 1213 sancti
712 1150 876 1214 Anastasii
892 1153 934 1214 de
949 1150 1170 1225 Lumbriceto,
1190 1159 1223 1212 et
1239 1150 1317 1230 quid
1332 1149 1460 1213 habetis
1476 1153 1507 1214 in
1524 1152 1718 1232 pertinentia

46 1238 146 1320 plebis
170 1241 274 1302 sancti
296 1238 388 1302 Pauli
412 1247 445 1302 et
469 1241 500 1302 in
524 1247 632 1303 castro
656 1238 802 1303 Cisterna
833 1249 866 1303 et
896 1241 927 1303 in
959 1239 1160 1323 pertinentiis
1191 1240 1269 1315 eius,
1301 1240 1472 1304 ecclesiam
1504 1241 1607 1302 sancti
1632 1239 1718 1304 Petri

46 1327 84 1390 de
104 1327 253 1392 Collibus
276 1348 350 1391 cum
374 1331 477 1405 terris,
501 1330 614 1404 vineis,
636 1328 724 1392 silvis
747 1338 780 1392 et
804 1330 957 1393 omnibus
980 1329 1022 1393 ad
1047 1350 1120 1393 eam
1144 1328 1390 1412 pertinentibus,
1415 1327 1595 1405 ecclesiam,
1620 1349 1717 1409 quam

47 1415 170 1480 habetis
204 1418 236 1480 in
266 1425 373 1482 castro
403 1418 506 1482 sancti
537 1416 665 1482 Gemini
696 1419 747 1481 vel
778 1418 873 1481 titulo
903 1419 979 1484 eius.
1035 1416 1271 1500 Quaecumque
1302 1426 1472 1501 praeterea
1502 1419 1533 1481 in
1567 1418 1717 1495 futurum,

46 1507 202 1588 largiente
226 1508 300 1583 deo,
323 1507 536 1571 concessione
560 1506 763 1590 pontificum,
786 1507 977 1571 liberalitate
1002 1529 1124 1592 regum,
1151 1507 1301 1590 largitate
1325 1509 1518 1591 principum,
1550 1507 1719 1572 oblatione

46 1594 187 1658 fidelium
213 1615 270 1659 seu
293 1595 362 1660 aliis
385 1599 478 1660 iustis
501 1596 609 1660 modis
636 1598 786 1679 poteritis
817 1597 962 1680 adipisci,
993 1599 1118 1680 integra
1147 1597 1242 1660 vobis
1275 1604 1308 1661 et
1339 1596 1462 1661 illibata
1494 1606 1719 1679 permaneant,

46 1683 127 1748 salva
143 1687 326 1749 reverentia
342 1684 532 1749 Narniensis
549 1687 705 1769 episcopi.
736 1686 950 1750 Decernimus
966 1707 1054 1770 ergo,
1079 1696 1114 1749 ut
1137 1684 1229 1749 nullis
1253 1685 1422 1750 hominum
1440 1685 1545 1760 liceat,
1568 1687 1718 1750 eamdem

47 1775 213 1838 ecelesiam
240 1783 363 1838 temere
380 1775 572 1858 perturbare
594 1783 651 1838 aut
671 1776 738 1839 eius
755 1777 997 1859 possessionem
1023 1775 1150 1839 auferre
1173 1774 1225 1839 vel
1245 1775 1370 1839 ablatas
1395 1777 1548 1850 retinere,
1572 1779 1718 1839 minuere

46 1863 92 1926 vel
115 1865 298 1927 temerariis
321 1865 551 1929 vexationibus
574 1863 717 1946 fatigare,
748 1866 807 1929 sed
838 1867 948 1929 omnia
971 1867 1096 1946 integre
1121 1873 1351 1928 conserventur
1374 1872 1440 1928 tam
1463 1867 1588 1940 vestris,
1620 1884 1717 1945 quam

47 1973 223 2035 pauperum
258 1953 370 2017 usibus
404 1953 583 2038 profutura.
630 1953 745 2018 Nullus
776 1965 884 2019 autem
918 1955 963 2018 ibi
994 1956 1170 2018 canonicus
1201 1955 1416 2018 constituatur
1446 1953 1571 2035 absque
1603 1955 1719 2036 prioris

47 2051 76 2104 et
97 2041 234 2106 fratrum
253 2043 284 2125 a)
312 2045 478 2107 communi
509 2063 652 2107 assensu.
699 2041 734 2107 Si
767 2064 832 2124 qua
864 2046 960 2126 igitur
993 2045 1025 2106 in
1056 2052 1225 2127 postemm
1256 2042 1474 2107 ecclesiastica
1504 2043 1719 2109 saecularisve

48 2151 190 2212 persona,
215 2131 299 2195 hanc
322 2141 453 2196 nostrae
478 2134 716 2196 constitutionis
741 2135 891 2216 paginam
920 2135 1042 2208 sciens,
1073 2141 1186 2196 contra
1217 2152 1289 2195 earn
1320 2140 1444 2195 temere
1475 2135 1583 2196 venire
1615 2141 1718 2216 temp-

46 2223 165 2298 taverit,
188 2223 335 2285 secundo
359 2225 497 2286 tertiove
521 2223 728 2298 commonita,
752 2223 777 2284 si
802 2244 866 2286 non
889 2221 1089 2300 satisfecerit,
1113 2242 1259 2304 congrua
1282 2223 1521 2296 emendatione,
1545 2225 1719 2303 potestatis

48 2309 242 2391 honorisque
264 2315 314 2374 sui
329 2312 490 2394 dignitate
506 2320 615 2375 careat
638 2331 792 2392 reamque
811 2333 848 2374 se
864 2311 973 2375 divino
996 2312 1114 2375 iudicio
1132 2312 1271 2374 existere
1287 2310 1330 2374 de
1346 2319 1533 2394 perpetrata
1549 2312 1719 2392 iniquitate

48 2408 232 2481 cognoscat,
264 2409 296 2463 et
326 2422 346 2462 a
376 2403 594 2464 sacratissimo
627 2421 767 2484 corpore
799 2410 831 2465 et
861 2401 1017 2484 sanguine
1049 2401 1102 2464 dei
1134 2421 1172 2463 ac
1205 2400 1337 2476 domini,
1369 2401 1585 2481 redemptoris
1618 2403 1718 2464 nostri

49 2487 114 2551 lesu
137 2487 267 2563 Christi,
298 2489 402 2553 aliena
432 2488 497 2565 fiat,
528 2498 627 2572 atque
651 2491 684 2552 in
706 2499 839 2554 aeterno
864 2491 1012 2553 examine
1039 2491 1203 2553 districtae
1227 2489 1340 2552 ultioni
1364 2490 1538 2553 subiaceat.
1585 2489 1719 2554 Cunctis

50 2588 160 2655 autem,
192 2578 301 2643 eidem
332 2578 491 2643 ecclesiae
519 2581 604 2642 iusta
627 2580 838 2654 servantibus,
872 2582 915 2642 sit
938 2600 1006 2662 pax
1028 2579 1153 2642 domini
1177 2580 1278 2642 nostri
1301 2578 1373 2641 Iesu
1399 2578 1527 2654 Christi,
1558 2587 1718 2661 quatenus

51 2666 150 2731 ethic
173 2667 317 2732 fructum
340 2669 449 2732 bonae
472 2670 610 2732 actionis
641 2670 821 2752 percipiant
845 2677 878 2732 et
900 2670 988 2752 apud
1013 2670 1195 2732 districtum
1225 2668 1366 2731 iudicem
1400 2668 1544 2751 praemia
1566 2677 1718 2732 aeternae

51 2759 132 2838 pacis
155 2760 331 2822 inveniant.
378 2757 496 2822 Amen.
520 2757 637 2820 Amen.
1098 2805 1101 2810 .

257 2847 357 2930 (Ego)
382 2846 547 2910 Honorius
571 2846 752 2911 catholicae
776 2847 932 2911 ecclesiae
956 2847 1138 2930 episcopus.

256 2937 328 3019 Ego
351 2939 466 3001 Petms
489 2937 678 3000 Portuensis
701 2940 887 3021 episcopus.

255 3027 329 3109 Ego
352 3025 490 3108 Egidius
515 3025 715 3088 Tusculanus
739 3028 924 3111 episcopus.

255 3117 329 3198 Ego
352 3114 491 3191 Ioannes
516 3113 679 3179 Ostiensis
702 3118 888 3198 episcopus.

256 3205 328 3287 Ego
352 3202 546 3269 Chunradus
564 3203 596 3289 b)
620 3202 809 3268 Sabinensis
833 3207 1017 3290 episcopus.

255 3294 328 3378 Ego
353 3293 423 3358 GG.
447 3292 661 3377 (Gregorius)ยน
677 3294 840 3378 presbiter
862 3294 1043 3360 cardinalis.
1066 3295 1113 3358 tit.
1137 3291 1386 3377 Apostolorum.

254 3384 327 3466 Ego
350 3383 513 3448 Iohannes
536 3383 698 3466 presbiter
721 3385 766 3447 tit.
790 3387 894 3448 sancti
918 3383 1097 3466 Crisogoni.

255 3471 328 3556 Ego
353 3474 490 3537 loannes
515 3474 692 3556 (presbiter
714 3474 885 3538 cardinalis
908 3483 1020 3538 sancte
1043 3472 1188 3550 Cecilie).

255 3562 328 3646 Ego
352 3561 537 3626 Deusdedit
560 3563 733 3626 cardinalis
758 3564 921 3647 presbiter
944 3565 993 3627 tit.
1017 3565 1119 3626 sancti
1143 3561 1318 3626 Laurentii.

256 3651 328 3734 Ego
352 3651 442 3716 Saxo
463 3653 492 3735 c)
517 3651 689 3715 cardinalis
714 3653 877 3735 presbiter
899 3653 945 3716 tit.
969 3654 1073 3716 sancti
1098 3650 1267 3734 Stephani.

256 3739 328 3824 Ego
352 3741 466 3804 Petrus
490 3740 661 3804 cardinalis
685 3743 846 3825 presbiter
870 3743 916 3805 tit.
940 3751 1071 3805 sanctae
1097 3742 1247 3822 martyris
1271 3737 1447 3803 Susannae.

256 3829 329 3913 Ego
351 3829 541 3893 Desiderius
566 3830 727 3914 presbiter
752 3831 923 3895 cardinalis
947 3833 995 3894 tit.
1018 3840 1150 3895 sanctae
1173 3830 1340 3894 Praxedis.

255 3919 328 4002 Ego
351 3920 466 3983 Petrus
489 3920 652 4002 presbiter
676 3922 847 3984 cardinalis
870 3923 919 3984 tit.
942 3923 1045 3984 sancti
1070 3919 1197 3983 Calixti.

255 4008 328 4091 Ego
351 4009 464 4072 Petrus
488 4009 650 4092 presbiter
672 4009 840 4072 cardinalis
862 4011 910 4074 tit.
935 4013 1038 4074 sancti
1063 4011 1203 4073 Martini.

255 4097 328 4180 Ego
351 4099 465 4161 Petrus
489 4098 652 4181 presbiter
675 4097 844 4162 cardinalis
867 4099 969 4163 sancti
992 4099 1148 4162 Marcelli.

255 4185 327 4270 Ego
352 4187 461 4270 Sigizo
482 4186 513 4270 d)
538 4189 700 4271 presbiter
723 4188 894 4252 cardinalis
917 4191 965 4252 tit.
989 4191 1093 4254 sancti
1116 4187 1219 4269 Xysti.

255 4274 327 4358 Ego
352 4275 497 4341 Ubertus
521 4278 683 4361 presbiter
706 4278 878 4342 cardinalis
902 4280 950 4341 tit.
973 4279 1076 4342 sancti
1100 4277 1284 4342 Clementis.

255 4363 328 4448 Ego
353 4363 495 4451 (Petrus)
521 4366 683 4450 presbiter
705 4367 879 4431 cardinalis
902 4379 1036 4432 sanctae
1060 4366 1263 4431 Anastasiae.

254 4455 327 4538 Ego
352 4453 423 4519 GG.
448 4453 653 4540 (Gregorius)
677 4457 839 4539 presbiter
861 4457 1034 4521 cardinalis
1058 4460 1106 4520 tit.
1129 4465 1261 4521 sanctae
1285 4455 1451 4520 Balbinae.

255 4542 327 4627 Ego
353 4543 529 4627 Gregorius
553 4547 657 4609 sancti
680 4544 803 4627 Angeli
828 4547 987 4611 diaconus
1010 4546 1193 4610 cardinalis.

254 4635 326 4716 Ego
352 4632 532 4716 Gregorius
555 4636 714 4699 diaconus
738 4635 909 4699 cardinalis
932 4645 1119 4700 sanctorum
1144 4633 1248 4718 Sergii
1272 4633 1459 4698 etBacchi.

254 4722 326 4805 Ego
350 4723 489 4787 loannes
513 4724 670 4788 diaconus
695 4725 867 4788 cardinalis
890 4728 939 4788 tit.
961 4727 1065 4788 sancti
1088 4723 1217 4788 Nicolai
1242 4727 1274 4788 in
1298 4723 1446 4788 Carcere.

253 4812 326 4895 Ego
350 4813 516 4877 Gutardus
540 4814 711 4877 cardinalis
734 4815 781 4878 tit.
804 4822 992 4878 sanctorum
1015 4813 1136 4897 Angeli
1160 4823 1193 4878 et
1217 4812 1353 4877 Priscae.

197 4901 322 4966 Datum
359 4902 529 4979 Laterani,
571 4923 631 4986 per
664 4924 777 4967 manus
812 4902 986 4980 Almerici,
1020 4911 1153 4967 sanctae
1187 4905 1356 4968 Romanae
1391 4899 1549 4965 ecclesiae
1588 4902 1716 4966 diaconi

53 4987 208 5055 cardinalis
249 5000 282 5055 et
313 4992 506 5055 cancellarii.
536 5003 582 5056 1v'
606 4992 683 5057 Idus
719 4992 853 5076 Aprilis.
920 4991 1104 5057 Indictione
1135 5007 1195 5056 v11.
1264 4991 1496 5056 Incamationis
1531 4992 1716 5055 dominicae

52 5095 126 5142 anno
140 5093 287 5146 MCXXIX.

197 5196 400 5260 lopialurkunde
417 5196 450 5244 im
468 5195 584 5246 Archivio
605 5197 739 5260 Capitolore
756 5213 785 5246 au
804 5197 894 5248 Numi.

197 5267 266 5317 Noclr
283 5269 316 5317 sin
335 5269 434 5334 vongen
456 5267 630 5333 Jadrhundert
646 5285 702 5319 war
719 5270 763 5318 das
784 5269 898 5335 original
919 5267 1032 5328 erialtm,
1052 5267 1132 5319 dessrn
1151 5270 1275 5336 Bleriiegel
1288 5270 1396 5320 verloren
1414 5285 1475 5318 war.

197 5519 222 5584 n)
241 5517 345 5566 statuum
417 5517 444 5582 b)
466 5516 614 5568 Chunerdus
686 5517 710 5581 c)
730 5517 781 5581 Syo
853 5519 881 5582 d)
901 5517 996 5582 Sigigo.
