4126 6356
1685 315 1743 380 173

79 486 242 570 operas(!)‚
266 487 436 563 districtus,
460 488 648 570 legationes
673 490 792 566 hostes,
817 491 939 566 itinera,
964 491 1093 553 fodrum
1114 498 1147 553 et
1163 500 1276 566 cetera,
1302 511 1365 571 que
1389 491 1420 552 in
1437 489 1565 571 prefato
1588 499 1746 570 precepto

79 578 295 652 continentur,
319 586 353 639 et
376 577 417 640 de
441 578 562 641 abbate
586 588 618 641 et
642 580 840 642 monasterio
863 582 965 643 sancti
982 581 1154 656 Laurentii,
1179 582 1262 643 sicut
1285 581 1366 642 iuste
1390 579 1575 642 continetur
1597 579 1630 640 in
1650 579 1746 659 privi-

78 666 170 747 legiis
201 668 265 730 tuis
296 675 329 728 et
359 666 391 727 in
424 669 588 750 preceptis
621 669 865 751 imperatorum,
898 670 1051 732 ecclesias
1082 670 1212 750 insuper
1244 670 1346 732 sancti
1370 668 1548 731 Salvatoris
1579 675 1612 730 et
1642 668 1746 730 sancti

79 755 212 818 Martini
236 756 278 819 de
301 755 471 836 Morengo,
494 759 596 819 sancti
614 757 748 820 Andree
772 759 812 821 de
835 758 1020 840 Brugnano,
1043 770 1155 821 sancte
1172 760 1273 844 Marie
1298 759 1339 821 de
1354 759 1515 830 Ruman0,
1539 766 1572 819 et
1595 755 1747 842 ecclesias

80 847 120 907 de
149 846 314 920 Farinate,
346 844 388 906 de
410 843 541 909 Vailate
571 857 604 908 et
634 849 736 910 sancti
766 847 926 929 Stephani
958 849 999 911 de
1021 846 1224 929 Ausoningo,
1256 848 1298 910 de
1327 845 1536 920 Fontanella,
1568 845 1609 908 de
1639 855 1746 908 castro

79 933 220 1008 Sancini,
253 934 295 996 de
325 944 438 996 sancto
462 933 627 1011 Bassiano,
660 937 701 998 de
728 948 842 1001 sancto
866 938 961 1000 Petro
993 939 1026 999 in
1049 935 1155 1012 Curre,
1187 937 1229 999 de
1257 947 1371 999 sancto
1401 935 1545 998 Iohanne
1576 935 1607 996 in
1632 933 1747 998 Castro

79 1023 187 1098 veteri,
212 1024 256 1086 de
278 1032 392 1086 sancto
417 1023 578 1112 Michaele
601 1026 633 1088 in
658 1027 775 1107 Burg0,
801 1027 842 1089 de
866 1037 980 1089 sancto
1004 1025 1098 1106 Syru,
1124 1027 1164 1088 de
1188 1023 1338 1105 Questro,
1363 1025 1404 1087 de
1427 1023 1569 1098 Alfiano,
1594 1023 1635 1086 de
1657 1022 1746 1086 Lacu

80 1112 236 1187 obscuro,
269 1112 311 1174 de
334 1111 561 1189 Scandolaria,
594 1114 635 1178 de
660 1113 856 1188 Calvatone,
889 1115 931 1177 de
955 1125 1060 1177 castro
1085 1114 1267 1190 Rivariolo,
1301 1114 1342 1176 de
1364 1114 1428 1176 Via
1452 1134 1540 1188 cava,
1571 1112 1612 1174 de
1634 1122 1748 1175 sancta

80 1202 190 1276 Maria,
216 1203 259 1265 de
283 1200 515 1279 Commessaio,
546 1204 587 1266 de
610 1205 735 1278 Dusno,
760 1204 801 1267 de
825 1203 971 1284 Corrigia
993 1203 1094 1279 viridi,
1126 1205 1168 1267 de
1190 1205 1389 1285 Pangoneta,
1421 1203 1461 1264 de
1485 1201 1674 1276 Ciconiaria‚
1706 1202 1747 1264 de

79 1291 215 1354 ecclesia
238 1298 352 1354 sancte
375 1293 559 1372 Margarite,
591 1293 633 1355 de
656 1292 824 1369 Citanova,
855 1294 946 1356 salvo
977 1302 1099 1356 statuto
1131 1313 1227 1355 censu
1252 1292 1438 1355 monasterii
1462 1292 1564 1353 sancti
1588 1291 1682 1365 Petri,
1714 1291 1746 1353 in

78 1379 216 1466 ecclesia
239 1381 344 1444 sancti
367 1380 456 1442 Pauli
481 1381 522 1443 de
547 1381 708 1444 Citanova
738 1383 786 1445 ius
810 1382 1006 1464 episcopale,
1038 1383 1120 1445 sicut
1143 1403 1202 1463 per
1226 1381 1359 1444 fratrum
1389 1391 1574 1442 nostrorum
1598 1380 1748 1442 iuditium

79 1489 119 1532 ex
150 1470 311 1533 mandato
341 1469 580 1549 predecessoris
610 1472 711 1534 nostri
742 1471 830 1534 bone
861 1473 1018 1534 memorie
1048 1471 1201 1534 Celestini
1234 1491 1321 1552 pape
1353 1479 1509 1532 statutum
1540 1479 1604 1542 est;
1632 1489 1748 1531 omnes

79 1559 176 1620 etiam
208 1558 325 1640 plebes
355 1579 428 1621 curn
459 1559 592 1641 capellis
623 1571 656 1622 et
686 1560 897 1643 baptismales
927 1560 1080 1646 ecclesias
1111 1581 1185 1622 cum
1217 1579 1325 1622 earum
1352 1558 1565 1641 pertinentiis,
1604 1578 1684 1638 quas
1713 1557 1747 1619 in

79 1649 220 1728 presenti
247 1649 356 1728 quiete
379 1658 413 1709 et
435 1649 593 1711 canonice
616 1650 784 1732 possides;
814 1649 856 1712 de
888 1650 1040 1712 omnibus
1071 1649 1224 1735 ecclesiis,
1249 1669 1312 1730 que
1332 1649 1455 1711 suntin
1472 1656 1527 1708 tuo
1545 1647 1747 1727 episcopatu,

78 1736 312 1813 obedientiam,
341 1737 514 1818 synodalia
544 1747 577 1800 et
607 1749 723 1812 cetera,
754 1740 933 1801 secundum
965 1739 1110 1801 debitam
1141 1739 1410 1800 consuetudinem
1441 1736 1649 1818 ecclesiarum
1673 1734 1747 1798 Cre·

80 1827 246 1888 monensis
269 1827 444 1907 episcopii;
469 1836 593 1889 curtem
616 1829 724 1903 etiam,
749 1848 812 1908 que
838 1829 1028 1890 Barrianum
1052 1828 1176 1904 dicitur,
1201 1836 1234 1889 et
1257 1825 1410 1901 Maleum,
1435 1825 1591 1899 Crottam,
1615 1824 1746 1886 Monto-

80 1915 209 1990 danum,
242 1914 456 1989 Rivaltellam,
489 1917 740 1990 Monterionem,
770 1918 966 1992 lovisaltam,
997 1918 1194 1992 Fornovum,
1228 1916 1419 1989 Sencinum,
1450 1915 1617 1977 Platenam
1649 1923 1747 1994 atque

80 2003 296 2066 Mocianicam
321 2025 394 2066 cum
418 2005 532 2067 castris
555 2016 588 2068 et
610 2006 694 2068 villis
717 2026 896 2087 eorumque
919 2007 1131 2088 pertinentiis
1155 2015 1295 2068 castrum
1320 2005 1361 2066 de
1377 2003 1546 2083 Rivizingo
1567 2022 1639 2064 curn
1657 2004 1748 2064 omni

80 2112 133 2155 sua
155 2094 355 2174 integritate,
383 2103 416 2155 et
438 2103 566 2175 partem
590 2095 623 2155 in
647 2095 790 2157 curtibus
813 2095 973 2169 Gabiano‚
996 2095 1186 2170 Vidolasc0,
1210 2094 1426 2168 Terciolasc0,
1450 2092 1584 2154 Publica
1607 2092 1692 2153 intus
1716 2101 1749 2154 et

81 2192 178 2258 extra,
202 2203 262 2244 seu
285 2183 384 2244 etiarn
400 2183 433 2244 in
448 2182 618 2260 Azanello,
642 2185 846 2260 Fontanello,
871 2194 904 2246 et
920 2205 1125 2265 quecumque
1141 2185 1312 2265 prudentie
1327 2192 1382 2244 tue
1397 2181 1505 2244 studio
1522 2181 1748 2263 prenominate

81 2272 213 2357 ecclesie
238 2273 320 2334 iuste
343 2272 502 2352 acquisita
523 2272 576 2335 vel
600 2274 798 2353 acquirenda
821 2283 904 2346 sunt,
927 2274 1069 2355 presenti
1094 2273 1275 2354 apostolice
1298 2271 1474 2355 sanctionis
1494 2277 1604 2333 nostre
1627 2271 1749 2352 pagina

81 2361 338 2423 corroboramus.
383 2361 591 2424 Investituras
615 2382 748 2443 quoque
771 2363 942 2425 feodorum
972 2365 1006 2425 in
1036 2372 1092 2424 tuo
1124 2365 1333 2444 episcopatu,
1365 2381 1384 2422 a
1414 2359 1616 2440 presbiteris,
1648 2358 1748 2421 archi·

80 2450 268 2531 presbiteris
290 2471 347 2512 seu
371 2449 547 2513 abbatibus
570 2451 634 2513 tuis
658 2451 761 2514 factas
793 2451 953 2514 debonis
976 2451 1184 2538 ecclesiarum
1217 2451 1342 2531 absque
1372 2459 1428 2511 tuo
1452 2458 1646 2528 tuorumque
1677 2468 1748 2529 pre·

82 2539 287 2602 decessorum
310 2539 447 2602 consilio
469 2538 521 2602 vel
544 2560 714 2615 consensu,
739 2541 843 2603 irritas
867 2561 937 2603 esse
967 2541 1129 2603 sancimus
1161 2550 1202 2616 et,
1227 2560 1268 2602 ne
1301 2539 1456 2619 deinceps
1487 2537 1671 2600 huiusmodi
1703 2537 1748 2599 in-

81 2629 232 2692 vestiture
254 2628 343 2704 fiant,
367 2628 560 2691 omnimodo
584 2629 806 2710 prohibemus.
846 2628 1064 2693 Concordiam
1080 2650 1157 2702 vero
1182 2628 1278 2703 illam,
1304 2647 1402 2708 quam
1419 2628 1502 2688 inter
1520 2634 1553 2688 te
1569 2636 1602 2688 et
1617 2626 1748 2689 maioris

81 2717 211 2804 ecclesie
229 2717 466 2781 Cremonenses
489 2718 666 2781 canonicos
689 2719 902 2800 predecessor
924 2729 1036 2782 noster
1058 2739 1147 2800 papa
1168 2718 1314 2781 Calixtus
1338 2717 1426 2780 bone
1449 2717 1604 2778 memorie
1629 2715 1705 2778 fecit
1723 2711 1748 2799 ¹)

82 2817 112 2870 et
141 2818 210 2870 tam
244 2807 329 2888 ipse,
369 2825 467 2888 quam
502 2817 615 2870 sancte
653 2807 810 2870 memorie
841 2828 930 2890 pape
960 2808 1073 2871 Lutius
1117 2809 1239 2889 scripto
1278 2806 1435 2881 firmavit,
1476 2815 1579 2867 ratam
1616 2823 1748 2866 manere

82 2916 265 2965 censemus,
301 2905 337 2958 ut
358 2895 511 2958 videlicet
543 2896 648 2959 nullus
671 2897 704 2958 in
728 2897 842 2960 maiori
866 2897 1003 2982 ecclesia
1019 2899 1234 2960 constituatur
1253 2894 1428 2959 canonicus
1451 2903 1559 2976 preter
1580 2913 1747 2956 assensum

83 2995 112 3048 et
132 2984 338 3049 voluntatem
361 2985 517 3066 episcopi,
550 2987 613 3066 qui,
643 2986 726 3048 sicut
749 2986 884 3071 ecclesie
908 2996 1007 3068 caput
1029 2997 1086 3062 est,
1119 2987 1165 3048 ita
1185 2983 1337 3049 voluntas
1370 2985 1438 3046 eius
1470 2994 1503 3046 et
1533 2983 1615 3045 ratio
1648 2983 1748 3045 debet

82 3074 265 3156 precedere.
312 3073 468 3137 Canonici
493 3074 651 3156 episcopo
675 3074 899 3138 obedientiam
923 3076 955 3137 in
987 3096 1084 3138 manu
1115 3076 1183 3138 eius
1214 3075 1409 3156 promittant
1439 3083 1472 3136 et
1505 3081 1646 3134 teneant.
1690 3071 1746 3134 Ad

84 3184 228 3228 mensam
246 3165 278 3242 ⁸)
303 3163 544 3238 canonicorum,
569 3164 702 3246 quando
727 3185 801 3227 curn
824 3165 990 3228 canonicis
1014 3160 1272 3249 com<m>ederit,
1297 3181 1371 3226 cum
1395 3182 1460 3224 uno
1484 3161 1601 3224 clerico
1625 3169 1658 3224 et
1680 3181 1746 3222 uno

83 3255 240 3318 serviente
261 3253 314 3315 vel
336 3272 411 3316 cum
435 3251 563 3316 duobus
586 3253 710 3316 clericis
739 3253 849 3317 veniat
879 3263 912 3316 et
941 3264 1098 3334 tanquam
1121 3254 1296 3336 episcopus
1319 3253 1504 3315 honoretur.
1549 3252 1602 3312 De
1632 3249 1746 3313 altario
1858 3297 1863 3305 .

83 3345 179 3408 sancti
195 3342 322 3407 Ymerii
338 3361 469 3405 omnem
486 3341 689 3405 oblationem
704 3343 840 3424 recipiat
863 3353 972 3425 preter
987 3343 1123 3418 edenda,
1149 3363 1212 3424 que
1228 3342 1270 3405 ad
1286 3342 1406 3423 pedem
1431 3340 1540 3403 altaris
1563 3339 1747 3414 offeruntur,

83 3443 113 3497 et
133 3454 172 3497 ea
194 3434 240 3496 ad
264 3451 357 3494 usum
379 3432 610 3494 canonicorum
633 3442 842 3507 reserventur,
874 3443 907 3494 et
935 3442 1046 3514 preter
1067 3432 1277 3495 medietatem
1302 3451 1375 3493 cere
1398 3439 1431 3492 et
1454 3431 1584 3504 incensi,
1616 3449 1678 3509 que
1701 3428 1746 3491 ibi

84 3523 265 3600 offeruntur,
296 3539 361 3602 que
393 3520 435 3583 ad
466 3520 601 3606 ecclesie
631 3521 796 3584 servitium
829 3529 1038 3586 reserventur.
1083 3519 1375 3595 Archidiaconum,
1409 3527 1576 3582 cantorem
1607 3527 1640 3580 et
1654 3540 1655 3543 ¹
1669 3517 1748 3581 alias

84 3632 237 3693 personas
276 3610 452 3692 episcopus
481 3629 640 3673 consensu
670 3610 903 3673 canonicorum
934 3611 1119 3673 constituat.
1170 3609 1350 3689 Ecclesiam
1381 3609 1483 3671 sancti
1516 3605 1685 3670 Michaelis
1716 3617 1749 3669 et

84 3703 191 3782 predia
217 3710 250 3764 et
272 3701 506 3780 possessiones,
539 3719 620 3781 quas
643 3701 818 3782 episeopus
840 3720 900 3781 per
922 3700 1061 3762 idoneos
1084 3707 1183 3762 testes
1215 3699 1347 3780 proprie
1376 3697 1419 3759 ad
1450 3696 1655 3778 episcopium
1677 3716 1747 3777 per·

83 3792 178 3854 tinere
202 3789 402 3872 probaverit,
435 3789 544 3869 quiete
572 3787 775 3870 pacificeque
798 3789 955 3852 obtineat.
1001 3789 1044 3851 Et
1068 3789 1144 3868 quia
1167 3789 1315 3851 canonici
1341 3787 1483 3860 domum,
1517 3787 1550 3848 in
1581 3805 1647 3865 qua
1669 3785 1747 3847 olim

84 3879 316 3952 habitaverant,
347 3878 390 3940 ad
414 3877 635 3959 ampliendam
658 3877 830 3964 ecelesiam
853 3887 1093 3958 concesserunt,
1127 3877 1270 3951 domum,
1303 3877 1336 3939 in
1367 3895 1432 3956 qua
1463 3874 1564 3936 modo
1588 3873 1746 3949 habitant,

85 3969 153 4033 licet
165 3971 245 4033 iuris
260 3967 408 4050 episcopi
426 3967 528 4041 suerit,
549 3986 609 4048 pro
626 3967 803 4029 concordia
818 3977 928 4029 tamen
945 3977 978 4029 et
994 3967 1128 4029 caritate
1145 3967 1300 4047 deinceps
1316 3965 1358 4028 ad
1374 3964 1556 4027 communis
1571 3963 1637 4025 vite
1654 3982 1745 4024 usum

85 4068 114 4120 et
133 4056 416 4122 cohabitationem
440 4056 599 4119 retineant
622 4065 655 4118 et
677 4056 833 4138 hospites
858 4055 1176 4136 quandovoluerint,
1194 4057 1282 4118 inea
1303 4053 1469 4135 recipiant,
1493 4053 1582 4115 salva
1597 4053 1747 4114 nimirum

86 4149 113 4210 in
135 4149 290 4212 omnibus
313 4145 505 4208 auctoritate
528 4154 640 4208 sancte
655 4144 804 4207 Romane
820 4145 964 4232 ecclesie.
1011 4144 1046 4209 Si
1063 4165 1128 4225 qua
1146 4141 1176 4227 b)
1196 4145 1293 4225 igitur
1312 4145 1344 4206 in
1367 4144 1508 4206 futurum
1531 4142 1747 4226 ecclesiastice

85 4238 272 4301 secularisve
287 4254 435 4317 persona,
459 4232 545 4296 hanc
567 4244 676 4297 nostre
700 4234 941 4297 constitutionis
964 4234 1119 4316 paginam
1142 4234 1256 4310 sciens,
1280 4244 1395 4297 contra
1414 4252 1487 4294 eam
1503 4242 1623 4295 temere
1638 4231 1748 4294 venire

86 4327 289 4409 temptaverit
313 4371 320 4385 .
346 4371 353 4385 .
380 4372 386 4384 .
412 4323 545 4387 Cunctis
569 4333 677 4386 autem
702 4371 708 4384 .
734 4370 740 4383 .
765 4371 771 4385 .
796 4323 971 4386 inveniant.
1019 4322 1138 4386 Arnen.
1161 4321 1238 4386 Am.
1262 4324 1380 4386 Arnen.

292 4410 348 4494 (R)
372 4413 446 4494 Ego
469 4409 635 4474 Adrianus
658 4411 818 4475 catholice
842 4413 977 4496 ecclesie
1001 4413 1176 4494 episcopus
1199 4433 1241 4474 ss.
1265 4409 1327 4496 (M)

292 4503 312 4582 †
335 4501 408 4582 Ego
433 4501 541 4565 Guido
566 4501 728 4583 presbiter
750 4501 923 4564 cardinalis
946 4502 994 4564 tit.
1018 4502 1122 4563 sancti
1146 4501 1320 4582 Grisogoni
1344 4522 1384 4563 ss.

292 4588 312 4668 †
335 4590 408 4671 Ego
433 4590 606 4654 Hubaldus
629 4590 791 4673 presbiter
813 4591 986 4653 cardinalis
1009 4591 1056 4652 ti.
1081 4598 1193 4653 sancte
1216 4590 1373 4652 Praxedis
1397 4609 1437 4652 ss.

290 4678 311 4757 †
333 4681 406 4762 Ego
430 4679 527 4742 Iulius
550 4681 711 4760 presbiter
733 4680 906 4743 cardinalis
929 4681 977 4742 tit.
1000 4679 1104 4742 sancti
1128 4678 1273 4741 Marcelli
1297 4699 1338 4740 ss.

291 4763 311 4849 †
334 4769 407 4849 Ego
431 4769 604 4832 Hubaldus
627 4769 787 4851 presbiter
810 4769 982 4831 cardinalis
1003 4769 1051 4830 tit.
1075 4777 1187 4830 sancte
1210 4767 1321 4830 Crucis
1345 4767 1378 4828 in
1401 4767 1573 4830 Ierusalem
1596 4789 1637 4829 ss

291 4857 311 4940 †
334 4857 407 4940 Ego
431 4857 615 4921 Bernardus
638 4859 799 4939 presbiter
822 4856 994 4920 cardinalis
1017 4857 1065 4919 tit.
1089 4857 1192 4934 sancti
1217 4856 1394 4920 Clementis
1418 4876 1458 4919 ss.

291 4947 312 5027 †
335 4947 407 5028 Ego
433 4947 633 5010 Octavianus
655 4948 816 5029 presbiter
839 4946 1010 5009 cardinalis
1032 4945 1080 5008 tit.
1104 4954 1217 5008 sancte
1240 4944 1360 5008 Cecilie
1383 4966 1423 5008 ss.

292 5035 312 5118 †
335 5035 408 5118 Ego
431 5035 594 5100 Gerardus
626 5037 788 5118 presbiter
817 5035 989 5098 cardinalis
1012 5035 1060 5096 tit
1083 5035 1186 5096 sancti
1210 5033 1370 5116 Stephani
1401 5035 1434 5097 in
1458 5033 1549 5098 Celio
1573 5042 1685 5095 monte
1708 5052 1747 5094 ss.

293 5121 313 5206 'r
338 5125 410 5206 Ego
434 5124 595 5188 lohannes
618 5125 782 5206 presbiter
803 5123 975 5188 cardinalis
998 5123 1045 5186 tit.
1069 5130 1257 5186 sanctorum
1280 5122 1411 5186 Ioannis
1434 5134 1467 5187 et
1490 5123 1578 5186 Pauli
1601 5143 1642 5186 ss.

293 5249 337 5258 —
359 5215 379 5298 †
402 5215 474 5295 Ego
499 5214 599 5278 Oddo
624 5215 781 5277 diaconus
804 5213 976 5276 cardinalis
999 5213 1102 5274 saneti
1126 5211 1259 5294 Georgii
1283 5213 1326 5275 ad
1348 5213 1467 5276 Velum
1491 5231 1623 5276 aureum
1645 5231 1685 5273 ss.

294 5303 314 5386 †
337 5301 409 5384 Ego
433 5303 724 5368 Guid0.diaconus
748 5303 920 5366 cardinalis
942 5307 1055 5364 sancte
1078 5301 1182 5364 Marie
1204 5303 1238 5364 in
1261 5302 1390 5365 Porticu
1414 5323 1454 5367 ss.

240 5393 316 5455 Dat.
332 5391 519 5467 Beneventi,
543 5414 602 5475 per
617 5412 750 5456 manum
766 5393 917 5469 Rolandi,
941 5399 1053 5453 sancte
1068 5390 1218 5456 Romane
1234 5391 1370 5479 ecclesie
1388 5391 1559 5477 presbiteri
1577 5388 1748 5454 cardinalis

240 5666 266 5730 a)
286 5679 397 5715 mensem
470 5664 499 5732 b)
518 5681 587 5731 quas.
608 5704 658 5710 -.
678 5667 715 5733 ,1)
736 5665 816 5734 Jaffr',
835 5667 894 5732 ch.
915 5667 993 5714 5174.
