4126 6366
321 312 385 380 350

318 486 467 553 volumus
491 495 532 565 et,
556 508 620 576 que
642 487 849 557 honestatem
873 501 1014 559 vestram
1039 497 1167 574 decent,
1190 499 1362 581 benignius
1385 497 1566 581 indulgere.
1611 497 1808 582 Eapropter,
1830 498 1943 563 dilecti
1964 501 1995 563 in

318 579 456 642 domino
478 577 543 654 tilii,
574 581 691 643 vestris
714 581 867 664 precibus
896 583 1052 663 inclinati,
1082 588 1220 652 liberam
1242 589 1339 652 vobis
1368 588 1540 654 tribuimus
1570 589 1766 652 auctoritate
1797 589 1996 672 presentium

318 667 506 731 facultatem
531 669 719 733 instituendi
743 692 804 754 pro
827 673 923 737 vobis
946 694 1153 753 economum,
1185 679 1240 758 qui
1265 684 1299 741 et
1321 678 1456 760 negotia
1478 684 1587 741 vestra
1609 677 1727 742 utiliter
1749 687 1935 760 exequatur
1956 687 1996 754 et,

318 757 374 820 ubi
397 777 531 820 necesse
553 757 659 835 fuerit,
682 781 744 842 pro
767 761 903 826 ecclesia
925 771 1033 828 vestra
1056 766 1270 831 iuramentum
1294 768 1417 832 debeat
1440 765 1605 832 exhibere.
1650 767 1738 832 Nulli
1759 788 1840 832 vero
1865 769 1995 832 omnino

317 845 487 909 hominum
518 846 626 923 liceat,
658 848 743 912 hanc
773 853 927 934 paginam
958 861 1069 942 nostre
1102 858 1325 920 concessionis
1355 855 1531 939 infringere
1570 855 1621 920 vel
1651 858 1681 921 ei
1711 877 1791 921 ausu
1823 859 1995 921 temerario

318 935 488 1000 contraire.
535 933 570 999 Si
593 938 664 1018 quis
688 946 797 1004 autem
825 940 891 1004 hoc
919 950 1079 1009 attentare
1110 948 1355 1028 presumpserit,
1386 946 1645 1030 indignationem
1677 949 1918 1030 omnipotentis
1945 946 1996 1010 dei

318 1033 352 1088 et
375 1025 546 1089 beatorum
569 1026 655 1090 Petri
684 1037 717 1092 et
740 1029 838 1104 Pauli,
869 1033 1097 1114 apostolorum
1125 1035 1202 1112 eius,
1231 1055 1268 1099 se
1290 1037 1418 1100 noverit
1437 1036 1651 1099 incursurum.
1674 1071 1717 1082 -
1740 1036 1819 1100 Dat
1842 1035 1996 1112 Ferrarie,

317 1129 380 1178 xvl
402 1113 456 1177 Kl.
480 1115 684 1180 Decembris
729 1120 911 1184 Indictione
934 1134 980 1186 VI.

477 1230 602 1296 Absclm'fl
617 1247 673 1282 vom
691 1235 724 1282 16
743 1235 836 1299 Jahrb.
857 1236 897 1284 des
916 1235 972 1285 Cod.
997 1237 1049 1290 Vat.
1068 1239 1136 1288 6085
1150 1245 1177 1304 p.
1200 1241 1248 1288 181
1265 1239 1288 1299 b,
1306 1238 1333 1290 in
1350 1239 1394 1288 der
1410 1238 1473 1290 Br'bl.
1498 1238 1616 1289 Vaticana
1633 1255 1663 1289 aa
1681 1241 1751 1291 Rom.

1063 1521 1129 1596 Nr.
1157 1525 1246 1597 399.

321 1648 447 1732 Gregor
471 1647 561 1715 VIII
573 1651 723 1736 bestdttgt
736 1652 809 1716 dem
827 1650 1167 1719 Kanonikerkonvente
1181 1677 1243 1720 von
1258 1655 1327 1721 San
1343 1655 1484 1721 Micltele
1499 1656 1539 1720 a'i
1552 1656 1739 1722 Nonantola
1762 1659 1823 1738 (D.
1840 1657 1995 1742 Modera)

316 1739 425 1802 seinen
436 1739 613 1821 Beschluss,
628 1742 707 1806 dass
721 1739 874 1806 dreZaIrl
885 1762 945 1806 von
960 1746 1005 1807 12
1023 1743 1231 1810 Kanonz'lrern
1246 1746 1334 1811 nicht
1348 1745 1579 1811 r'r'bersclrritten
1594 1747 1724 1812 werden
1738 1748 1859 1830 dr'c'rse5
1874 1769 1911 1812 er
1928 1767 1996 1811 ver-

781 1830 882 1912 bietct,
897 1833 976 1897 dass
992 1833 1177 1918 irgendwer
1189 1835 1357 1900 demelben
1372 1834 1536 1919 beldstrge.

854 2002 859 2012 .
888 1951 975 2012 1187
988 1948 1172 2015 November
1184 1953 1240 2014 20.
1273 1949 1424 2033 Bologna.

478 2061 687 2127 GREGORIUS
704 2065 890 2146 episcopus,
913 2085 1026 2128 servus
1041 2084 1210 2130 servorum
1226 2067 1287 2143 dei,
1311 2066 1437 2131 dilectis
1452 2067 1534 2146 tiliis,
1559 2067 1705 2132 Henrico
1721 2067 1995 2151 archipresbitero

317 2158 351 2215 et
365 2151 530 2216 canonicis
546 2151 655 2234 plebis
670 2156 773 2217 sancti
790 2152 959 2217 Michaelis
980 2149 985 2238 Ι
1005 2155 1048 2217 de
1064 2153 1259 2232 Nonantula,
1283 2156 1422 2220 salutem
1440 2164 1474 2221 et
1488 2157 1705 2240 apostolicam
1721 2158 1996 2223 benedictionem.

316 2242 353 2304 In
377 2241 434 2318 his,
458 2262 523 2324 que
545 2241 628 2304 iuste
643 2244 814 2322 requiritis,
837 2242 930 2306 facile
952 2243 1098 2308 savorem
1123 2254 1271 2310 nostrum
1295 2247 1444 2329 optinere
1459 2246 1597 2322 debetis,
1621 2267 1662 2310 ne
1683 2249 1688 2329 Ι
1707 2247 1878 2311 videamur
1899 2249 1996 2311 iustas

316 2332 493 2413 petitiones
517 2351 661 2409 renuere,
685 2351 768 2412 quas
798 2331 978 2397 clementer
999 2354 1059 2396 nos
1084 2337 1239 2399 convenit
1262 2343 1295 2399 et
1318 2335 1494 2400 efficaciter
1514 2336 1679 2400 exaudire.
1720 2338 1801 2401 Inde
1822 2347 1883 2414 est,
1907 2338 1995 2418 quod

317 2440 401 2498 cum,
432 2421 697 2484 numerositatem
729 2423 975 2499 canonicorum,
1006 2442 1071 2503 que
1103 2427 1228 2488 eratin
1260 2424 1394 2488 ecclesia
1417 2433 1535 2500 vestra,
1568 2427 1746 2490 studiosius
1776 2428 1994 2501 attendentes,

317 2509 498 2574 deliberato
521 2510 605 2572 sicut
626 2511 768 2574 asseritis
791 2510 936 2588 consilio,
962 2515 1149 2590 statueritis,
1181 2523 1217 2577 ut
1239 2514 1375 2579 ecclesia
1398 2521 1507 2578 vestra
1529 2514 1732 2579 duodenario
1761 2519 1994 2580 canonicorum

317 2618 453 2662 numero
472 2597 495 2684 ¹)
518 2598 641 2663 debeat
664 2618 736 2663 esse
759 2608 922 2677 contenta,
953 2603 1006 2677 ita,
1037 2604 1127 2683 quod
1151 2604 1192 2667 ad
1218 2603 1441 2687 recipiendum
1466 2603 1611 2686 aliquem
1635 2605 1889 2670 in·canonicum
1913 2605 1996 2670 ultra

317 2707 487 2751 numerum
509 2689 615 2770 ipsum
639 2709 698 2752 vos
722 2696 778 2752 aut
805 2710 1011 2756 successores
1033 2695 1133 2756 vestri
1163 2714 1229 2757 non
1259 2693 1410 2757 debeatis
1441 2691 1549 2773 aliqua
1580 2695 1705 2757 ratione
1737 2695 1904 2778 compelli,
1938 2696 1994 2758 nisi

317 2779 543 2860 possessiones
574 2779 721 2842 eiusdem
753 2779 892 2842 ecclesie
922 2783 967 2844 ita
997 2782 1138 2845 adaucte
1169 2782 1304 2857 luerint,
1341 2783 1431 2865 quod
1471 2783 1618 2865 pluribus
1648 2784 1815 2847 canonicis
1844 2783 1994 2848 sulficere

316 2875 471 2949 possunt,
511 2887 570 2930 nos
590 2864 618 2953 a)
647 2870 762 2932 vestris
800 2869 1076 2950 postulationibus
1113 2871 1270 2948 inclinati,
1311 2871 1412 2935 felicis
1451 2873 1689 2936 recordationis
1721 2874 1992 2956 predecessorum

316 2963 500 3020 nostrorum
517 2955 700 3020 Alexandri
717 2953 751 3042 ¹),
774 2957 866 3021 Lucii
880 2957 905 3044 ³)
928 2967 961 3022 et
976 2959 1103 3025 Urbani
1114 2957 1149 3045 ⁴),
1173 2959 1399 3025 Romanorum
1414 2960 1617 3044 pontificum,
1639 2961 1784 3044 vestigiis
1799 2962 1995 3040 inherentes,

316 3046 581 3109 constitutionem
597 3047 711 3129 ipsam,
735 3067 755 3109 a
777 3046 881 3124 vobis,
905 3050 989 3112 sicut
1011 3048 1163 3126 diximus,
1187 3049 1317 3126 laetam,
1341 3058 1445 3114 ratam
1470 3049 1630 3116 habemus
1655 3058 1689 3114 et
1704 3051 1833 3116 firmam
1855 3072 1995 3135 eamque

316 3136 510 3198 auctoritate
525 3134 707 3218 apostolica
723 3135 955 3202 confirmamus
979 3145 1013 3201 et
1028 3139 1187 3221 presentis
1202 3139 1314 3222 scripti
1330 3141 1515 3223 patrocinio
1528 3143 1778 3204 communimus.
1809 3141 1995 3207 Inhibemus

316 3223 455 3307 insuper,
480 3244 521 3287 ne
544 3226 617 3304 quis
640 3223 734 3288 vobis
758 3225 921 3290 indebitas
945 3228 1134 3291 exactiones
1156 3228 1307 3311 imponat
1336 3230 1445 3292 autin
1469 3251 1529 3294 vos
1561 3231 1916 3295 excommunicationis
1939 3252 1994 3295 seu

316 3313 540 3396 suspensionis
563 3315 756 3378 sententiam
781 3318 851 3378 sine
875 3316 1048 3380 manifesta
1071 3325 1105 3382 et
1128 3318 1312 3383 rationabili
1336 3339 1434 3383 causa
1456 3318 1652 3402 promulget,
1682 3319 1772 3384 salva
1800 3321 1995 3384 auctoritate

317 3411 350 3466 et
374 3404 532 3466 canonica
556 3402 675 3465 iustitia
691 3402 911 3468 Nonantulani
935 3406 1122 3470 monasterii
1139 3405 1174 3485 ὁ).
1221 3407 1310 3471 Nulli
1334 3427 1414 3491 ergo
1437 3409 1573 3472 omnino
1596 3408 1765 3473 hominum
1781 3410 1890 3486 liceat,
1914 3409 1995 3473 hanc

316 3493 468 3575 paginam
493 3500 604 3555 nostre
627 3491 882 3558 confirmationis
905 3503 939 3558 et
962 3495 1191 3578 prohibitionis
1216 3496 1390 3580 infringere
1405 3498 1457 3561 vel
1481 3500 1511 3562 ei
1534 3518 1615 3562 ausu
1631 3501 1806 3563 temerario
1824 3501 1993 3563 contraire

317 3579 351 3645 Si
376 3582 449 3664 quis
472 3588 582 3645 autern
605 3580 669 3644 hoc
693 3590 889 3666 attemptare
912 3586 1156 3668 presumpserit,
1179 3585 1433 3669 indignationem
1451 3589 1688 3670 omnipotentis
1703 3588 1757 3652 dei
1774 3597 1808 3652 et
1824 3590 1993 3653 beatorum

315 3672 402 3824 {egri
418 3678 452 3735 et
466 3669 566 3747 Pauli,
589 3671 814 3754 apostolorum
830 3674 907 3750 eius,
929 3694 966 3738 se
988 3677 1117 3739 noverit
1139 3676 1409 3741 incursurum-
1424 3675 1500 3742 Dat.
1516 3677 1674 3754 Bononie,
1692 3691 1749 3742 ’ΧΠ
1764 3677 1820 3742 Kl.
1836 3677 1993 3742 Decemb.

331 3781 351 3824 n
376 3760 496 3824 ictione
517 3768 621 3823 sexta.

479 3875 522 3926 Or.
541 3875 574 3925 r'm
591 3875 706 3926 Archrbr'o
722 3878 785 3926 della
802 3891 885 3927 merua
902 3877 1006 3927 abaaiale
1023 3894 1053 3927 m
1071 3877 1218 3930 Nmanlolo.

477 3947 546 4012 Perg.
566 3948 626 4008 ital,
644 3949 679 3998 br.
700 3950 751 4008 O,t’,
771 3950 832 4016 long
848 3951 931 4009 0,157,
949 3957 1023 4000 umen
1040 3951 1118 4009 0,013
1136 3953 1324 4018 rungeschlogen,
1350 3952 1428 4003 durch
1446 3955 1463 4003 8
1482 3953 1575 4003 Lucra
1588 3955 1646 4020 geht
1668 3953 1706 4003 die
1728 3953 1855 4020 goldgelbe
1878 3953 1933 4004 md
1953 3954 1993 4003 lile

315 4019 494 4071 Seriiensclumr
509 4035 544 4070 an
559 4019 602 4069 der
619 4020 665 4069 das
682 4020 808 4085 Blerbiegel
821 4023 904 4086 bdngr,
923 4020 1035 4087 Faltung
1051 4022 1094 4071 der
1110 4022 1214 4072 Brevm.

1060 4305 1127 4382 Nr.
1155 4310 1244 4382 400.

319 4440 447 4524 Gregor
469 4438 561 4504 VIII
571 4435 689 4503 na‘mmt
702 4437 763 4502 das
780 4435 911 4501 Kloster
924 4436 992 4501 San
1008 4439 1119 4504 Pietro
1133 4438 1172 4503 a'i
1185 4439 1330 4505 Medma
1347 4442 1380 4505 in
1402 4443 1636 4528 apostoldclren
1651 4442 1773 4508 Schuta
1794 4443 1868 4508 und
1888 4453 1992 4507 unter-

314 4539 396 4613 sagt,
411 4529 490 4594 dass
504 4529 566 4593 der
579 4527 725 4608 Bisclros
733 4548 794 4591 von
809 4526 949 4592 Modera
964 4528 1017 4592 bei
1027 4526 1191 4594 Lebaer'ten
1206 4529 1264 4594 des
1269 4530 1414 4615 jetaigen
1425 4531 1522 4597 Abtes
1536 4532 1829 4617 ordnungswia'rzg
1841 4532 1921 4597 ather
1932 4533 1992 4597 das

756 4617 894 4683 Kloster
909 4615 1182 4699 Kircltenstrasen
1196 4620 1380 4704 verkdngen
1394 4621 1492 4705 drirfe
1507 4623 1547 4708 ⁰).

885 4735 972 4796 1187
987 4732 1168 4800 November
1180 4737 1239 4798 22.
1270 4735 1418 4800 Modera.

475 4848 684 4914 GREGORIUS
716 4851 907 4933 episcopus,
937 4869 1050 4914 servus
1083 4871 1251 4915 servorum
1280 4852 1350 4928 dei,
1381 4852 1508 4917 dilectis
1539 4853 1622 4930 filiis,
1652 4851 1766 4917 abbati
1789 4859 1825 4916 et
1848 4851 1989 4937 capitulo

313 4941 416 5003 sancti
439 4939 526 5004 Petri
550 4939 749 5016 Mutinensis,
781 4938 919 5003 salutem
944 4947 979 5003 et
998 4937 1003 5024 Ι
1023 4939 1240 5023 apostolicam
1264 4941 1538 5008 benedictionem.
1583 4942 1639 5007 Ad
1669 4941 1734 5005 hoc
1764 4963 1887 5020 sumus,
1919 4943 1989 5006 licet

315 5030 476 5104 immeriti,
507 5028 550 5093 ad
575 5029 764 5092 universalis
788 5028 925 5092 ecclesie
948 5029 1093 5112 regimen
1116 5051 1257 5113 superna
1281 5033 1486 5114 providentia
1509 5029 1688 5118 delputati,
1719 5040 1755 5095 ut
1777 5031 1821 5095 de
1846 5036 1986 5096 omnium

314 5119 523 5183 ecclesiarum
547 5125 633 5182 statu
667 5117 867 5202 pastoralem
898 5117 1151 5182 sollicitudinem
1181 5119 1363 5185 habeamus
1396 5129 1430 5184 et
1459 5142 1569 5186 earum
1599 5122 1677 5196 iura,
1707 5127 1868 5202 quantum
1898 5122 1987 5185 nobis

313 5208 396 5272 deus
412 5208 550 5285 dederit,
572 5227 812 5272 conservemus.
850 5209 1045 5291 Eapropter,
1062 5208 1173 5273 dilecti
1191 5211 1223 5272 in
1239 5211 1376 5275 domino
1393 5210 1456 5287 filii,
1478 5212 1594 5275 vestris
1610 5211 1702 5274 iustis
1717 5209 1987 5293 postulationibus

313 5307 500 5376 annuentes
517 5299 752 5362 monasterium
760 5305 905 5362 vestrum
920 5293 1017 5384 [cu]m
1027 5298 1179 5363 omnibus
1186 5299 1283 5364 bonis
1291 5301 1604 5385 etpossessionibus,
1619 5301 1742 5381 quasin
1751 5303 1984 5384 presentiarum

473 5514 499 5580 a)
517 5528 534 5562 n
551 5513 707 5578 aufll'asur.
727 5513 834 5579 -.1)
859 5511 936 5576 Vergl.
965 5507 1110 5571 Taraboschi,
1135 5510 1216 5561 Storr'a
1239 5511 1267 5561 di
1288 5512 1427 5563 Nonarrtola
1445 5513 1464 5562 I
1477 5519 1505 5578 p.
1524 5512 1584 5564 213.
1675 5513 1701 5579 a)
1723 5507 1805 5578 Jlaffe',
1828 5513 1888 5580 Reg.
1911 5511 1982 5564 8188.

313 5585 341 5648 3)
363 5583 482 5634 orauere
498 5599 554 5635 vom
574 5587 591 5634 8
608 5583 684 5650 April
698 5584 773 5635 1185.
846 5587 874 5648 4)
893 5581 989 5632 Scheria
999 5582 1067 5632 nicht
1077 5583 1186 5634 erhalten
1197 5599 1228 5632 ru
1239 5583 1297 5647 seria,
1313 5581 1393 5651 Jaffe',
1408 5586 1466 5651 Rrg.
1478 5585 1548 5636 9980
1561 5585 1594 5634 ist
1608 5584 1677 5636 nicht
1688 5583 1800 5652 gem
1875 5585 1902 5650 5)
1919 5581 1984 5633 Dim

313 5655 506 5722 Besclrrrinkrmg
521 5673 552 5706 su
574 5657 683 5706 Gumtm
703 5655 744 5706 des
760 5655 870 5704 Klosters
887 5655 956 5720 fehlt
977 5653 1038 5704 noch
1062 5653 1089 5705 in
1112 5654 1156 5705 der
1182 5654 1300 5706 Urkrmde
1322 5655 1416 5707 Lucius
1434 5656 1484 5708 III.
1575 5657 1602 5722 6)
1627 5657 1705 5722 Vergl.
1732 5655 1770 5707 dia
1793 5655 1911 5710 urm
1933 5667 1982 5704 m

312 5731 348 5780 11
365 5728 499 5778 November
518 5730 585 5780 1181
604 5729 660 5779 md
673 5730 709 5778 29
728 5727 785 5777 Mai
800 5727 876 5778 1188.
