4090 6358
1697 362 1738 429 37

74 533 189 617 poterit
219 530 369 614 adipisci,
408 530 503 596 firma
532 531 628 596 vobis
659 531 838 611 vestrisque
871 531 1112 595 successoribus
1150 540 1183 595 et
1220 531 1342 598 illibata
1382 543 1611 617 permaneant,
1649 535 1738 600 salva

73 623 246 687 reverentia
277 621 465 684 Narniensis
503 621 660 704 episcopi.
713 620 927 684 Decernimus
959 641 1050 704 ergo,
1088 628 1123 684 ut
1158 622 1237 685 nulli
1269 624 1404 687 omnino
1435 623 1604 689 hominum
1635 624 1738 702 liceat,

72 719 204 776 vestram
219 710 416 775 iamdictam
434 710 606 775 ecclesiam
622 719 747 774 temere
763 711 953 792 perturbare
969 719 1024 774 aut
1037 712 1105 774 eius
1121 714 1346 794 possessiones
1365 714 1393 794 ι)
1406 713 1534 777 auferre
1548 715 1600 778 vel
1613 715 1739 780 ablatas

72 802 212 876 retinere,
242 799 386 864 minuere
416 819 475 864 seu
499 800 751 882 quomodolibet
775 799 932 862 molestiis
955 799 1101 881 fatigare,
1134 801 1193 863 sed
1218 805 1328 865 omma
1358 803 1482 886 integra
1505 812 1740 868 conserventur

72 901 133 956 tam
155 891 280 965 vestris,
307 909 406 969 quam
431 908 613 972 pauperum
637 890 748 955 usibus
772 889 969 952 omnimodis
993 889 1172 971 profutura.
1216 888 1334 955 Nullus
1357 900 1466 956 autem
1497 892 1541 955 ibi
1563 895 1739 957 canonicus

71 983 282 1046 constituatur
303 979 429 1061 absque
452 981 572 1063 prioris
596 987 629 1042 et
652 979 786 1042 fratrum
805 977 835 1058 b)
859 981 1024 1042 communi
1049 997 1192 1042 assensu.
1239 977 1274 1044 Si
1298 999 1363 1060 qua
1386 983 1483 1065 igitur
1513 981 1544 1044 in
1568 992 1738 1065 posterum

71 1070 286 1134 ecclesiastica
317 1068 533 1133 saecularisve
563 1089 713 1152 persona,
743 1067 827 1131 hanc
856 1075 986 1130 nostrae
1016 1069 1256 1132 constitutionis
1287 1072 1441 1153 paginam
1473 1071 1592 1151 sciens,
1625 1080 1739 1136 contra

71 1181 137 1224 eam
153 1167 278 1223 temere
293 1155 429 1244 (venire)
445 1158 625 1234 tentaverit,
648 1158 795 1221 secundo
811 1159 950 1221 tertiove
966 1153 1201 1243 com(m)0nita,
1223 1159 1249 1221 si
1265 1180 1331 1223 non
1351 1159 1571 1224 satisfactione
1595 1181 1740 1244 congrua

71 1249 297 1324 emendaverit,
320 1250 494 1330 potestatis
516 1247 715 1328 honorisque
731 1250 779 1311 sui
796 1248 953 1329 dignitate
969 1255 1088 1322 careat,
1112 1267 1267 1329 reamque
1282 1269 1319 1312 se
1334 1250 1446 1314 divino
1462 1250 1582 1314 iudicio
1599 1251 1738 1314 existere

71 1340 109 1403 de
123 1347 313 1422 perpetrata
328 1339 501 1420 iniquitate
518 1348 706 1420 cognoscat
731 1347 765 1400 et
788 1358 807 1400 a
830 1337 1048 1400 sacratissimo
1073 1357 1212 1418 corpore
1236 1349 1269 1402 et
1291 1342 1450 1421 sanguine
1474 1341 1526 1402 dei
1551 1361 1589 1404 ac
1605 1341 1739 1416 domini,

70 1428 282 1511 redemptoris
306 1428 407 1490 nostri
431 1426 503 1491 Iesu
527 1427 657 1504 Christi,
688 1427 794 1490 aliena
817 1427 882 1502 fiat,
907 1436 1007 1509 atque
1031 1427 1063 1489 in
1087 1437 1236 1490 extremo
1260 1430 1412 1492 examine
1437 1429 1602 1492 districtae
1625 1430 1739 1493 ultioni

70 1519 241 1584 subiaceat.
290 1516 423 1581 Cunctis
447 1528 566 1594 autem,
597 1517 705 1580 eidem
737 1516 893 1580 ecclesiae
916 1536 974 1580 sua
997 1517 1066 1579 iura
1088 1517 1301 1594 servantibus
1332 1519 1375 1582 sit
1398 1539 1466 1600 pax
1490 1519 1615 1581 domini
1638 1519 1739 1582 nostri

72 1610 138 1672 lesu
170 1607 308 1682 Christi,
341 1617 502 1687 quatenus
531 1617 565 1670 et
594 1607 648 1670 hic
679 1606 819 1670 fructum
849 1606 959 1668 bonae
990 1606 1128 1669 actionis
1157 1607 1342 1689 percipiant
1372 1619 1406 1672 et
1438 1609 1528 1690 apud
1559 1609 1740 1672 districtum

72 1698 209 1762 iudicem
232 1697 380 1780 praemia
403 1706 556 1760 aeternae
579 1697 670 1779 pacis
694 1696 869 1759 inveniant.
916 1696 1036 1760 Amen.
1061 1694 1182 1758 Amen.
1206 1695 1326 1761 Amen.

280 1786 353 1868 Ego
377 1787 586 1849 Innocentius
609 1785 769 1849 catholice
793 1785 929 1849 ecclesie
952 1786 1128 1868 episcopus
1151 1806 1192 1848 ss.

280 1875 354 1957 Ego
379 1874 550 1939 Conradus
573 1875 765 1939 Sabinensis
788 1877 964 1957 episcopus
986 1896 1028 1938 ss.

280 1965 354 2046 Ego
377 1964 552 2028 Albericus
575 1965 760 2028 Hostiensis
783 1965 960 2047 episcopus
983 1985 1025 2028 ss.

279 2055 354 2135 Ego
377 2055 483 2118 Lucas
507 2054 668 2136 presbiter
692 2054 866 2117 cardinalis
889 2055 937 2117 tit.
961 2063 1150 2118 sanctorum
1173 2055 1304 2118 Ioannis
1327 2064 1361 2117 et
1383 2052 1474 2116 Pauli
1497 2075 1538 2116 ss

279 2144 353 2224 Ego
379 2143 579 2226 Crisogonus
602 2143 764 2226 presbiter
787 2143 960 2206 cardinalis
983 2144 1031 2206 tit.
1054 2153 1168 2207 sancte
1190 2144 1348 2207 Praxedis
1371 2164 1413 2206 ss.

280 2233 354 2314 Ego
377 2233 448 2297 GG.
472 2233 675 2315 (Gregorius)
699 2233 856 2296 diaconus
881 2232 1055 2296 cardinalis
1078 2234 1182 2296 sancti
1205 2232 1326 2314 Angeli
1351 2254 1391 2296 ss.

280 2322 353 2404 Ego
377 2322 541 2386 Gerardus
565 2323 723 2386 diaconus
746 2323 919 2386 cardinalis
941 2332 1056 2386 sancte
1079 2323 1183 2385 Marie
1206 2323 1239 2385 in
1263 2323 1441 2386 Dominica
1464 2342 1505 2384 ss.

226 2411 352 2474 Datum
373 2413 536 2488 Laterani,
568 2433 628 2495 per
650 2432 765 2475 manus
787 2412 954 2488 Almerici,
985 2421 1118 2475 sanctae
1140 2412 1312 2476 Romanae
1340 2411 1497 2475 ecclesiae
1521 2409 1650 2472 diaconi
1675 2429 1742 2472 car·

72 2499 182 2562 dinalis
206 2509 240 2563 et
263 2500 456 2566 cancellarii.
493 2514 530 2565 1v
553 2502 628 2565 Kal.
651 2502 859 2565 Novembris.
901 2502 1085 2565 Indicfione
1101 2515 1147 2564 111.
1186 2501 1288 2564 Anno
1305 2501 1490 2564 dominicae
1511 2499 1742 2562 incarnationis

71 2601 238 2653 mcxxxix.
277 2590 503 2670 (Pontificatus
526 2601 637 2656 autem
661 2592 774 2655 domni
797 2591 979 2654 Innocentii
995 2593 1034 2671 11)
1057 2611 1145 2655 anno
1170 2590 1309 2655 decimo.
1723 2615 1726 2622 ¹

228 2703 301 2753 Or.'
290 2721 324 2753 rm
341 2703 456 2755 Archivrir
475 2705 608 2770 Capriolarc
626 2722 656 2754 au
674 2705 763 2755 lllrrni.

227 2777 297 2842 Perg.
316 2775 375 2837 ital,
395 2777 430 2828 br.
450 2779 518 2838 0,36,
537 2780 598 2842 lang
612 2779 682 2838 0,57,
700 2784 775 2828 untm
793 2779 890 2838 norst
907 2776 1098 2844 urngeschlagen,
1117 2775 1196 2826 durch
1212 2777 1229 2824 2
1246 2775 1339 2825 Lo'cher
1351 2774 1409 2841 geht
1426 2773 1463 2824 die
1476 2775 1542 2840 gelbr
1559 2773 1741 2838 Scidensclmur,

70 2845 135 2897 deren
153 2847 281 2914 Bleiriegel
294 2850 411 2899 verlorcn.
447 2850 556 2916 Fallung
572 2850 615 2898 der
631 2851 728 2903 dullen.

820 3134 887 3208 Nr.
916 3136 980 3208 43.

240 3267 396 3332 Innocens
411 3266 459 3330 II
468 3267 618 3351 bestcitigt
631 3268 704 3331 dem
719 3267 936 3351 Domkapitel
947 3285 1011 3331 von
1032 3263 1157 3330 Verona
1172 3265 1259 3330 seina
1274 3263 1510 3331 Besr'trtluimer
1525 3267 1563 3352 ¹).

677 3404 761 3466 1140
777 3400 880 3485 April
890 3403 941 3464 16.
973 3401 1124 3466 Lateran.

225 3539 435 3602 Innocentius
452 3539 636 3621 episcopm,
653 3559 764 3601 servus
779 3557 947 3601 servorum
964 3537 1025 3614 dei,
1048 3537 1174 3600 dilectis
1189 3536 1271 3612 filiis,
1295 3535 1445 3601 Gilberto
1471 3535 1743 3618 archipresbitero

70 3627 246 3709 ceterisque
267 3629 468 3692 Veronensis
484 3628 620 3691 ecclesie
644 3627 820 3704 canonicis,
844 3636 913 3690 tam
936 3627 1143 3709 presentibus
1167 3647 1266 3708 quam
1291 3626 1413 3702 futuris,
1437 3627 1470 3688 in
1494 3646 1586 3709 ppm.
1633 3625 1742 3690 Officii

72 3717 165 3778 nostri
190 3738 254 3780 nos
278 3717 427 3788 hortatur
450 3719 634 3794 auctoritas
659 3738 720 3799 pro
745 3717 955 3780 ecclesiarum
979 3726 1065 3780 statu
1089 3726 1239 3798 satagere
1262 3726 1296 3779 et
1318 3735 1429 3778 earum
1446 3717 1547 3798 quieti
1564 3726 1597 3779 et
1612 3715 1742 3778 utilitati

71 3804 245 3884 salubriter,
271 3807 449 3871 auxiliante
473 3808 618 3883 domino,
643 3807 825 3888 providere.
872 3808 1019 3888 Dignum
1042 3826 1185 3886 namque
1208 3813 1240 3868 et
1263 3804 1428 3868 honestati
1452 3806 1650 3869 conveniens
1673 3826 1744 3869 esse

72 3897 284 3976 cognoscitur,
309 3907 344 3960 ut
368 3897 423 3979 qui
440 3897 481 3960 ad
498 3917 609 3960 earum
629 3899 656 3976 ε)
681 3896 891 3959 ecclesiarum
915 3897 1059 3977 regimen
1083 3895 1242 3976 assumpti
1258 3915 1378 3970 sumus,
1402 3915 1457 3957 eas
1481 3905 1513 3958 et
1529 3916 1549 3957 a
1567 3914 1741 3977 pravorum

71 3981 236 4049 hominum
268 3987 421 4068 nequicia
451 3997 599 4050 tueamur
628 3995 662 4049 et
693 3985 783 4049 beati
814 3985 899 4049 Petri
939 3995 1038 4067 atque
1074 3995 1188 4049 sancte
1224 3985 1311 4049 sedis
1343 3985 1526 4067 apostolice
1557 3985 1742 4066 patrocinio

72 4076 260 4138 muniamus.
313 4077 516 4157 Eapropter‚
553 4075 662 4139 dilecti
694 4076 727 4138 in
758 4075 895 4138 domino
927 4074 999 4152 filii,
1030 4075 1145 4138 vestris
1176 4072 1430 4138 racionabilibus
1460 4073 1743 4156 postulacionibus

71 4175 193 4243 gratum
217 4165 395 4246 prebentes
419 4185 602 4240 assensum,
633 4186 693 4228 vos
716 4175 749 4228 et
771 4175 881 4228 vestra
903 4164 1102 4227 monasteria
1120 4161 1162 4246 d),
1186 4173 1298 4228 sancte
1323 4163 1743 4246 memoriepredecessoris

73 4255 166 4315 nostri
198 4275 288 4337 pape
319 4253 438 4319 Calixti
470 4255 616 4336 vestigiis
647 4253 849 4331 inherentes,
890 4252 1072 4340 apostolice
1110 4253 1197 4318 sedis
1235 4254 1420 4335 patrocinio
1451 4253 1604 4316 duximus
1635 4262 1742 4335 prote-

72 4343 182 4422 genda.
240 4344 302 4407 Per
335 4345 497 4427 presentis
532 4345 628 4426 igitur
661 4344 821 4426 privilegii
854 4345 1011 4426 paginam
1042 4344 1285 4420 constituimus,
1328 4353 1377 4418 ut,
1413 4363 1636 4424 quascumque
1668 4363 1742 4424 pos·

72 4433 237 4509 sessiones,
270 4453 477 4516 quecumque
508 4433 599 4498 bona
628 4433 660 4496 in
691 4434 933 4515 presenciarum
957 4433 1040 4496 iuste
1064 4443 1097 4496 et
1119 4432 1264 4514 legitime
1291 4432 1461 4514 possidere
1490 4431 1656 4508 videmini,
1688 4442 1745 4495 aut

73 4519 266 4585 infuturum
290 4525 504 4588 concessione
531 4523 734 4605 pontificum,
767 4523 938 4604 largitione
962 4542 1075 4604 regum
1097 4523 1150 4586 vel
1173 4523 1367 4605 principum,
1399 4521 1571 4585 oblacione
1598 4519 1744 4584 fidelium

72 4610 217 4674 serraliis
241 4613 333 4675 iustis
366 4613 482 4690 modis,
513 4623 680 4695 prestante
712 4612 857 4686 domin0,
887 4613 1037 4694 poteritis
1061 4613 1207 4694 adipisci,
1240 4611 1333 4674 firma
1355 4611 1451 4674 vobis
1484 4611 1517 4672 in
1548 4620 1744 4692 perpetuum

73 4708 102 4760 et
123 4698 249 4764 illibata
276 4712 500 4784 permaneant.
546 4703 582 4765 In
615 4701 733 4784 quibus
766 4699 828 4764 hec
856 4702 1052 4764 nominatim
1076 4700 1292 4784 exprimenda
1314 4701 1556 4764 subiunximus:
1590 4699 1744 4763 ecclesias

73 4788 219 4854 videlicet
242 4793 347 4855 sancti
371 4790 514 4873 Georgii,
539 4793 641 4855 sancti
666 4790 820 4854 Iohannis
843 4789 976 4868 Batiste,
999 4791 1103 4854 sancti
1128 4790 1314 4868 Clementis,
1343 4799 1456 4853 sancte
1480 4789 1608 4866 Cecilie,
1639 4790 1743 4852 sancti

73 4877 222 4956 Faustini,
255 4890 368 4945 sancte
398 4879 618 4963 Heuphemie,
650 4881 754 4944 sancti
778 4881 889 4961 Firmi,
919 4881 952 4942 in
985 4881 1112 4962 capella
1142 4881 1246 4944 sancti
1274 4879 1380 4958 Pauli,
1413 4879 1516 4942 sancti
1547 4878 1743 4955 Sebastiani,

73 4978 178 5032 sancte
194 4971 301 5033 Marie
317 4971 551 5048 consolatricis,
575 4971 607 5033 in
623 4969 729 5051 burgo
746 4969 882 5033 ecclesie
897 4971 1001 5032 sancti
1018 4970 1171 5034 Iohannis
1186 4971 1312 5033 Batiste
1333 4970 1365 5032 in
1380 4969 1485 5044 Valle,
1510 4969 1744 5031 monasterium

74 5059 168 5120 sancti
194 5059 367 5123 Michaelis
391 5061 423 5123 in
448 5060 638 5142 Campania,
669 5059 775 5122 sancti
798 5058 953 5122 Iohannis
975 5059 1101 5124 Batiste
1125 5061 1157 5123 in
1181 5060 1367 5142 Quinciano
1391 5078 1466 5121 cum
1490 5057 1617 5140 capella
1640 5059 1743 5121 sancti

73 5144 260 5224 Alexandri,
285 5149 439 5213 ecclesias
461 5149 614 5212 videlicet
637 5149 741 5211 sancti
765 5149 850 5211 Petri
874 5149 916 5211 de
940 5148 1086 5231 Capan0‚
1111 5151 1214 5213 sancti
1230 5149 1320 5212 Pauli
1342 5148 1384 5211 de
1399 5149 1516 5224 Pruno,
1540 5157 1573 5210 et
1596 5147 1742 5210 omnium

73 5247 255 5300 sanctorum
280 5238 321 5301 de
344 5240 494 5314 Novaris,
518 5248 629 5302 sancte
653 5237 757 5299 Marie
781 5237 822 5300 de
846 5237 987 5314 Turan0,
1011 5241 1115 5303 sancti
1140 5239 1296 5315 Cassiani,
1320 5245 1354 5300 et
1377 5237 1525 5301 omnium
1547 5233 1743 5299 Sanctorum

75 5323 111 5386 de
131 5327 310 5404 Marciana,
345 5327 517 5392 ecclesiam
547 5328 651 5390 sancti
678 5326 862 5402 Pancracii‚
896 5327 1067 5392 ecclesiam
1098 5330 1202 5392 sancti
1226 5327 1359 5410 Georgii
1391 5327 1424 5389 in
1448 5323 1541 5402 Salis,
1573 5326 1744 5389 ecclesiam

73 5417 170 5479 sancti
195 5417 368 5480 Michaelis
392 5418 434 5481 de
458 5417 655 5494 Calmasino,
681 5415 853 5479 ecclesiam
876 5417 980 5480 sancti
1004 5419 1150 5482 Faustini
1175 5419 1217 5481 de
1239 5428 1353 5481 monte
1376 5417 1547 5494 Draconis,
1572 5415 1744 5479 ecclesiam

74 5507 170 5568 sancti
193 5507 398 5570 Prosdocimi
422 5527 497 5571 cum
521 5507 657 5583 decima,
683 5505 846 5569 decimam
866 5503 960 5588 Aspi,
985 5507 1157 5571 ecclesiam
1179 5508 1283 5572 sancti
1306 5506 1477 5570 Ambrosii
1501 5506 1542 5569 de
1566 5505 1742 5584 Casilialto,

75 5637 152 5647 ἡ..
137 5642 492 5652 -Μ-,η-*ωᾳμ-

228 5703 254 5764 a)
273 5717 394 5767 personas
464 5702 491 5770 b)
510 5703 628 5752 fratruum
700 5701 724 5768 c)
743 5701 810 5751 wohl
824 5706 964 5751 sanctarum
1035 5703 1063 5768 d)
1082 5699 1201 5750 mal...
1211 5703 1248 5768 .1)
1267 5699 1315 5750 Die
1327 5700 1452 5766 Abschrist
1468 5699 1543 5751 dieser
1557 5700 1674 5751 Urhorde
1689 5715 1743 5750 vrr-

75 5768 145 5822 dmm
161 5771 199 5822 ich
217 5773 297 5826 durch
314 5775 487 5842 Vermittclung
504 5775 544 5826 des
554 5775 639 5825 Herm
660 5773 756 5840 Grry‘en
771 5773 797 5825 C
815 5773 845 5823 C
834 5775 907 5839 polla
924 5775 978 5824 dem
989 5773 1074 5826 Herm
1097 5771 1305 5824 chblbliorhekar
1316 5771 1397 5824 Retro
1408 5772 1578 5840 Sgulniero
1595 5790 1626 5824 ru
1642 5775 1742 5827 Verona.
