4142 6366
315 338 381 401 204

315 531 414 593 quam
446 508 572 582 suturis,
607 503 807 592 [regulariter
837 501 1093 590 substituendis]
1126 507 1158 567 in
1190 515 1393 587 perpetuum.
1439 506 1601 567 Effectum
1633 505 1717 567 iusta
1747 503 1994 586 postulantibus

313 600 490 680 indulgere,
513 598 607 678 vigor
629 596 783 684 equitatis
799 605 832 658 et
848 595 931 658 ordo
947 595 1050 676 exigit
1066 595 1208 670 rationis,
1232 596 1403 675 presertim
1428 594 1561 675 quando
1588 595 1769 675 petentium
1786 594 1994 655 voluntatem

315 699 348 752 et
369 690 476 771 pietas
499 687 631 748 adiuvat
662 696 695 747 et
717 687 836 748 veritas
868 705 934 746 non
966 685 1128 765 relinquit.
1176 681 1369 765 Eapropter,
1402 684 1512 746 dilecti
1546 685 1578 744 in
1610 683 1746 746 domino
1778 683 1845 757 filii,
1879 683 1994 744 vestris

314 779 405 841 iustis
428 774 703 859 postulationibus
727 775 904 837 clementer
927 775 1098 836 annuimus
1122 783 1156 836 et
1177 773 1447 854 predecessorum
1470 784 1666 847 nostrorum,
1698 771 1802 834 felicis
1834 773 1994 834 memorie

315 866 469 931 Celestini
489 863 521 951 ¹),
545 865 693 946 Eugenii,
722 863 889 926 Anastasii
921 873 954 926 et
979 863 1126 938 Adriani,
1150 863 1376 926 Romanorum
1401 863 1604 944 pontificum,
1627 863 1773 943 vestigiis
1797 862 1993 934 inherentes,

315 957 412 1041 beate
436 955 488 1017 dei
512 955 678 1036 genitricis
700 974 896 1035 semperque
919 953 1052 1034 virginis
1069 953 1172 1036 Marie
1187 953 1446 1034 Pomposianum
1470 952 1713 1027 monasterium,
1737 952 1770 1013 in
1795 971 1864 1031 quo
1883 951 1995 1012 divino

315 1045 492 1126 mancipati
516 1044 593 1106 estis
618 1043 787 1124 obsequio,
823 1043 883 1106 sub
908 1043 996 1104 beati
1020 1043 1104 1105 Petri
1129 1053 1162 1104 et
1185 1049 1297 1104 nostra
1320 1043 1527 1124 protectione
1550 1042 1752 1122 suscepimus
1776 1050 1809 1103 et
1832 1039 1995 1122 presentis

315 1135 426 1217 scripti
457 1132 625 1215 privilegio
658 1133 907 1195 communimus.
958 1131 1162 1206 Statuentes,
1196 1141 1231 1193 ut
1260 1150 1483 1213 quascumque
1514 1132 1754 1213 possessiones
1787 1149 1996 1214 quecumque

315 1224 406 1286 bona
429 1224 461 1285 in
484 1223 720 1304 presentiarum
744 1223 826 1284 iuste
850 1233 883 1284 et
905 1223 1062 1285 canonice
1087 1219 1233 1303 possidet
1256 1232 1312 1284 aut
1335 1223 1367 1284 in
1392 1222 1532 1284 futurum
1550 1221 1761 1284 concessione
1789 1218 1995 1301 pontificum,

317 1314 490 1394 largitione
522 1331 635 1393 regum
658 1312 710 1374 vel
738 1312 931 1393 principum,
965 1311 1134 1374 oblatione
1157 1309 1301 1373 fidelium
1333 1331 1389 1373 seu
1420 1310 1490 1372 aliis
1520 1310 1611 1373 iustis
1639 1310 1763 1386 modis,
1796 1318 1996 1390 procurante

318 1403 462 1476 domino,
495 1401 618 1483 poterit
641 1401 791 1482 adipisci,
823 1401 916 1463 firma
945 1400 1041 1464 vobis
1064 1401 1245 1480 vestrisque
1274 1399 1517 1463 successoribus
1548 1410 1581 1462 et
1613 1399 1738 1462 illibata
1768 1407 1995 1480 permaneant.

317 1492 353 1555 In
378 1492 495 1573 quibus
519 1491 580 1576 hec
604 1491 744 1571 propriis
769 1490 921 1553 duximus
944 1491 1160 1572 exprimenda
1183 1490 1367 1554 vocabulis:
1407 1490 1560 1552 videlicet
1584 1487 1808 1551 massacellam
1824 1489 1995 1568 integram,

319 1601 383 1667 que
413 1590 550 1643 vocatur
582 1580 756 1642 Materaria
775 1577 819 1664 a),
860 1590 893 1641 et
925 1598 1155 1663 massamque
1184 1587 1322 1642 vocatur
1352 1579 1511 1642 Mauseuli
1530 1576 1559 1663 b)
1590 1580 1759 1660 integram,
1792 1586 1826 1639 et
1856 1576 1995 1638 fundum

318 1689 419 1733 unum
442 1671 604 1750 integrum
628 1671 682 1750 qui
706 1679 843 1732 vocatur
865 1668 981 1732 Casale
1002 1667 1181 1750 publicum,
1213 1689 1354 1731 massam
1387 1689 1450 1754 quq
1473 1678 1610 1730 vocatur
1633 1665 1765 1750 Nepoti,
1796 1677 1829 1729 et
1854 1685 1995 1728 massam

320 1779 383 1843 que
406 1770 543 1821 vocatur
565 1757 673 1840 Caput
701 1758 805 1834 bovis,
834 1769 952 1821 terram
983 1768 1017 1821 et
1048 1759 1187 1834 vineam,
1217 1759 1311 1820 sicuti
1342 1758 1444 1820 modo
1469 1779 1529 1820 vos
1561 1757 1691 1820 habetis
1723 1767 1756 1819 et
1786 1756 1910 1818 tenetis
1934 1756 1997 1815 iure

319 1849 408 1912 beati
432 1848 517 1910 Petri
542 1848 692 1930 apostoli,
725 1868 785 1910 nec
816 1868 882 1909 non
912 1855 944 1910 et
974 1849 1079 1929 ripam
1110 1847 1252 1910 fluminis
1274 1847 1447 1910 Alemonis
1479 1867 1521 1910 ex
1551 1847 1695 1929 utrisque
1726 1846 1877 1927 partibus
1910 1845 1997 1906 iuxta

320 1956 461 2000 massam
486 1957 550 2022 que
569 1947 708 2002 ,vocatur
722 1937 826 2012 Prata,
852 1938 1052 2000 extendente
1076 1938 1148 2018 ipsa
1171 1938 1243 2019 ripa
1267 1938 1309 2000 ab
1326 1936 1491 2018 Agagiolo
1515 1957 1618 2018 usque
1639 1936 1682 1999 ad
1699 1955 1854 2017 campum
1872 1933 1996 2006 Beduli,

319 2037 437 2089 terram
460 2021 517 2110 (et)
539 2027 669 2088 vineam
693 2027 783 2089 iuxta
807 2047 916 2090 muros
940 2027 1079 2089 civitatis
1102 2025 1259 2112 Ravenne
1283 2047 1357 2089 cum
1385 2037 1472 2089 turre
1494 2026 1689 2090 Umbratica
1707 2020 1735 2108 c)
1766 2025 1798 2086 in
1823 2025 1997 2106 integrum,

320 2137 340 2178 a
363 2116 530 2196 posterula
552 2114 694 2197 Augusti
723 2137 825 2198 usque
856 2117 898 2179 ad
931 2126 1061 2198 portam
1084 2117 1284 2178 Laurensem
1304 2114 1341 2200 d),
1372 2116 1503 2179 hortum
1535 2135 1633 2178 unum
1665 2115 1826 2195 integrum
1858 2114 1894 2174 in
1927 2112 1997 2174 loco

320 2205 431 2286 pontis
448 2203 582 2268 Calciati
607 2207 639 2268 in
663 2206 796 2286 regione
820 2207 923 2268 sancti
948 2203 1081 2292 Andree
1105 2226 1124 2267 a
1148 2205 1276 2268 duobus
1309 2206 1472 2281 lateribus,
1504 2206 1572 2267 iura
1596 2205 1696 2286 ipsius
1727 2203 1831 2266 sancti
1852 2201 1997 2284 Andree,

320 2315 340 2356 a
364 2294 495 2374 reliquis
520 2293 648 2356 duobus
672 2289 852 2379 (lateribus)
867 2297 921 2357 via
937 2295 1077 2377 publica,
1102 2313 1244 2357 massam
1261 2295 1430 2377 integram,
1455 2313 1519 2378 que
1534 2304 1670 2356 vocatur
1684 2294 1791 2355 Lacus
1811 2303 1947 2355 sanctus
1964 2289 1997 2372 θ),

322 2402 395 2446 cum
420 2384 573 2446 omnibus
596 2382 693 2446 rebus
724 2395 756 2448 et
787 2385 992 2466 pertinentiis
1025 2385 1106 2460 suis,
1138 2404 1212 2446 cum
1243 2383 1350 2466 plebe,
1383 2383 1517 2466 capellis
1541 2404 1580 2445 ac
1603 2383 1705 2445 titulis
1736 2383 1853 2464 ipsiuS,
1887 2381 1922 2443 id
1953 2390 1999 2442 est

320 2481 434 2557 sancte
458 2473 570 2557 Marie,
602 2474 705 2535 sancti
730 2474 870 2549 Martini,
901 2475 1005 2536 sancti
1029 2475 1115 2537 Petri
1148 2485 1181 2536 et
1203 2475 1306 2536 sancti
1330 2474 1494 2546 Venantii‚
1526 2493 1600 2536 cum
1624 2472 1759 2534 decimis
1783 2481 1816 2535 et
1846 2470 1998 2552 primitiis

321 2571 452 2624 etcum
476 2562 630 2624 omnibus
653 2563 913 2626 ordinationibus
941 2565 1015 2639 suis,
1048 2574 1080 2626 et
1111 2584 1185 2626 cum
1214 2564 1354 2644 piscaria
1384 2583 1448 2650 que
1477 2573 1613 2625 vocatur
1635 2561 1758 2624 Tidinii
1777 2559 1814 2644 f),
1847 2570 1882 2623 et
1914 2559 1998 2620 fossa

321 2650 591 2732 archipresbiteri,
615 2660 648 2714 et
663 2653 803 2732 piscaria
826 2673 890 2739 que
912 2664 1048 2716 vocatur
1063 2653 1171 2728 Falce,
1196 2672 1269 2715 cum
1293 2654 1367 2715 loco
1392 2654 1447 2734 qui
1464 2663 1600 2715 vocatur
1615 2651 1810 2732 Montigello
1830 2649 1870 2734 s),
1895 2649 1999 2712 Lacus

321 2741 425 2802 siccus
449 2761 524 2802 cum
549 2741 627 2822 ripis
650 2740 792 2804 fluminis
815 2742 896 2805 Padi
924 2753 957 2805 et
980 2743 1079 2806 Gauri
1098 2741 1127 2827 t)
1159 2763 1200 2804 ex
1230 2744 1376 2824 utrisque
1404 2742 1553 2824 partibus
1584 2761 1687 2822 usque
1720 2740 1761 2802 ad
1785 2759 1896 2812 mare,
1927 2747 1999 2801 eta

322 2831 395 2892 loco
420 2828 554 2917 Conche
583 2829 717 2912 Aghate
735 2827 764 2915 h)
793 2852 837 2894 ex
866 2852 931 2894 una
962 2842 1055 2913 parte
1085 2852 1188 2913 usque
1218 2832 1260 2894 ad
1294 2851 1391 2908 mare,
1424 2851 1499 2894 cum
1530 2831 1605 2894 loco
1637 2831 1764 2911 integro
1795 2829 1851 2910 qui
1886 2828 2000 2890 dicitur

321 2917 566 2995 Massenzatiea,
583 2919 668 2982 inter
681 2920 796 2984 affines
814 2919 843 3006 i)
860 2921 902 2984 de
917 2931 989 2984 toto
1006 2921 1080 2984 loco
1097 2941 1135 2984 ac
1151 2922 1314 2984 territorio
1331 2922 1440 3005 Masse
1457 2940 1521 3004 que
1536 2930 1673 2983 vocatur
1688 2921 1794 2982 Lacus
1809 2927 1946 2981 sanctus
1963 2914 1997 2998 Β),

315 3008 364 3094 ab
388 3028 454 3070 uno
478 3009 578 3072 latere
602 3009 690 3072 fossa
713 3011 892 3073 molendini
918 3011 959 3074 de
981 3011 1072 3072 volta
1087 3011 1232 3074 Lateroli
1252 3009 1287 3096 l),
1312 3011 1535 3074 descendente
1555 3011 1587 3072 in
1603 3009 1784 3091 Aquiliolo,
1808 3017 1842 3070 et
1864 3005 1997 3069 alluvio

322 3097 449 3160 Tribba
478 3119 582 3180 usque
613 3101 646 3162 in
669 3099 785 3176 Eliam,
817 3111 850 3163 et
881 3121 940 3181 per
961 3100 1118 3182 paludem
1142 3121 1246 3182 usque
1275 3102 1308 3162 in
1333 3102 1477 3164 mediam
1501 3099 1654 3174 Curbam,
1686 3109 1719 3161 et
1749 3098 1833 3160 ultra
1856 3095 1998 3161 Curbam

322 3207 426 3268 usque
441 3186 575 3263 Padum,
600 3199 634 3250 et
656 3188 739 3251 ultra
761 3189 886 3252 Padum
910 3210 1013 3271 usque
1037 3189 1080 3251 ad
1096 3189 1221 3254 Gazurn
1230 3187 1268 3274 11¹)
1292 3191 1452 3272 episcopii
1478 3199 1590 3267 sancte
1607 3187 1831 3252 Comaclensis
1854 3185 1998 3270 ecclesie,

323 3276 401 3338 inde
424 3297 527 3358 usque
550 3277 593 3339 ad
617 3277 750 3340 fiuvium
775 3280 830 3360 qui
846 3290 982 3342 vocatur
997 3278 1086 3342 Cessi
1106 3277 1143 3364 Π),
1168 3279 1210 3342 ab
1227 3281 1292 3342 alio
1307 3280 1408 3342 latere
1432 3301 1542 3343 cursus
1559 3277 1763 3341 descendens
1779 3277 1812 3338 in
1829 3274 1997 3339 Concham

323 3364 477 3451 Agatule,
505 3377 537 3430 et
560 3387 620 3448 per
643 3367 749 3449 ipsam
773 3369 805 3430 in
828 3368 981 3442 Gaurum,
1015 3389 1034 3430 a
1057 3371 1153 3432 tertio
1179 3370 1278 3432 latere
1301 3370 1395 3450 palus
1419 3389 1482 3456 que
1512 3370 1620 3451 pergit
1643 3369 1727 3431 inter
1751 3367 1855 3428 rivum
1879 3363 1996 3446 Angeli

324 3465 358 3518 et
381 3456 651 3519 Massenzaticam
673 3478 777 3539 usque
800 3459 1026 3521 Monticellum
1050 3467 1083 3520 et
1107 3454 1345 3542 Vedetosa(m),
1377 3454 1585 3541 currente(m)
1610 3460 1642 3520 in
1665 3457 1799 3531 Padum,
1830 3477 1850 3517 a
1884 3463 1997 3536 quarto

321 3545 422 3607 latere
437 3543 617 3608 Vaculinus
640 3553 673 3608 et
696 3568 774 3629 ager
797 3548 901 3610 malus
924 3559 958 3610 et
973 3547 1072 3611 Callis
1097 3548 1138 3610 de
1154 3548 1340 3624 Vincareto,
1366 3559 1559 3631 pergentem
1575 3549 1608 3609 in
1624 3546 1820 3610 Laterclum.
1865 3544 1999 3626 Insuper

322 3636 533 3698 concedimus
548 3637 643 3699 vobis
659 3638 832 3717 piscariam
849 3638 1017 3719 integram,
1040 3657 1103 3718 que
1119 3649 1255 3700 vocatur
1270 3638 1407 3713 Volana,
1429 3659 1502 3701 cum
1521 3639 1590 3699 rivo
1606 3636 1767 3699 Badalino
1784 3644 1817 3697 et
1833 3633 1999 3698 Gavalena

323 3724 454 3801 maiore,
483 3725 526 3787 ad
550 3727 656 3807 ipsam
678 3727 852 3807 piscariam
876 3728 1068 3808 pertinente,
1093 3746 1168 3788 curn
1189 3727 1368 3809 porticellis
1392 3749 1434 3790 ex
1458 3727 1602 3808 utrisque
1626 3725 1783 3808 partibus,
1815 3725 1901 3787 sicut
1924 3722 1998 3786 olim

322 3813 521 3878 intraverunt
545 3815 577 3877 in
601 3835 698 3890 mare,
730 3815 838 3878 eidem
861 3817 1009 3878 similiter
1031 3817 1242 3897 pertinentes.
1289 3817 1360 3902 Hec
1384 3818 1535 3880 nimirum
1568 3817 1679 3878 omnia
1701 3814 1797 3877 vobis
1820 3813 1998 3893 vestrisque

321 3904 563 3967 successoribus
584 3905 738 3986 legitimis
761 3915 794 3968 et
817 3905 977 3980 fratribus,
1010 3906 1160 3986 religiose
1183 3905 1376 3981 viventibus
1408 3914 1569 3988 perpetuo
1593 3905 1748 3968 habenda
1779 3903 1997 3974 concedimus,

323 3993 369 4056 ita
390 4013 478 4068 sane,
504 4004 538 4056 ut
562 4015 582 4054 a
603 3994 699 4056 vobis
722 3995 856 4076 singulis
881 3995 1141 4076 quibuscumque
1162 3997 1255 4058 annis
1271 3996 1439 4076 pensionis
1456 3997 1590 4058 nomine
1605 4005 1670 4057 tres
1686 3993 1830 4074 argentei
1846 3991 1945 4054 solidi
1963 3987 1997 4070 0),

323 4081 515 4145 difficultate
539 4083 742 4164 postposita,
775 4084 872 4146 nobis
896 4085 1080 4165 nostrisque
1111 4085 1352 4147 successoribus
1376 4085 1580 4166 persolvatis.
1626 4083 1682 4146 Ad
1714 4083 1777 4167 hec
1807 4083 1997 4143 auctoritate

322 4171 505 4253 apostolica
529 4173 764 4247 constituimus,
789 4182 824 4234 ut
846 4173 937 4235 locus
961 4173 1031 4254 ipse
1050 4170 1079 4257 Ρ)
1103 4184 1158 4236 aut
1181 4194 1241 4249 res,
1273 4174 1315 4236 ad
1340 4194 1414 4236 eum
1437 4175 1647 4255 pertinentes,
1678 4171 1756 4234 nulli
1781 4170 1997 4251 ecclesiastice

322 4280 463 4346 persone
487 4261 547 4322 nisi
571 4271 699 4322 tantum
720 4259 879 4324 Romanis
901 4261 1114 4343 pontificibus
1138 4262 1282 4325 debeant
1305 4263 1474 4326 subiacere
1491 4260 1525 4347 ²).
1572 4262 1721 4326 Chrisma
1740 4281 1818 4323 vero
1835 4271 1870 4322 et
1894 4259 1995 4321 oleum

322 4361 472 4413 sanctum
495 4370 515 4411 a
531 4349 737 4412 Comaclensi
762 4351 930 4432 accipietis
946 4351 1114 4432 episcopo,
1138 4353 1164 4414 si
1182 4352 1361 4415 catholicus
1377 4352 1473 4415 fuerit
1496 4362 1529 4414 et
1544 4354 1614 4415 sine
1635 4351 1807 4432 pravitatis
1828 4349 1997 4412 exactione

322 4441 422 4521 gratis
446 4439 541 4501 vobis
565 4439 643 4501 dare
666 4439 819 4516 voluerit;
843 4441 894 4502 sin
918 4451 1035 4516 antem,
1064 4461 1126 4522 pro
1150 4442 1272 4504 eisdem
1296 4443 1508 4504 sacramentis
1531 4440 1731 4523 accipiendis
1755 4441 1797 4501 ad
1815 4455 1996 4521 quemcum-

323 4549 387 4610 que
411 4527 609 4590 catholicum
633 4529 808 4591 malueritis
831 4531 1026 4611 episcopum
1050 4531 1227 4593 recurratis.
1274 4531 1546 4594 Benedictionem
1571 4550 1704 4612 quoque
1725 4528 1866 4602 abbatis,
1891 4545 1995 4589 mona-

323 4618 460 4680 chorum
482 4628 665 4680 vestrorum
689 4619 912 4682 ordinationes
938 4630 970 4682 et
1002 4622 1265 4682 consecrationes
1289 4621 1438 4683 altarium
1470 4619 1658 4683 monasterii
1682 4619 1781 4681 vestri
1812 4627 1847 4680 et
1880 4633 1995 4686 eorum,

323 4727 386 4792 que
402 4708 435 4769 in
453 4727 560 4770 massa
574 4706 681 4770 Lacus
703 4709 806 4770 sancti
831 4720 913 4785 sunt,
939 4729 958 4771 a
981 4728 1047 4789 quo
1071 4710 1245 4786 volueritis,
1270 4710 1433 4772 catholico
1457 4711 1617 4791 episcopo
1641 4709 1814 4789 suscipere,
1838 4705 1995 4769 licentiam

322 4796 479 4872 habeatis,
506 4797 569 4877 qui,
602 4798 784 4884 apostolice
808 4799 894 4861 sedis
926 4798 1023 4860 fultus
1046 4799 1248 4874 auctoritate,
1283 4799 1374 4880 quod
1406 4800 1596 4881 postulatur,
1622 4797 1799 4878 indulgeat.
1846 4793 1994 4858 Mansuro

323 4887 423 4948 etiarn
446 4886 580 4948 decreto
604 4888 784 4962 statuimus,
813 4896 848 4948 ut
872 4907 980 4970 neque
1003 4897 1046 4961 tu,
1079 4887 1198 4950 dilecte
1222 4889 1254 4950 in
1279 4889 1415 4951 domino
1439 4889 1483 4950 fili
1509 4888 1622 4963 abbas,
1655 4906 1762 4968 neque
1791 4885 1910 4966 aliquis
1933 4900 1995 4946 suc·

323 4995 488 5037 cessorum
512 4985 641 5038 tuorum
666 4976 708 5038 ad
732 4976 906 5040 cuiuslibet
928 4977 1077 5058 episcopi
1101 4977 1266 5059 synodum
1294 4998 1430 5059 pergere
1463 4977 1689 5060 compellatur,
1721 4976 1781 5038 nisi
1806 4997 1825 5037 a
1847 4975 1994 5037 Romano

323 5065 480 5146 pontifice
496 5065 547 5128 vel
571 5063 680 5146 legato
703 5067 772 5129 eius
788 5066 882 5129 fuerit
906 5068 1068 5128 invitatus
1100 5066 1156 5128 Ad
1180 5066 1241 5129 hec
1265 5068 1444 5130 adicientes
1462 5067 1674 5141 decernimus,
1699 5074 1735 5126 ut
1754 5065 1833 5127 nulli
1852 5062 1886 5145 q)
1903 5061 1994 5126 archi·

323 5152 539 5240 episcopos),
564 5155 641 5216 nulli
666 5156 825 5238 episcopo
850 5157 955 5232 liceat,
987 5156 1187 5218 monasterio
1210 5166 1320 5220 vestro
1344 5177 1520 5238 gravamen
1545 5157 1662 5219 inserte
1693 5175 1753 5217 nec
1786 5154 1819 5216 in
1851 5155 1925 5235 ipso
1947 5161 1994 5212 aut

483 5441 508 5505 a)
526 5440 678 5489 Marerraria
696 5440 730 5489 II
795 5439 821 5502 b)
841 5439 1018 5489 MacesenliI
1073 5439 1097 5506 c)
1116 5439 1270 5490 Umbrlatica
1289 5439 1322 5488 II
1378 5439 1405 5502 d)
1425 5440 1451 5489 in
1473 5439 1573 5489 &latin
1592 5441 1637 5489 II:
1654 5441 1808 5489 Taurensem
1885 5439 1909 5502 e)
1922 5438 1994 5486 Lacus

323 5509 416 5558 sanctis
436 5509 454 5558 I
521 5511 546 5570 s)
565 5527 591 5560 so
608 5513 635 5561 in
654 5513 688 5572 II,
707 5513 734 5561 in
752 5512 780 5561 I:
798 5511 881 5574 Cidni,
900 5517 925 5560 et
944 5512 1013 5560 rossa
1032 5512 1244 5576 archipresbiteri,
1264 5517 1288 5561 et
1307 5511 1414 5576 piscaria
1432 5527 1480 5576 que
1499 5518 1603 5562 vocatur
1622 5511 1773 5575 Montigello
1846 5513 1874 5576 g)
1893 5504 1999 5559 Geudil

323 5581 351 5646 h)
371 5580 461 5631 Conde
480 5583 620 5647 AgatheI
697 5585 715 5651 i)
735 5585 797 5633 fines
815 5583 848 5632 Il
925 5583 952 5650 k)
972 5583 1054 5633 Lacus
1073 5583 1190 5632 sancti!
1268 5583 1286 5648 l)
1307 5584 1425 5633 Lateralli
1445 5584 1478 5633 II
1553 5586 1590 5646 m)
1615 5584 1724 5648 Gagium
1744 5582 1776 5631 II
1842 5584 1870 5644 n)
1890 5581 1955 5632 Cerri
1970 5575 1998 5626 II

322 5655 349 5716 ο)
369 5660 489 5718 argentos
508 5655 604 5704 solidos
623 5655 642 5703 Ι
707 5659 735 5721 p)
754 5657 836 5720 ipsum
854 5655 887 5704 II
953 5653 981 5720 q)
991 5655 1061 5719 fehlt
1077 5655 1103 5704 in
1122 5655 1158 5704 II.
1181 5695 1184 5699 .
1251 5659 1287 5720 .1)
1310 5655 1369 5704 Urk.
1388 5671 1443 5705 vom
1459 5658 1492 5706 16
1503 5656 1632 5705 December
1647 5657 1722 5706 1143.
1797 5654 1826 5722 2)
1845 5654 1915 5704 Diest
1928 5663 1995 5719 gutte

321 5725 494 5793 Bestimmung
502 5725 570 5792 fehlt
586 5727 646 5778 noch
665 5727 691 5776 in
709 5728 753 5778 der
774 5726 834 5778 Urk.
857 5725 975 5778 Cdlestins
993 5726 1029 5775 II.
