4126 6356
1710 289 1770 362 ¹39

90 471 316 553 redemptoris
338 471 439 532 nostri
470 467 543 532 Iesu
567 467 696 545 Christi,
719 467 911 544 alienafiat,
944 475 1043 549 atque
1067 465 1098 530 in
1130 477 1279 532 extremo
1310 465 1462 532 examine
1492 463 1637 533 districte
1661 472 1772 536 ultioni

87 561 272 624 subiaceat.
320 558 451 623 Cunctis
483 567 603 632 autem,
635 558 742 620 eidem
774 557 849 620 loco
883 560 967 620 iusta
996 557 1207 633 servantibus,
1239 559 1280 621 sit
1312 579 1378 640 pax
1410 560 1534 620 domini
1567 563 1668 624 nostri
1699 563 1771 631 Iesu

89 649 223 725 Christi,
257 648 410 732 quatinus
442 656 475 710 et
507 646 560 710 hic
591 647 730 709 fructum
763 647 851 709 bone
882 648 1019 710 actionis
1042 648 1224 730 percipiant
1255 656 1289 710 et
1311 648 1398 729 apud
1423 649 1605 712 districtum
1627 650 1770 715 'iudicem

89 742 221 822 premia
246 749 360 802 eterne
384 741 475 818 pacis
498 737 670 799 inveniant.
716 735 836 798 Amen.
859 734 935 798 Am.
959 735 1035 798 Am.

310 827 366 908 (R)
389 828 463 909 Ego
486 825 681 888 Anastasius
705 824 866 888 catholice
887 823 913 909 a)
937 826 1074 888 ecclesie
1098 825 1273 907 episcopus
1297 845 1338 886 ss.
1362 823 1422 910 (M)

308 918 329 994 †
351 917 424 997 Ego
450 915 589 979 Cencius
612 917 800 978 Portuensis
825 923 859 977 et
881 924 992 977 sancte
1016 912 1134 976 Rufine
1158 917 1335 996 episcopus
1358 935 1399 977 ss.

308 1005 328 1086 †
351 1006 424 1086 Ego
450 997 627 1086 Gregorius
652 1004 841 1068 Sabinensis
866 1007 1043 1086 episcopus
1065 1024 1107 1065 ss.

308 1096 329 1174 †
352 1096 425 1176 Ego
450 1093 558 1157 Guido
582 1095 745 1176 presbiter
768 1094 938 1156 cardinalis
961 1095 1008 1156 tit.
1031 1095 1135 1156 sancti
1161 1089 1334 1174 Grisogoni
1356 1113 1397 1155 ss.

310 1179 330 1264 †
353 1183 426 1265 Ego
450 1183 643 1246 Manlredus
667 1184 829 1264 presbiter
851 1183 1020 1245 cardinalis
1042 1185 1091 1245 tit.
1114 1189 1226 1244 sancte
1250 1180 1369 1245 Savine
1391 1203 1432 1244 ss.

310 1268 330 1353 †
353 1271 427 1354 Ego
449 1274 547 1336 lulius
571 1273 735 1354 presbiter
757 1272 927 1334 cardinalis
949 1273 996 1335 tit.
1020 1272 1125 1334 sancti
1149 1271 1296 1333 Marcelli
1319 1291 1360 1333 ss.

308 1361 328 1442 †
352 1361 424 1443 Ego
449 1361 621 1424 Hubaldus
645 1361 806 1444 presbiter
830 1361 1002 1425 cardinalis
1025 1363 1071 1424 tit.
1093 1370 1207 1423 sancte
1231 1360 1343 1423 Crucis
1367 1361 1397 1423 in
1420 1362 1596 1426 Ierusalem
1620 1383 1662 1424 ss.

308 1451 329 1528 †
352 1450 425 1532 Ego
450 1449 651 1514 Octavianus
675 1450 837 1533 presbiter
860 1451 1032 1514 cardinalis
1055 1453 1103 1512 tit.
1125 1459 1239 1512 sancte
1263 1449 1382 1513 Cecilie
1404 1471 1447 1513 ss.

308 1539 328 1618 †
350 1541 424 1622 Ego
448 1540 608 1603 Astaldus
632 1541 795 1623 presbiter
819 1539 990 1603 cardinalis
1013 1543 1062 1602 tit.
1086 1547 1198 1602 sancte
1222 1539 1331 1602 Prisce
1354 1560 1395 1602 ss.

308 1631 328 1708 †
351 1631 423 1710 Ego
436 1629 598 1693 lohannes
611 1631 774 1712 presbiter
785 1631 957 1693 cardinalis
969 1638 1154 1692 sanctorum
1170 1628 1323 1691 Iohannis
1337 1637 1370 1691 et
1382 1628 1471 1692 Pauli
1488 1631 1537 1692 tit.
1553 1630 1717 1695 Pamachii
1730 1653 1771 1695 ss.

309 1719 330 1796 †
351 1720 424 1800 Ego
448 1718 610 1782 lohannes
635 1719 798 1800 presbiter
821 1720 992 1782 cardinalis
1016 1721 1063 1781 tit.
1086 1727 1272 1781 sanctorum
1297 1716 1443 1781 Silvestri
1467 1728 1500 1782 et
1524 1721 1655 1783 Martini
1678 1741 1719 1784 ss.

308 1807 328 1888 †
351 1809 424 1889 Ego
450 1806 559 1871 Guido
584 1810 743 1871 diaconus
767 1808 936 1871 cardinalis
960 1817 1072 1872 sancte
1097 1809 1202 1870 Marie
1226 1810 1257 1870 in
1282 1807 1410 1870 Porticu
1434 1828 1475 1870 ss.

308 1897 329 1974 “i
351 1899 425 1978 Ego
449 1897 612 1960 lohannes
635 1899 794 1961 diaconus
818 1899 990 1962 cardinalis
1013 1907 1202 1960 sanctorum
1227 1895 1332 1979 Sergii
1355 1906 1388 1960 et
1412 1896 1532 1960 Bacchi
1555 1917 1597 1960 55.

254 1983 331 2046 Dat.
347 1987 512 2062 Laterani,
536 2009 595 2070 per
612 2007 743 2050 manum
760 1987 908 2062 Rolandi‚
932 1997 1044 2050 sancte
1067 1986 1218 2049 Romane
1241 1987 1377 2049 ecclesie
1402 1987 1573 2069 presbiteri
1598 1989 1773 2052 cardinalis

1 2079 2 2148 ἶ
86 2081 120 2133 et
132 2071 328 2136 cancellarii.
353 2077 428 2138 ldus
443 2073 580 2140 Octobr.
612 2077 793 2139 indictione
805 2090 852 2139 111.
882 2077 1114 2140 Incarnationis
1130 2077 1295 2139 dominice
1308 2097 1392 2140 anno
1405 2089 1539 2140 MCLIHI.
1562 2078 1772 2140 Pontificatus

1 2191 2 2248 j
78 2181 171 2224 ¹vero
194 2164 311 2226 domni
335 2163 530 2228 ANASTASn
554 2187 609 2249 pp.
633 2181 685 2229 1111
708 2187 793 2228 anno
817 2179 851 2226 11.

149 2349 187 2396 p.
253 2278 378 2344 Abschnfl
403 2295 458 2329 vom
477 2281 508 2330 13
529 2279 622 2344 Jahrb.
649 2280 689 2328 des
715 2281 853 2346 Registmm
879 2281 1000 2346 Magnum
1021 2288 1045 2345 p.
1065 2283 1125 2341 266,
1159 2280 1268 2328 Parvum
1290 2287 1316 2344 p.
1338 2281 1403 2340 186,
1429 2280 1462 2328 im
1487 2279 1601 2330 Archivio
1625 2281 1774 2346 Municipulr

87 2363 117 2395 au
176 2364 283 2400 tarnim.

842 2547 909 2621 Nr.
941 2553 1027 2622 149.

88 2673 290 2739 Anastasius
319 2676 342 2738 Ι
348 2675 376 2740 V
396 2677 515 2740 m'mmt
535 2679 598 2742 das
627 2677 757 2742 Kloster
785 2677 936 2744 Columba
961 2682 1020 2763 (D.
1054 2682 1230 2764 Piacenza)
1257 2675 1778 2762 55555515115565555656555ιί

605 2766 758 2850 besldtigt
781 2770 959 2834 1655555155
982 2768 1270 2856 6556516655551).

666 2904 749 2965 1154
765 2903 950 2968 November
963 2908 1013 2967 16.
1060 2907 1210 2970 Lateran.

256 3033 448 3096 Anastasius
472 3037 657 3119 episcopus,
681 3057 793 3100 servus
816 3059 985 3102 servorum
1010 3042 1072 3116 dei,
1096 3042 1224 3104 dilectis
1244 3041 1277 3102 in
1295 3038 1425 3103 Christo
1441 3037 1515 3100 6165
1531 3037 1638 3111 Petr0,
1660 3036 1773 3099 abbati

90 3122 285 3184 monasterii
316 3132 427 3208 sancte
458 3124 571 3208 Marie,
605 3127 659 3188 siti
690 3127 721 3189 in
752 3126 836 3203 loco,
869 3131 924 3210 qui
953 3128 1116 3194 Columba
1147 3131 1266 3193 dicitur
1297 3138 1330 3192 et
1362 3127 1551 3191 Carrectum
1582 3121 1773 3210 anltiquitus

89 3207 298 3296 vocalbatur,
322 3215 442 3292 quique
465 3213 496 3276 in
519 3215 708 3279 Placentino
733 3217 924 3299 episcopatu
948 3221 1028 3282 situs
1052 3229 1111 3296 est,
1135 3222 1270 3300 eiusque
1293 3219 1453 3291 iratribus,
1476 3224 1543 3278 tam
1568 3216 1774 3298 presentibus

91 3317 195 3379 quam
227 3299 351 3376 suturis,
383 3301 563 3384 regularem
589 3305 688 3368 vitam
720 3307 882 3386 professis,
912 3321 949 3370 ΙΝ
973 3322 1050 3370 ΡΡΜ.
1073 3346 1117 3356 -
1137 3304 1142 3393 l
1162 3308 1337 3390 Religiosis
1368 3307 1536 3370 desideriis
1567 3305 1701 3386 dignum
1724 3313 1774 3367 est

90 3388 226 3451 facilem
252 3390 391 3472 prebere
415 3412 619 3470 consensum,
651 3404 686 3457 ut
714 3394 820 3458 fidelis
851 3397 985 3460 devotio
1017 3398 1156 3462 celerem
1189 3398 1342 3461 sortiatur
1371 3397 1533 3459 eflectum.
1579 3396 1774 3477 Eapropter,

1 3540 3 3554 ,
91 3478 208 3541 dilecti
240 3479 273 3540 in
297 3479 434 3542 domino
457 3481 524 3558 616,
558 3486 674 3547 vestris
698 3486 789 3547 iustis
818 3487 1094 3568 postulationibus
1124 3487 1301 3550 clementer
1331 3487 1502 3549 annuimus
1534 3491 1567 3546 et
1598 3483 1774 3568 prelaltum

93 3569 341 3644 monasterium,
363 3569 395 3630 in
419 3588 485 3649 quo
509 3572 619 3635 divino
644 3575 819 3656 mancipati
843 3578 921 3639 estis
944 3577 1114 3659 obsequio,
1138 3579 1180 3640 ad
1205 3575 1374 3658 exemplar
1397 3575 1641 3657 predecessoris
1664 3575 1775 3650 nostri,

1 3672 2 3676 ’
92 3656 201 3720 felicis
231 3659 388 3720 memorie
417 3679 503 3741 pape
527 3659 668 3725 EUGenii
695 3660 720 3748 ²)
749 3664 811 3727 sub
843 3664 930 3727 beati
960 3667 1046 3730 Petri
1077 3675 1110 3730 et
1142 3674 1253 3729 nostra
1282 3667 1489 3747 protectione
1518 3663 1711 3746 suscipimus
1742 3671 1775 3725 et

93 3748 262 3828 presentis
285 3747 395 3829 scripti
419 3749 589 3832 privilegio
613 3755 863 3817 communimus.
909 3752 1109 3832 Statuentes‚
1133 3764 1169 3818 ut
1192 3773 1416 3835 quascumque
1440 3754 1674 3836 possessiones
1698 3772 1776 3834 que·

94 3855 242 3914 cumque
277 3837 365 3899 bona
395 3838 483 3901 idem
516 3844 747 3904 monasterium
782 3843 813 3905 in
845 3845 1079 3925 presentiarum
1118 3846 1200 3908 iuste
1232 3852 1265 3906 et
1295 3845 1449 3907 canonice
1481 3844 1631 3924 possidet
1661 3851 1717 3904 aut
1742 3841 1774 3903 in

94 3925 242 3987 futurum
267 3927 477 3990 concessione
500 3928 701 4009 pontificum,
726 3931 899 4014 largitione
922 3954 1035 4016 regum
1060 3935 1113 3998 vel
1136 3935 1328 4017 principum,
1357 3933 1525 3995 oblatione
1549 3931 1694 3994 fidelium
1718 3950 1775 3993 seu

94 4013 168 4076 aliis
194 4015 287 4077 iustis
311 4016 417 4078 modis
442 4016 506 4079 deo
531 4021 676 4100 propitio
707 4022 829 4101 poterit
857 4023 1009 4104 adipisci,
1037 4023 1133 4088 firma
1153 4024 1249 4087 vobis
1271 4023 1454 4103 vestrisque
1477 4020 1719 4084 successoribus
1743 4028 1776 4082 et

94 4103 224 4165 illibata
255 4115 477 4185 permaneant.
523 4107 559 4169 ln
593 4110 712 4189 quibus
743 4109 804 4194 hec
827 4114 969 4193 propriis
1001 4115 1154 4176 duximus
1186 4112 1403 4196 exprimenda
1433 4110 1617 4173 vocabulis:
1655 4109 1775 4185 locum,

96 4193 152 4272 qui
176 4201 315 4255 vocatur
337 4194 502 4269 Budrium,
539 4217 612 4259 cum
644 4201 849 4279 pertinentiis
881 4203 955 4277 5515,
990 4202 1021 4264 in
1053 4204 1136 4278 loco,
1170 4205 1226 4282 qui
1256 4203 1371 4264 dicitur
1395 4203 1512 4264 domus
1535 4200 1666 4274 Lascus,
1698 4208 1774 4263 octo

96 4283 214 4364 iugera
236 4290 321 4366 terre
346 4289 379 4346 et
401 4285 482 4347 duas
505 4288 655 4366 perticas,
680 4296 714 4350 et
736 4290 892 4370 quicquid
918 4291 1056 4355 ecclesia
1078 4294 1180 4358 55556
1196 4292 1353 4356 Domnini
1377 4289 1522 4353 habebat
1546 4292 1577 4352 in
1595 4289 1775 4366 Gazelasio,

97 4389 218 4433 omnes
242 4380 343 4434 terras
373 4371 452 4448 illas,
480 4393 561 4453 quas
584 4375 715 4438 illustris
744 4380 793 4440 vir
824 4379 1024 4444 Pelavicinus
1056 4380 1202 4444 marchio
1233 4401 1394 4444 unacum
1418 4400 1521 4443 uxore
1552 4389 1585 4443 et
1608 4378 1679 4442 6165
1710 4381 1776 4442 5515

97 4467 131 4522 et
155 4458 329 4523 Conradus
354 4461 615 4527 Cavalcabovem
647 4466 793 4529 marchio
825 4489 898 4530 cum
924 4490 982 4533 sua
1004 4467 1128 4556 uxlore,
1157 4467 1200 4556 et]
1232 4469 1345 4532 vasalli
1368 4471 1513 4551 ipsorum
1543 4468 1774 4546 marchionum,

98 4557 132 4611 et
156 4549 297 4612 ecclesia
320 4559 432 4637 sancte
457 4554 559 4637 Marie
585 4555 627 4616 de
651 4553 882 4644 Castell[ione]‚
913 4565 946 4622 et
976 4561 1115 4623 ecclesia
1137 4561 1179 4623 de
1203 4559 1411 4632 Florentiola,
1443 4567 1476 4622 et
1498 4560 1616 4622 nobilis
1645 4560 1777 4641 signifer

97 4638 290 4724 Placentino
326 4642 479 4716 civitatiS,
516 4652 549 4704 et
581 4643 804 4708 Malcorredus
834 4649 1075 4724 vicedominus,
1111 4659 1144 4712 et
1167 4648 1270 4712 Fulco
1301 4649 1494 4722 advocatus,
1525 4658 1557 4711 et
1580 4651 1703 4712 Bonizo
1733 4651 1776 4712 de

98 4725 253 4803 Anditio,
277 4737 311 4790 et
333 4726 535 4816 Ar[de]ngus
559 4732 790 4810 vicedominus
815 4745 849 4798 et
873 4735 1039 4801 Grimerus
1063 4747 1096 4802 et
1118 4740 1293 4801 Baiamons
1316 4739 1535 4815 vicecomites,
1560 4747 1592 4801 et
1615 4737 1777 4802 Gislentio

99 4825 134 4879 et
157 4818 345 4880 Bemardus
369 4828 402 4881 et
426 4819 585 4883 lohannes
609 4831 643 4884 et
667 4822 794 4898 Calvus,
827 4826 942 4889 iratres
966 4827 1021 4890 616
1046 4825 1145 4890 Salvii
1168 4821 1362 4902 A'rditionis,
1394 4835 1427 4889 et
1449 4826 1555 4889 Malus
1587 4849 1712 4910 parens,
1743 4837 1777 4891 et

98 4903 280 4968 Rainaldus
303 4909 428 4984 surdus,
453 4917 485 4971 et
510 4910 672 4987 Malacn'a,
698 4921 730 4975 et
754 4913 809 4976 616
832 4914 984 4991 Rainerii,
1009 4918 1138 4980 nobiles
1162 4918 1311 5001 predicte
1335 4917 1483 4990 civitatis
1507 4936 1564 4979 seu
1579 4911 1703 4980 'omnes
1725 4918 1776 4980 alii

99 4994 181 5056 boni
205 4997 274 5072 viri,
307 4998 361 5078 qui
386 4999 492 5060 eidem
517 4999 593 5062 loco
624 5001 807 5064 devotionis
838 5007 954 5067 intuitu
977 5006 1029 5069 vel
1060 5007 1252 5069 venditionis
1276 5026 1332 5068 seu
1357 5005 1542 5069 concambii
1565 5014 1665 5088 atque
1689 5027 1777 5070 conr·

101 5085 293 5146 mutationis
317 5086 531 5164 contulerunt,
555 5109 637 5168 quas
661 5093 813 5154 nimirum
837 5095 983 5157 eiusdem
1009 5095 1069 5158 loci
1094 5095 1245 5159 fratribus
1270 5097 1396 5176 quietas
1413 5104 1446 5158 et
1469 5095 1589 5159 liberas
1612 5099 1681 5159 iure
1704 5117 1777 5178 per·

101 5181 205 5254 petuo
229 5195 422 5256 permanere
445 5186 478 5240 et
502 5177 544 5239 ab
568 5180 655 5240 omni
687 5181 822 5245 seculari
856 5187 1029 5247 exactione
1059 5193 1201 5247 remotas
1225 5183 1297 5246 lore
1327 5186 1497 5248 sancimus.
1544 5185 1587 5248 Et
1620 5187 1776 5265 quoniam

32 5288 35 5294 ¹
102 5281 315 5326 communem
339 5267 438 5328 vitam
468 5275 603 5348 agentes
634 5269 676 5331 de
707 5270 843 5334 aliorum
876 5272 1085 5336 helemosinis
1108 5295 1146 5336 ac
1175 5273 1390 5337 beneficentia
1413 5275 1537 5338 debent
1559 5277 1677 5348 vivere,
1702 5295 1777 5338 con·

101 5353 276 5428 stituimus,
300 5361 335 5415 ut
351 5355 393 5416 de
409 5354 584 5433 laboribus
608 5376 691 5437 quos
714 5360 830 5423 fratres
855 5364 955 5444 ipsius
980 5363 1166 5426 monasterii
1191 5365 1332 5446 propriis
1356 5363 1503 5426 manibus
1519 5372 1576 5426 aut
1591 5365 1777 5446 sumptibus

265 5551 290 5614 a)
309 5551 447 5612 apostolice
461 5551 536 5601 Para.
555 5590 607 5597 -.
626 5556 662 5618 ,1)
687 5555 762 5620 Vergl.
789 5557 826 5605 die
847 5557 906 5608 Urk.
924 5573 978 5606 vain
999 5558 1031 5605 12
1052 5557 1112 5622 Juli
1131 5561 1198 5606 1144
1216 5559 1272 5606 und
1289 5555 1368 5626 Jaſje',
1388 5561 1446 5624 ll'eg.
1466 5559 1543 5608 5580.
1565 5587 1596 5598 -
1618 5560 1656 5608 Zu
1672 5575 1776 5625 grassem

1 5687 2 5690 Ἴ
104 5615 193 5666 Danke
203 5619 280 5698 frilile
299 5619 336 5668 66
356 5622 417 5670 mich
441 5624 493 5670 dem
511 5623 595 5672 Herm
613 5626 721 5675 Alban
741 5628 879 5676 Bardicri
896 5631 950 5693 fiir
971 5629 1021 5678 sein
1042 5631 1192 5692 sdrnivndes
1210 5631 1439 5696 Enrgrgrnkammen
1462 5631 1487 5680 in
1514 5629 1605 5680 Rrrmu
1628 5633 1776 5696 avrffliclilel.

106 5695 131 5739 21
153 5691 234 5755 Jnffi'‚
253 5693 310 5756 ll'eg.
330 5696 405 5756 6156,
424 5694 862 5756 6555151555555115,(1555566155τῇ
881 5701 973 5749 Lucius
986 5701 1017 5748 ΙΙ
1031 5703 1086 5750 aiud
1102 5703 1217 5751 lrrnorrna
1230 5703 1261 5750 ΙΙ
1276 5710 1387 5767 gerranni
1406 5702 1465 5752 sind
1480 5703 1565 5767 (vergl.
1583 5706 1657 5754 Aram.
1677 5708 1709 5770 1).
