4126 6366
1690 389 1755 457 337

65 556 269 624 firmationis
292 559 466 644 infringere
497 562 549 626 vel
582 562 611 626 ei
634 581 713 625 ausu
738 561 911 626 temerario
935 562 1104 626 contraire.
1151 561 1185 626 Si
1218 564 1290 644 quis
1321 573 1430 628 autem
1463 565 1527 628 hoc
1558 574 1755 648 attemptare

65 652 321 732 presumpserit,
349 652 608 734 indignationem
633 653 871 734 omnipotentis
895 653 947 715 dei
972 664 1005 716 et
1033 653 1206 716 beatorum
1230 652 1314 716 Petri
1343 662 1376 717 et
1398 654 1497 732 Pauli,
1529 657 1755 738 apostolorum

66 740 150 816 eius,
175 761 212 804 se
236 741 364 804 noverit
387 743 597 806 incursurum.
620 777 664 786 -
687 742 764 804 Dat.
788 739 931 818 Verone,
955 741 1031 804 Idus
1055 739 1174 804 Martii.

238 854 280 904 Or.
299 853 332 904 im
349 855 465 905 Arclu'vio
487 855 619 920 Caprlolare
637 872 667 904 au
686 855 798 920 Pamgia.
1184 909 1186 916 Ι

237 926 309 992 Pcrg.
326 927 387 986 ital..
405 927 440 976 br.
461 929 547 987 0,196,
565 930 626 993 lang
643 927 730 987 0,135,
750 933 825 976 untm
843 943 863 975 c.
883 928 963 986 0,016
980 928 1170 992 umgesrlslagm,
1190 926 1269 976 durch
1287 927 1408 982 Miclur
1419 933 1477 997 gela
1494 931 1532 980 die
1549 947 1605 980 rosa
1622 931 1679 981 und
1690 934 1756 998 gelbe

64 997 258 1059 Sniimchmr,
276 1013 363 1048 woran
381 999 427 1048 das
444 999 571 1064 Blebiegrl
584 1002 668 1064 ladngr,
688 997 798 1064 Falturrg
813 999 857 1048 der
873 999 975 1048 Brevm.

820 1179 886 1254 Nr.
919 1181 1007 1254 381.

73 1309 189 1375 Urban
212 1311 278 1376 III
294 1312 435 1376 schreibt
459 1283 533 1375 derra
558 1311 695 1376 Klaster
718 1309 786 1374 San
809 1309 895 1375 Siste
918 1311 957 1374 di
980 1311 1150 1391 Praccnza,
1178 1333 1216 1376 er
1236 1311 1365 1376 erklc'c'rc
1387 1311 1441 1374 die
1464 1309 1675 1394 Ahmacltung
1697 1312 1755 1376 a’es

58 1401 229 1480 fn'r'herm
243 1398 341 1465 Abtes
356 1401 543 1480 Bernhard,
565 1401 684 1465 welche
699 1399 843 1464 darselbe
862 1401 924 1464 mit
942 1400 978 1484 J.
998 1400 1069 1464 und
1085 1397 1123 1463 A.
1139 1421 1200 1464 van
1216 1401 1462 1465 Montedonnina
1485 1399 1643 1483 getroffen
1665 1400 1755 1481 habe,

64 1491 172 1554 sowie
184 1490 298 1554 descen
313 1492 462 1574 sanstige,
477 1490 532 1554 die
547 1489 628 1553 alane
640 1489 871 1573 Zustimmung
879 1489 937 1553 des
951 1487 1101 1576 Kapitels
1112 1510 1355 1573 vorgenammen
1369 1489 1466 1569 seim,
1473 1491 1539 1569 fair
1553 1491 1705 1574 ungrlltig
1718 1495 1754 1577 ¹).

623 1605 874 1688 1186-(1187)
888 1604 991 1689 April
1001 1608 1036 1669 2.
1078 1603 1210 1670 Verona.

233 1723 387 1788 Urbanus
411 1725 596 1805 episcopus,
619 1743 730 1786 servus
753 1741 921 1786 servorum
945 1722 1006 1798 dei,
1055 1717 1264 1806 .G(andullo),
1289 1721 1403 1786 abbati
1428 1731 1461 1786 et
1484 1723 1628 1805 capitulo
1649 1725 1753 1787 sancti

64 1811 158 1875 Sixti
184 1811 226 1875 de
248 1812 421 1890 Placentia,
446 1813 585 1876 salutem
609 1823 643 1876 et
665 1812 882 1895 apostolicam
905 1811 1181 1876 benedictionem.
1227 1812 1377 1874 Pervenit
1404 1811 1447 1874 ad
1470 1832 1539 1888 nos,
1566 1812 1656 1894 quod
1680 1833 1754 1876 cum

66 1899 103 1963 .l.
128 1911 164 1965 et
180 1901 231 1964 ,Α
248 1901 290 1965 de
305 1901 422 1966 Monte
438 1902 569 1979 donico,
593 1904 680 1965 cives
695 1901 799 1976 vestri,
823 1921 967 1964 annuum
983 1900 1095 1964 fictum
1119 1901 1216 1987 trium
1232 1901 1418 1963 modiorum
1438 1902 1530 1982 grani
1555 1903 1754 1966 monasterio

63 2001 182 2054 vestro
206 1991 310 2054 multo
334 2001 485 2073 tempore
508 1991 754 2066 subtraxissent,
778 1992 913 2053 tandem
936 2011 997 2072 per
1019 1991 1224 2053 estimatores
1248 1990 1349 2070 ipsius
1373 1991 1513 2053 civitatis
1537 1990 1579 2054 de
1596 1992 1754 2054 mandato

65 2080 245 2142 consulum
268 2081 301 2143 in
324 2091 456 2144 centum
479 2091 512 2144 et
528 2091 606 2145 octo
623 2080 722 2143 libras
738 2080 1001 2143 Placentinenses
1023 2079 1151 2142 suerunt
1167 2079 1276 2142 eidem
1292 2080 1492 2142 monasterio
1508 2080 1753 2162 condempnati.

64 2169 167 2232 Licet
200 2178 310 2233 autem
341 2170 441 2233 iidem
473 2170 624 2233 consules
662 2189 723 2251 pro
762 2170 935 2232 securitate
965 2169 1145 2251 prescripte
1184 2170 1342 2251 peccunie
1381 2169 1608 2251 possessiones
1640 2190 1754 2233 eorum

64 2257 234 2322 tenendas
258 2261 441 2343 prescripto
462 2260 661 2323 monasterio
686 2259 932 2334 concessissent,
956 2258 1172 2340 postmodum
1195 2268 1306 2321 tamen
1322 2253 1516 2342 B(erardus),
1541 2259 1755 2339 predecessor

64 2358 155 2422 tuus
179 2347 225 2410 fili
242 2349 354 2426 abbas,
380 2349 423 2412 ad
440 2349 643 2430 quorundam
659 2347 856 2424 instantiam,
873 2357 949 2410 octo
966 2348 1065 2421 libris,
1089 2357 1124 2410 ut
1140 2346 1247 2424 fertur,
1272 2368 1291 2409 a
1307 2347 1511 2410 debitoribus
1527 2349 1589 2411 illis
1605 2350 1753 2431 receptis,

65 2439 116 2501 eis
140 2439 341 2521 prescriptas
365 2448 497 2502 centum
521 2438 620 2501 libras
649 2437 717 2499 sine
745 2456 877 2500 assensu
897 2435 925 2522 ει)
949 2436 1081 2519 capituli
1106 2457 1167 2519 pro
1191 2457 1249 2499 sua
1271 2436 1442 2501 voluntate
1466 2437 1598 2500 remisit.
1644 2438 1752 2514 Unde,

66 2528 149 2608 quia
166 2529 401 2592 monasterium
418 2529 526 2610 ipsum
541 2548 584 2591 ex
600 2527 664 2590 hoc
678 2546 778 2608 grave
801 2527 982 2607 dampnum
998 2526 1143 2588 noscitur
1164 2527 1331 2603 sustinere,
1357 2527 1447 2608 quod
1471 2527 1504 2589 in
1527 2536 1596 2589 tam
1619 2547 1753 2591 enorme

66 2617 283 2698 dispendium
306 2618 452 2682 eiusdem
475 2617 665 2680 monasterii
689 2615 812 2679 lactum
843 2625 901 2690 est,
932 2634 1124 2678 revocamus
1155 2616 1188 2677 in
1212 2615 1337 2678 irritum
1360 2623 1401 2691 et
1425 2636 1649 2698 quascumque
1672 2618 1753 2680 alias

66 2706 282 2782 donationes,
321 2707 519 2782 locationes,
556 2705 798 2770 infeudationes
828 2704 970 2766 eundem
1001 2703 1268 2786 predecessorem
1297 2713 1389 2768 tuum
1420 2701 1558 2790 (lactum
1589 2701 1653 2791 est>
1684 2706 1752 2769 sine

65 2815 205 2858 assensu
246 2796 380 2878 capituli
418 2797 466 2860 sui
495 2796 548 2858 vel
578 2795 711 2858 maioris
743 2803 777 2856 et
806 2795 943 2857 sanioris
974 2793 1076 2876 partis
1108 2793 1141 2855 in
1173 2793 1383 2874 preiuditium
1413 2795 1600 2858 monasterii
1636 2795 1752 2859 secisse

65 2884 263 2963 constiterit,
287 2905 343 2950 eas
366 2905 476 2949 carere
499 2885 704 2949 decernimus
727 2882 890 2946 firmitate.
914 2917 958 2930 --
981 2884 1058 2946 Dat.
1082 2881 1223 2958 Verone,
1247 2896 1300 2946 1111
1323 2883 1409 2947 Non.
1433 2882 1566 2966 Aprilis.

233 2998 301 3048 Zwei
316 2999 469 3066 Absctn'sten
485 3013 540 3048 vom
559 2999 591 3048 13
612 2998 706 3062 Jalula
724 2996 772 3050 Nr.
793 2998 844 3046 101
863 2997 919 3046 rard
933 2998 1011 3058 1106,
1030 2997 1064 3046 im
1081 2995 1196 3046 Archivrir
1215 2994 1367 3061 Mmicsltale
1383 3013 1412 3046 su
1434 2997 1559 3047 Cremona.

817 3178 884 3254 Nr.
914 3182 1003 3255 382.

72 3309 188 3374 Urban
204 3308 270 3373 III
279 3309 427 3374 erinnert
438 3310 504 3374 den
519 3308 724 3391 Ercbisclrof
735 3331 796 3374 von
820 3310 1010 3394 larragona
1024 3310 1141 3390 daran,
1155 3309 1235 3373 dass
1249 3330 1288 3372 er
1302 3307 1360 3374 r'lrn
1382 3311 1416 3375 in
1438 3311 1526 3375 scine
1549 3309 1671 3376 Wrirde
1685 3313 1751 3376 rin-

199 3407 323 3480 gesetzt
335 3399 425 3479 habe,
446 3420 540 3464 wenn
562 3421 600 3464 er
618 3400 681 3463 den
700 3398 901 3480 Erzblsclrof
915 3421 976 3464 van
1000 3399 1115 3465 Toledo
1129 3400 1181 3464 als
1197 3399 1366 3463 Primaten
1380 3401 1560 3466 anerlrenne
1577 3403 1616 3487 ²).

610 3517 827 3579 arec-1137
840 3513 1006 3598 Apriles.
1038 3512 1212 3596 (tamna).

231 3631 386 3696 Urbanus
409 3633 593 3715 episcopus,
622 3650 734 3694 servus
756 3651 924 3694 servorum
948 3631 1010 3708 dei,
1034 3631 1211 3694 venerabili
1235 3631 1332 3708 fratri,
1363 3633 1612 3716 archiepiscopo
1636 3634 1749 3696 Tarra·

65 3719 215 3795 conensi,
246 3720 384 3784 salutem
415 3730 448 3783 et
478 3719 695 3803 apostolicam
723 3720 999 3790 benedictionem.
1044 3721 1147 3784 Novit
1179 3720 1311 3783 dilectio
1336 3729 1399 3796 tua,
1435 3721 1534 3784 frater
1563 3724 1595 3784 in
1620 3722 1749 3787 Christo

64 3809 274 3885 venerabilis,
300 3830 366 3891 quo
389 3816 512 3886 tenore,
537 3829 603 3891 qua
626 3810 886 3873 contradictione
909 3809 1045 3891 pallium
1069 3808 1127 3872 tibi
1152 3810 1423 3892 privilegiumque
1447 3813 1669 3875 concessimus
1689 3823 1749 3875 etc.

65 3899 257 3962 memineris
280 3909 400 3974 tamen,
424 3900 470 3962 ita
492 3909 526 3962 te
541 3899 824 3981 archiepiscopum
849 3900 1071 3974 constitutum,
1096 3909 1131 3960 ut
1154 3907 1222 3960 tam
1245 3908 1289 3975 tu,
1311 3919 1410 3980 quam
1426 3901 1566 3963 universi
1582 3901 1749 3987 provincie

64 3988 323 4052 Terraconensis
338 3983 515 4072 (Toletano
531 3984 793 4071 archi)episcopo
809 3997 967 4069 tanquam
990 3988 1121 4070 primati
1146 3986 1295 4051 debeatis
1317 4007 1390 4051 esse
1411 3990 1559 4066 subiecti,
1582 3991 1629 4052 sic
1652 3991 1748 4067 enim,

65 4089 101 4140 ut
135 4077 169 4140 in
193 4076 355 4140 Toletane
386 4076 522 4163 ecclesie
553 4077 724 4159 privilegio
756 4077 970 4141 constitutum
1000 4089 1065 4153 est,
1099 4077 1188 4158 quod
1211 4097 1272 4140 nos
1303 4079 1439 4140 omnino
1470 4089 1577 4142 ratum
1599 4079 1749 4142 volumus

65 4185 271 4248 permanere.
317 4166 414 4230 Nunc
437 4175 547 4229 autem
570 4166 674 4229 multo
698 4167 846 4249 ampliuS,
879 4167 956 4248 quia
978 4177 1012 4230 et
1034 4177 1140 4252 vestre
1163 4166 1391 4230 sollicitudinis
1413 4168 1501 4231 vices
1533 4168 1566 4230 in
1589 4169 1751 4250 Hispania

66 4257 220 4318 universa
244 4264 277 4318 et
300 4255 526 4319 Narbonensis
549 4257 718 4339 provincia
742 4256 956 4319 ministranda
979 4257 1177 4319 iniunximus
1201 4265 1261 4319 etc.
1283 4292 1327 4303 -
1350 4257 1475 4321 Datum
1497 4271 1548 4322 VII
1571 4257 1645 4322 Kal.
1663 4258 1749 4321 Maii.

229 4369 354 4434 Abschn‘fl
370 4369 411 4418 des
432 4370 488 4420 Cod.
511 4369 538 4420 C.
557 4370 591 4419 23
600 4370 652 4434 sol.
671 4371 733 4430 811),
751 4369 778 4420 in
794 4371 839 4420 der
857 4370 918 4420 Bibl.
943 4370 1117 4419 Vallicelliana.

231 4440 270 4490 Za
288 4441 332 4490 der
347 4441 473 4506 Absrlm'st
491 4439 522 4489 ist
538 4441 657 4491 bemrrkt:
674 4443 702 4490 ln
720 4442 826 4507 registro
845 4441 939 4493 Urbani
958 4457 1024 4507 pape
1043 4442 1088 4496 lll.

816 4619 884 4694 Nr.
914 4621 1002 4694 383.

75 4753 185 4818 Urban
202 4750 269 4816 III
287 4751 472 4834 beauftragt
491 4752 546 4816 die
569 4751 724 4832 Baschafa
747 4773 809 4816 von
824 4751 993 4829 Piacenza,
1009 4751 1142 4825 Parma,
1172 4749 1328 4815 Cremona
1350 4753 1420 4816 und
1439 4753 1472 4818 Τ
1466 4761 1578 4816 ortona
1599 4754 1669 4818 und
1687 4754 1749 4818 den

68 4841 401 4906 Kanonikerkonvent
419 4862 479 4908 van
494 4843 603 4924 Borga
619 4839 687 4904 San
702 4839 851 4905 Donnz'no
875 4840 934 4920 (l).
953 4840 1104 4922 Parma),
1131 4839 1203 4903 ihre
1219 4841 1547 4925 Psarrangelr'a'rr‘grn
1569 4864 1610 4906 zu
1633 4864 1748 4907 veran-

68 4931 185 5012 lassen,
200 4929 280 4996 dass
296 4932 344 4994 sie
366 4930 441 4994 dem
462 4928 708 4994 KlosterSanta
723 4931 838 4994 Maria
865 4929 999 4993 Teadota
1021 4928 1059 4992 di
1074 4929 1181 4992 Pavia
1202 4929 1484 5010 auraickerstattrn,
1507 4953 1578 4996 was
1599 4933 1648 4996 sie
1670 4933 1749 4996 olane

513 5018 741 5102 Zustimmung
756 5040 817 5083 von
832 5019 945 5083 descen
962 5016 1100 5102 Kapitel
1112 5017 1250 5083 hesitaen
1267 5019 1306 5102 ³).

635 5136 851 5199 1186-1187
865 5135 942 5199 Mai
954 5136 1011 5198 23.
1054 5129 1185 5197 Verona.

231 5252 386 5318 Urbanus
402 5253 587 5335 episcopus,
608 5273 718 5315 servus
733 5273 900 5316 servorum
916 5252 978 5328 dei,
994 5249 1236 5313 venerabilibus
1252 5248 1403 5316 iratribus
1419 5298 1426 5313 .
1444 5301 1449 5314 .
1466 5252 1657 5316 Placentino
1673 5251 1699 5338 ¹)
1715 5301 1722 5314 .
1740 5301 1746 5315 .

70 5341 238 5404 Parmensi
254 5339 281 5428 ⁵)
308 5339 313 5426 Ι
340 5341 564 5406 .Cremonensi
580 5339 605 5427 ⁶)
636 5351 670 5404 et
701 5341 905 5406 Terdonensi
923 5339 948 5426 l)
979 5339 1162 5423 episcopis,
1194 5350 1228 5402 et
1254 5340 1382 5404 dilectis
1416 5341 1490 5405 tiliis
1515 5391 1521 5405 .
1546 5389 1553 5404 .
1577 5344 1748 5425 preposito

231 5499 341 5566 a)'Er'm
357 5499 420 5564 Kop.
445 5513 576 5549 consensu.
595 5537 648 5543 -
670 5501 705 5556 ,1)
731 5499 808 5564 Vergl.
827 5499 865 5558 die
886 5495 1004 5548 Urkrauie
1021 5512 1076 5546 vam
1095 5497 1127 5545 15
1145 5495 1276 5546 Decrnrber
1291 5497 1498 5563 1185-(1186),·
1524 5497 1660 5562 Reperton'o
1677 5497 1746 5562 Dial.

75 5569 446 5636 Cmsep.81Nr.712,
472 5571 526 5620 dm
550 5571 594 5619 der
610 5569 747 5619 kabnliclu
765 5570 852 5620 Erlass
868 5586 924 5620 vom
941 5572 976 5619 29
997 5567 1479 5632 Januar1185,Nr.714mrd71⁶.
1564 5571 1591 5636 2)
1615 5570 1692 5635 Vergl.
1712 5570 1750 5619 dic

75 5643 194 5695 Urkmde
209 5659 259 5693 von
276 5643 452 5695 rrae-1160.
523 5649 550 5708 3)
576 5642 654 5708 Vergl.
672 5641 710 5690 die
730 5641 848 5693 urana
862 5657 917 5692 vam
932 5641 964 5688 13
978 5639 1039 5704 Julr'
1050 5640 1117 5688 1180
1127 5638 1184 5687 und
1192 5653 1247 5688 vom
1259 5641 1295 5689 30
1306 5641 1440 5690 November
1450 5641 1525 5690 1187.
1597 5648 1624 5703 41
1648 5641 1748 5704 Tedald,

73 5715 176 5777 stichos
188 5729 237 5764 von
257 5713 381 5775 flateram,
400 5716 578 5765 nat-2192.
662 5715 688 5777 5)
708 5713 824 5763 erard
838 5714 874 5774 II,
893 5710 997 5776 Bisclrof
1009 5725 1057 5759 van
1077 5709 1177 5772 Parma,
1200 5712 1378 5764 uta—1194.
1458 5713 1487 5781 6)
1505 5712 1631 5774 Sicardus,
1651 5713 1756 5779 tiischof

72 5801 118 5838 von
139 5787 266 5847 Cremona,
285 5785 461 5838 1186-1111.
546 5783 574 5853 7)
600 5784 672 5834 Waltl
689 5783 758 5833 oddo
776 5786 807 5835 ΙΙ
821 5785 925 5851 Birthas
937 5799 985 5832 von
1007 5781 1119 5832 Tariona.

124 5894 146 5923 v.
161 5881 455 5932 erran-nuttam.
470 5881 527 5924 Acta
540 5881 582 5923 111.
1504 5878 1538 5929 43
