4090 6358
280 501 300 588 †
323 507 397 588 Ego
421 506 531 571 Guido
555 506 718 588 presbiter
740 507 913 571 cardinalis
936 509 984 571 tit.
1008 510 1113 573 sancti
1138 510 1314 594 Grisogoni
1338 535 1380 577 ss.

281 592 300 679 †
323 597 398 677 Ego
421 596 593 660 Rainerius
616 597 778 678 presbiter
801 597 973 661 cardinalis
997 599 1044 662 tit.
1068 610 1180 688 sancte
1203 601 1311 691 Prisce
1334 625 1375 667 ss.

280 682 301 768 †
324 686 399 766 Ego
422 686 597 749 Hubaldus
620 686 783 767 presbiter
806 686 979 750 cardinalis
1002 690 1050 751 tit.
1074 700 1187 753 sancte
1210 693 1366 756 Praxedis
1389 717 1431 759 ss.

280 771 300 858 †
324 775 397 856 Ego
420 776 535 838 Petrus
558 775 720 856 presbiter
743 777 916 839 cardinalis
939 778 986 839 tit.
1010 789 1123 842 sancte
1146 778 1294 869 Susanna
1310 804 1351 846 ss.

280 860 301 944 †
323 864 398 946 Ego
422 864 599 945 Gregorius
624 864 782 928 diaconus
806 866 979 929 cardinalis
1002 879 1190 932 sanctorum
1213 870 1317 953 Sergii
1342 882 1375 935 et
1398 873 1499 936 Bachi
1523 895 1564 938 ss.

279 950 299 1034 †
322 953 396 1034 Ego
420 955 503 1017 Otto
528 954 686 1017 diaconus
710 955 882 1018 cardinalis
906 957 1009 1020 sancti
1034 957 1167 1040 Georgii
1192 959 1234 1022 ad
1257 961 1377 1024 Velum
1401 982 1534 1026 aureum
1558 985 1598 1026 ss.

278 1037 299 1124 †
322 1043 395 1124 Ego
418 1042 593 1106 Hubaldus
612 1045 640 1119 8)
665 1043 823 1108 diaconus
847 1045 1021 1109 cardinalis
1045 1047 1078 1110 S.
1102 1049 1205 1135 Marie
1228 1050 1262 1111 in
1284 1051 1349 1113 Via
1372 1051 1437 1114 lata
1460 1073 1501 1116 ss.

277 1133 298 1211 †
320 1133 393 1214 Ego
417 1132 582 1196 Gerardus
606 1133 763 1197 diaconus
787 1134 959 1198 cardinalis
983 1147 1095 1224 sancte
1120 1137 1222 1226 Marie
1246 1139 1468 1203 inDominica
1488 1163 1528 1204 ss.

223 1223 300 1284 Dat.
323 1223 486 1298 Laterani,
510 1243 571 1304 per
594 1243 727 1286 manum
744 1224 890 1302 Gerardi,
912 1235 1023 1312 sancte
1039 1227 1189 1313 Romane
1213 1229 1349 1316 ecclesie
1372 1231 1543 1311 presbiteri
1569 1232 1741 1297 cardinalis

50 1319 83 1372 et
105 1308 371 1375 bibliothecarii.
402 1312 546 1374 xvnKl.
562 1313 710 1376 Ianuarii.
741 1314 924 1377 Indictione
946 1327 1004 1378 VII.
1036 1315 1271 1380 incarnationis
1293 1320 1468 1407 Dominice
1491 1341 1577 1383 anno
1593 1333 1740 1385 MCXLHI.

49 1399 275 1464 Pontificatus
298 1420 377 1464 vero
401 1401 513 1464 domni
539 1401 694 1465 Celestini
717 1417 743 1466 11
766 1424 853 1490 pape
878 1424 965 1467 anno
987 1405 1105 1486 primo.

230 1515 290 1564 Vicr
304 1514 463 1581 Abschriflrn,
489 1515 538 1564 eine
565 1516 616 1579 arcs
639 1517 789 1582 largam,
815 1517 867 1566 drei
884 1520 936 1584 aus
956 1517 1051 1582 Papier,
1076 1519 1116 1569 des
1137 1521 1240 1571 16-18
1262 1523 1362 1587 Jahrb,
1388 1521 1422 1570 im
1440 1522 1554 1572 Archivio
1577 1524 1605 1573 di
1622 1525 1689 1574 Staio
1710 1541 1740 1574 au
1807 1549 1812 1554 ·

51 1584 176 1646 Modum
195 1587 256 1638 und
276 1587 333 1638 eod.
351 1587 427 1638 Mire.
448 1589 501 1638 650
514 1594 542 1653 p.
562 1588 604 1648 37,
623 1586 657 1636 im
674 1589 789 1638 Archivrb
805 1589 879 1656 Regio
895 1606 925 1639 ru
948 1591 1057 1657 Venedr'g.

819 1874 886 1949 Nr.
916 1877 980 1950 48.

56 2003 202 2071 Calestin
220 2005 267 2072 II
283 2007 402 2072 nimmt
420 2004 473 2072 die
495 2005 693 2071 Domkzrclze
716 2027 777 2070 uon
802 2005 938 2072 Vercellz'
960 2007 995 2072 in
1016 2007 1246 2092 apostolz'sclren
1268 2011 1386 2075 Schutz
1407 2011 1477 2074 und
1495 2011 1645 2096 bestc'z'tt'gt
1669 2014 1740 2078 ilzre

671 2093 909 2162 Beselathr'c'mer
922 2098 992 2162 und
1005 2098 1129 2164 Rechte.

648 2215 732 2276 1144
758 2213 894 2288 Januar
918 2218 947 2278 1.
993 2216 1143 2279 Lateran.

219 2329 400 2394 Celestinus
421 2331 606 2412 episcopus,
630 2350 741 2394 servus
757 2350 924 2394 servorum
948 2332 1009 2408 dei,
1035 2332 1162 2395 dilectis
1177 2331 1259 2409 filiis,
1275 2332 1449 2396 Abraham
1466 2333 1738 2417 archipresbitero

52 2429 84 2482 et
106 2421 283 2483 canonicis
306 2421 438 2482 maioris
460 2420 679 2483 Vercellensis
702 2421 848 2508 ecclesie,
880 2433 949 2485 tarn
972 2421 1177 2504 presentibus
1202 2442 1301 2504 quam
1325 2422 1446 2498 futuris
1482 2425 1641 2488 canonice
1664 2425 1738 2488 sub·

53 2510 233 2572 stituendis
263 2503 493 2594 1ΝΡΡΜ.-)
528 2510 693 2592 Equitatis
726 2520 759 2573 et
789 2512 910 2599 iustitie
939 2513 1023 2576 ratio
1057 2511 1233 2593 persuadet
1263 2533 1339 2588 nos,
1375 2514 1520 2576 ecclesiis
1544 2524 1738 2597 perpetuam

54 2619 158 2661 rerum
182 2618 319 2662 suarum
348 2598 536 2662 firmitatem
567 2609 600 2662 et
622 2601 743 2681 vigoris
774 2601 958 2664 inconcussi
991 2602 1194 2663 munimenta
1216 2601 1373 2664 conferre.
1419 2603 1497 2664 Non
1520 2605 1608 2666 enim
1632 2605 1737 2681 decet,

56 2689 200 2764 clericos,
237 2690 269 2751 in
293 2698 414 2751 sortem
440 2688 564 2751 domini
589 2687 781 2774 evocatos}
815 2693 975 2772 perversis
1007 2691 1168 2753 malorum
1189 2691 1360 2753 hominum
1385 2693 1542 2755 molestiis
1566 2695 1680 2775 agitari
1705 2704 1739 2757 et

55 2779 238 2840 temerariis
262 2778 484 2859 quorumlibet
505 2779 737 2843 vexationibus
761 2779 898 2861 fatigare
916 2779 955 2858 b).
1001 2780 1157 2844 Similiter
1179 2790 1212 2843 et
1242 2780 1371 2862 predia,
1396 2780 1508 2844 usibus
1539 2792 1738 2846 secretorum

57 2867 229 2930 celestium
253 2867 413 2942 dedicata,
445 2867 548 2930 nullas
580 2879 755 2949 potentum
786 2871 936 2951 angarias
960 2869 1059 2933 nichil
1084 2870 1207 2933 debent
1230 2879 1324 2932 extra
1347 2871 1546 2934 ordinarium
1569 2873 1736 2936 sustinere.

56 2956 254 3038 Eapropter,
287 2957 397 3020 dilecti
421 2957 453 3019 in
479 2958 614 3020 domino
638 2956 704 3035 filii,
735 2960 850 3022 vestris
874 2960 965 3022 iustis
994 2958 1271 3041 postulationibus
1302 2961 1480 3023 clementer
1509 2963 1681 3025 annuimus
1704 2971 1738 3025 et

57 3045 140 3109 beati
157 3046 297 3110 Eusebii
313 3046 557 3110 Vercellensem
581 3047 762 3125 ecclesiam,
787 3049 902 3130 inqua
925 3048 1037 3112 divino
1061 3049 1239 3131 mancipati
1264 3050 1341 3112 estis
1365 3049 1536 3131 obsequi0,
1561 3052 1622 3115 sub
1647 3052 1735 3114 beati

57 3135 138 3198 Petri
174 3146 210 3199 et
248 3145 360 3198 nostra
394 3137 601 3217 protectione
643 3138 837 3219 suscipimus
872 3148 906 3200 et
939 3139 1099 3220 presentis
1133 3139 1245 3220 scripti
1280 3139 1451 3220 privilegio
1488 3141 1736 3204 communimus.

58 3223 256 3302 statuentes,
292 3235 327 3288 ut
359 3245 582 3307 quascumque
613 3229 847 3307 possessiones,
880 3248 1087 3309 quecumque
1119 3227 1209 3290 bona
1239 3229 1356 3290 eadem
1387 3229 1526 3316 ecclesia
1548 3230 1582 3292 in
1605 3251 1735 3312 presen-

58 3315 171 3378 tiarum
205 3316 291 3378 iuste
322 3323 355 3378 et
387 3315 545 3378 canonice
579 3316 728 3397 possidet
759 3317 869 3379 autin
901 3317 1042 3380 futurum
1074 3318 1286 3404 concessione
1317 3318 1528 3399 pontificum,
1562 3319 1735 3402 largitione

59 3423 167 3486 regum
190 3405 247 3468 vel
277 3405 469 3486 principum,
500 3405 669 3468 oblatione
702 3405 847 3469 fidelium
878 3427 935 3468 seu
970 3407 1041 3469 aliis
1072 3407 1162 3470 iustis
1191 3407 1299 3470 modis
1336 3408 1399 3470 deo
1431 3409 1576 3490 propitio
1614 3411 1736 3491 poterit

60 3495 204 3575 adipisci,
237 3493 331 3556 firma
359 3494 456 3556 vobis
487 3494 669 3577 vestrisque
698 3495 939 3558 successoribus
963 3506 996 3559 et
1019 3517 1078 3577 per
1100 3517 1160 3558 vos
1184 3496 1291 3559 eidem
1323 3498 1460 3560 ecclesie
1483 3499 1516 3560 in
1540 3508 1735 3581 perpetuum

62 3593 92 3644 et
112 3584 243 3647 illibata
265 3594 488 3665 permaneant.
520 3583 557 3645 In
581 3584 701 3665 quibus
724 3585 785 3671 hec
800 3586 942 3666 propriis
966 3586 1119 3648 duximus
1142 3586 1359 3667 exprimenda
1379 3587 1561 3650 vocabulis:
1587 3599 1735 3652 montem

4 3751 5 3754 Ἴ
62 3671 186 3736 Galiani
214 3694 288 3736 curn
311 3674 510 3754 appenditiis
533 3674 607 3749 suis,
632 3683 764 3755 portum
788 3674 889 3750 Servi,
915 3674 1071 3756 quicquid
1095 3675 1127 3737 in
1152 3685 1241 3738 curte
1265 3674 1433 3739 Carisiana
1455 3686 1488 3740 et
1510 3677 1628 3744 Uliaco
1652 3680 1735 3742 iuste

4 3801 6 3808 ·
61 3760 195 3826 habetis.
243 3762 394 3825 Preterea
423 3763 574 3844 antiquas
607 3773 639 3825 et
669 3763 879 3827 rationabiles
910 3765 1163 3828 consuetudines
1195 3765 1296 3846 ipsius
1327 3766 1463 3828 ecclesie
1493 3776 1580 3830 ratas
1603 3789 1735 3832 manere

63 3871 238 3915 censemus.
283 3848 480 3914 Sanctorum
512 3872 645 3933 quoque
676 3863 807 3935 patrum
838 3855 1067 3918 auctoritatem
1097 3865 1271 3935 sequentes
1301 3856 1472 3931 sancimus,
1504 3866 1540 3918 ut
1571 3856 1677 3920 nullus
1701 3860 1734 3921 in

63 3942 172 4004 eadem
205 3942 351 4028 ecclesia,
385 3941 446 4002 nisi
479 3942 644 4005 communi
678 3942 812 4005 fratrum
835 3944 887 4006 vel
917 3945 1055 4006 sanioris
1078 3943 1180 4025 partis
1204 3942 1340 4007 consilio
1365 3945 1542 4008 canonicus
1564 3956 1733 4025 statuatur,

63 4049 118 4092 nec
140 4031 317 4094 cuiuslibet
339 4030 548 4094 ecclesiastici
574 4031 673 4094 officii
702 4033 953 4096 amministratio
974 4028 1000 4117 c)
1024 4032 1118 4095 alicui
1142 4035 1374 4097 committatur.
1405 4035 1621 4099 Decemimus
1644 4057 1732 4120 ergo,

63 4129 94 4181 ut
115 4121 192 4183 nulli
228 4121 363 4183 omnino
395 4120 566 4182 hominum
598 4121 702 4197 liceat,
736 4122 898 4203 prefatam
931 4123 1103 4186 ecclesiam
1127 4133 1249 4186 temere
1272 4124 1463 4205 perturbare
1486 4135 1542 4187 aut
1566 4127 1633 4189 eius
1657 4147 1732 4209 pos-

63 4211 219 4273 sessiones
253 4209 377 4272 auferre
399 4208 450 4271 vel
483 4209 609 4272 ablatas
633 4213 779 4288 retinere,
811 4212 956 4275 minuere
980 4223 1035 4274 aut
1059 4213 1222 4294 aliquibus
1244 4213 1475 4277 vexationibus
1499 4214 1651 4297 fatigare,
1683 4227 1734 4281 set

63 4300 166 4362 omnia
190 4301 319 4381 integra
342 4309 574 4362 conserventur
596 4321 718 4376 eorum,
750 4321 812 4382 pro
836 4322 975 4383 quorum
997 4303 1236 4383 gubernatione
1260 4313 1293 4366 et
1315 4304 1553 4367 sustentatione
1576 4325 1733 4370 concessa

63 4399 138 4465 sunt,
161 4389 277 4452 usibus
299 4388 498 4451 omnimodis
528 4389 698 4468 profutura
727 4391 818 4453 salva
848 4392 936 4454 sedis
965 4391 1148 4472 apostolice
1180 4393 1384 4455 auctoritate.
1431 4392 1465 4456 Si
1491 4413 1556 4474 qua
1580 4395 1676 4476 igitur
1698 4397 1732 4459 in

65 4475 199 4541 futurum
219 4478 438 4541 ecclesiastica
453 4478 646 4542 secularisve
662 4500 812 4561 persona,
829 4480 914 4543 hanc
930 4490 1040 4543 nostre
1056 4482 1298 4544 constitutionis
1314 4483 1471 4564 paginam
1485 4484 1601 4560 sciens,
1618 4496 1733 4550 contra

65 4585 130 4629 eam
144 4579 269 4631 temere
284 4569 394 4630 venire
409 4569 627 4648 temptaverit,
651 4569 797 4655 secundo
813 4570 952 4632 tertiove
975 4571 1186 4647 commonita,
1212 4571 1237 4633 si
1259 4591 1325 4634 non
1341 4571 1565 4636 satisfactione
1589 4594 1733 4656 congrua

65 4657 291 4732 emendaverit,
326 4659 500 4738 potestatis
533 4657 734 4740 honorisque
766 4660 815 4721 sui
849 4658 1009 4740 dignitate
1041 4669 1151 4722 careat
1190 4680 1345 4743 reamque
1393 4682 1428 4724 se
1464 4662 1575 4725 divino
1611 4664 1731 4728 iudicio

65 4746 194 4810 existere
219 4746 262 4809 de
291 4742 482 4828 perpetrata
504 4747 675 4827 iniquitate
698 4759 886 4829 cognoscat,
918 4759 951 4812 et
974 4770 994 4811 a
1023 4749 1243 4812 sacratissimo
1272 4771 1410 4832 corpore
1434 4771 1472 4813 ac
1495 4753 1654 4834 sanguine
1679 4753 1730 4816 dei

66 4844 94 4895 et
114 4836 247 4912 domini,
271 4835 488 4917 redemptoris
511 4837 612 4898 nostri
629 4837 699 4899 Iesu
716 4835 844 4914 Christi,
869 4837 1056 4914 alienafiat,
1081 4848 1180 4920 atque
1196 4840 1229 4900 in
1245 4850 1393 4903 extremo
1410 4842 1562 4904 examine
1586 4842 1732 4907 districte

66 4923 170 4987 ultioni
193 4925 371 4988 subiaceat.
419 4923 551 4988 Cunctis
574 4935 699 5002 autem,
729 4928 839 4990 eidem
862 4928 936 4991 loco
961 4929 1045 4990 iusta
1067 4929 1280 5005 servantibus,
1304 4931 1347 4993 sit
1369 4951 1437 5013 pax
1461 4931 1586 4994 domini
1610 4931 1726 5014 nostrii

4 5025 5 5098 J
66 5009 128 5076 lesu
144 5014 272 5090 Christi,
298 5015 449 5095 quatinus
466 5025 499 5078 et
514 5014 567 5077 hic
583 5014 723 5078 fructum
745 5016 834 5080 bone
857 5019 996 5080 actionis
1018 5018 1204 5099 percipiant
1218 5029 1252 5082 et
1267 5019 1357 5102 apud
1381 5020 1564 5084 districtum
1587 5021 1731 5086 iudicem

4 5141 5 5146 κ
66 5105 181 5180 premia
204 5114 316 5192 eterne
339 5104 430 5185 pacis
453 5104 629 5167 inveniant.
674 5104 794 5169 Arnen.
840 5106 961 5170 A-m.
1007 5107 1126 5170 Amen.
1150 5141 1194 5154 -

4 5189 5 5202 ²
269 5191 331 5273 (R)
353 5194 426 5275 Ego
451 5192 632 5257 Celestinus
656 5194 818 5284 catholice
841 5197 977 5284 ecclesie
1001 5199 1178 5280 episcopus
1200 5219 1242 5262 ss.
1267 5197 1333 5282 (M)

268 5281 288 5365 †
311 5284 385 5365 Ego
409 5281 580 5346 Conradus
603 5282 794 5349 Sabinensis
818 5287 994 5368 episcopus
1016 5307 1057 5348 ss.

268 5369 288 5456 †
312 5373 385 5454 Ego
408 5371 650 5436 Theodewinus
672 5385 784 5438 sancte
808 5373 925 5438 Rufine
949 5376 1124 5457 episcopus
1147 5399 1188 5441 ss.
1212 5374 1265 5461 (3)

266 5463 287 5540 †
309 5462 383 5544 Ego
406 5462 529 5524 Imarus
552 5461 756 5528 Tusculanus
779 5466 956 5547 episcopus
979 5485 1020 5529 ss.

266 5551 286 5631 †
309 5552 382 5634 Ego
406 5551 519 5614 Petrus
542 5549 744 5616 Albanensis
767 5555 943 5638 episcopus
966 5575 1007 5618 ss.
1031 5549 1079 5638 (5)

211 5745 239 5812 a)
257 5745 413 5796 Rombaldus
437 5745 492 5796 Vm.
567 5746 594 5814 b)
612 5746 688 5798 besser
705 5747 804 5814 fatigari
876 5752 901 5807 ο)
919 5750 953 5800 im
971 5765 983 5799 r
1000 5749 1119 5815 cnrr'gvin.
