4142 6366
334 289 397 396 262

332 520 504 602 presbiteri
527 519 661 583 aliamm
685 520 881 602 capellarum
904 541 966 604 pro
990 516 1319 607 recompeln]satione
1344 520 1543 583 decimarum
1567 527 1600 582 et
1619 517 1825 580 oblationum
1842 515 2003 597 episcopo

333 609 463 685 faciunt,
487 609 552 672 hoc
575 610 662 672 idem
685 609 882 691 capellanus,
907 610 962 693 qui
986 613 1019 674 in
1043 612 1180 674 ecclesia
1203 611 1305 674 sancti
1329 611 1418 673 Pauli
1442 629 1502 692 per
1524 608 1679 672 abbatem
1703 607 1805 670 sancti
1830 605 1915 668 Petri
1940 623 2003 686 pro

332 708 481 781 tempore
504 698 606 773 fuerit,
630 698 721 762 iuxta
744 698 931 763 facultatem
954 701 1099 776 ecclesie,
1124 699 1250 763 remota
1273 699 1382 781 aliqua
1404 699 1494 781 gravi
1511 698 1691 771 exactione,
1716 696 1877 777 episcopo
1894 693 2004 765 iaciat,

288 824 290 828 .
332 808 406 850 cum
422 788 464 850 ad
480 789 642 870 synodum
657 789 796 851 Ronane
812 791 947 854 ecclesie
961 791 1102 868 venerit;
1126 790 1301 871 episcopus
1317 799 1426 851 autem
1441 784 1675 870 parrochianos
1695 783 1842 847 eiusdem
1866 781 2005 845 ecclesie

331 896 391 939 suo
415 876 526 940 officio
548 886 655 959 cogat,
687 898 728 940 ne
750 879 908 961 personis,
932 898 992 960 per
1014 879 1169 942 abbatem
1192 879 1295 942 sancti
1320 877 1406 941 Petri
1434 876 1513 940 inibi
1538 877 1660 959 positis,
1684 874 1829 956 aliquam
1853 873 2004 935 iniuriam

331 965 381 1028 vel
403 965 593 1030 violentiam
622 966 762 1031 inserant
785 988 845 1032 nec
869 969 911 1037 de
933 978 1043 1032 cetero
1067 970 1242 1051 episcopus
1264 967 1315 1030 vel
1337 967 1434 1030 vicini
1459 967 1654 1032 interdicant
1669 964 1737 1027 sive
1753 963 1956 1046 prohibeant
1977 959 2003 1046 Ι)

330 1055 452 1131 abbati,
481 1056 663 1137 predictam
687 1055 856 1122 ecclesiam
880 1058 983 1122 sancti
1007 1059 1097 1122 Pauli
1122 1079 1181 1140 per
1203 1057 1383 1120 monachos
1406 1064 1440 1119 et
1462 1056 1597 1120 clericos
1620 1075 1696 1119 suos
1719 1054 1881 1118 ordinare.
1929 1053 2004 1114 Pre-

330 1151 420 1208 terea
443 1145 485 1207 de
509 1146 667 1209 mutando
691 1141 914 1233 [monasterio]
938 1149 970 1210 in
994 1149 1103 1211 locum
1126 1148 1225 1222 illum,
1249 1149 1283 1210 in
1307 1165 1373 1228 quo
1396 1145 1541 1228 prefatus
1557 1145 1670 1221 Goizo,
1695 1143 1869 1207 cardinalis
1889 1149 2006 1206 sancte

331 1232 451 1297 Cecilie
473 1243 552 1298 tunc
575 1235 756 1317 apostolice
772 1237 859 1300 sedis
875 1237 1009 1320 legatus,
1035 1257 1163 1301 crucem
1178 1237 1297 1318 posuit,
1321 1236 1465 1300 eiusdem
1483 1234 1722 1316 predecessoris
1738 1233 1840 1296 nostri
1856 1231 2007 1312 vestigiis

331 1322 523 1399 inherentes,
550 1325 730 1400 statuimus,
763 1333 806 1400 ut,
836 1326 862 1388 si
886 1327 1062 1408 episcopus
1085 1325 1315 1390 Cremonensis
1338 1325 1567 1388 terramillam
1598 1324 1645 1386 sui
1679 1323 1755 1386 iuris
1778 1341 1849 1384 esse
1880 1321 2009 1402 poterit

331 1413 513 1490 ostendere,
544 1415 836 1478 commutationem
867 1416 1060 1480 tantundem
1084 1415 1247 1479 valentem
1271 1414 1348 1478 alibi
1373 1434 1393 1475 a
1416 1413 1614 1478 monasterio
1639 1413 1782 1494 recipiat.
1828 1410 2007 1473 Addentes

330 1502 430 1564 etiam
460 1502 682 1583 prohibemus,
716 1516 749 1566 ut
780 1504 813 1566 in
841 1504 1015 1586 parrochia
1045 1505 1148 1568 sancti
1172 1504 1260 1567 Pauli
1292 1505 1324 1568 in
1355 1504 1535 1585 dampnum
1566 1503 1667 1584 ipsius
1685 1499 1714 1586 b)
1744 1499 1833 1562 nulla
1864 1499 2008 1562 ecclesia

330 1598 542 1667 construatur,
573 1593 663 1656 salva
686 1593 718 1655 in
750 1593 902 1656 omnibus
934 1595 1116 1677 apostolice
1146 1595 1233 1658 sedis
1262 1594 1465 1656 auctoritate.
1510 1592 1545 1656 Si
1573 1612 1637 1674 qua
1668 1593 1765 1674 igitur
1796 1589 1828 1650 in
1859 1589 2006 1651 luturunr

330 1679 545 1744 ecclesiastica
574 1681 765 1746 secularisve
789 1701 931 1763 persona
961 1681 1046 1746 hanc
1077 1682 1312 1756 diffinitonem,
1344 1702 1387 1744 ex
1417 1688 1577 1766 precepto
1609 1681 1725 1762 prefati
1758 1678 2007 1761 predecessoris

329 1769 429 1831 nostri
453 1769 570 1833 iactam
595 1779 628 1834 et
649 1791 669 1834 a
692 1771 789 1836 nobis
820 1770 1062 1848 confirmatam,
1095 1773 1268 1854 infringere
1299 1773 1524 1852 temptaverit,
1556 1771 1678 1833 ordinis
1710 1777 1743 1832 et
1763 1765 1790 1852 c)
1821 1765 1924 1829 officii
1958 1767 2007 1828 sui

328 1858 476 1940 periculo
506 1859 675 1924 subiaceat
712 1868 811 1942 atque
838 1862 1074 1943 omnipotentis
1105 1862 1158 1926 dei
1190 1870 1223 1925 et
1243 1857 1248 1946 Ι
1268 1861 1440 1926 beatorum
1471 1859 1556 1924 Petri
1587 1868 1621 1922 et
1642 1857 1743 1934 Pauli,
1773 1853 2006 1939 apostolorum

330 1948 398 2010 eius
417 1945 454 2032 d),
478 1949 734 2030 indignationem
758 1952 909 2013 incurrat.
956 1949 1075 2015 Amen.
1098 1952 1188 2015 Am.
1212 1951 1331 2014 Amen.
1354 1985 1398 1996 -

540 2035 595 2123 (R)
619 2038 691 2122 Ego
714 2037 906 2103 Alexander
928 2039 1134 2125 catholicae)
1158 2038 1293 2104 ecclesie
1313 2038 1341 2125 s)
1365 2038 1539 2121 episcopus
1562 2057 1603 2100 ss.
1627 2035 1689 2121 (M)

541 2123 562 2210 †
585 2128 657 2210 Ego
680 2127 854 2192 Hubaldus
878 2127 1062 2194 Hostiensis
1085 2131 1259 2212 episcopus
1281 2148 1322 2192 ss.
1345 2125 1392 2212 (4)

540 2251 584 2264 -
606 2219 627 2297 †
649 2215 722 2300 Ego
741 2215 771 2302 ε)
796 2216 959 2282 lohannes
989 2220 1149 2301 presbiter
1179 2218 1351 2284 cardinalis
1375 2226 1561 2281 sanctorum
1589 2214 1742 2278 Iohannis
1773 2224 1807 2278 et
1835 2213 1930 2278 Pauli
1959 2214 2005 2276 tit

754 2307 920 2372 Pamachii
943 2328 985 2372 ss.

540 2391 561 2478 †
584 2393 657 2476 Ego
680 2395 770 2460 Boso
792 2395 957 2479 presbiter
978 2396 1150 2462 cardinalis
1173 2405 1288 2461 sancte
1309 2396 1512 2461 Pudentiane
1535 2396 1582 2458 tit
1606 2393 1747 2457 Pastoris
1769 2411 1811 2454 ss.
1830 2389 1867 2476 h).

540 2481 561 2565 †
584 2481 659 2565 Ego
682 2483 796 2548 Petrus
818 2485 980 2568 presbiter
1003 2486 1174 2550 cardinalis
1197 2489 1245 2549 tit
1268 2495 1381 2550 sancte
1403 2482 1552 2548 Susanne
1574 2503 1616 2546 ss.

541 2568 562 2653 ’γ
585 2572 658 2654 Ego
680 2573 835 2638 Vivianus
858 2575 1021 2658 presbiter
1044 2576 1215 2640 cardinalis
1238 2578 1286 2640 tit.
1302 2578 1404 2640 sancti
1421 2572 1581 2656 Stephani
1604 2575 1638 2635 in
1654 2568 1744 2636 Celio
1766 2577 1880 2635 monte
1896 2589 1942 2634 ss
1958 2565 2005 2654 (1)

540 2697 583 2707 -—
605 2659 626 2744 †
648 2662 722 2744 Ego
744 2662 882 2728 Ardicio
904 2666 1061 2730 diaconus
1084 2665 1256 2730 cardinalis
1278 2665 1381 2728 sancti
1404 2662 1572 2728 Theodori
1595 2682 1637 2725 ss.

540 2748 561 2833 †
584 2749 657 2833 Ego
681 2751 838 2835 Cinthyus
861 2753 1017 2818 diaconus
1040 2755 1213 2820 cardinalis
1236 2755 1339 2819 sancti
1361 2754 1500 2818 Adriani
1524 2773 1564 2821 ss.

540 2835 561 2920 ’r
583 2839 656 2922 Ego
680 2838 781 2926 Hugo
803 2845 906 2906 sancti
930 2842 1052 2926 Angeli
1076 2845 1233 2908 diaconus
1257 2842 1429 2907 cardinalis
1452 2863 1493 2906 ss.
1517 2839 1564 2927 (2)

485 2926 561 2992 Dat.
584 2928 745 3006 Laterani,
769 2952 829 3015 per
852 2952 984 2996 manum
1000 2931 1142 3009 Alberti,
1164 2942 1277 2997 sancte
1299 2935 1448 2997 Romane
1472 2930 1610 2995 ecclesie
1633 2928 1805 3014 presbiteri
1828 2927 2003 2991 cardinalis

326 3022 360 3078 et
383 3014 575 3080 cancellarii.
620 3031 673 3082 1111
699 3020 776 3084 Idus
799 3022 887 3084 Iunii.
932 3021 1115 3087 Indictione
1138 3038 1184 3086 ΧΙ.
1230 3024 1459 3088 lncamationis
1492 3021 1654 3085 dominice
1686 3030 2004 3094 ann0,MCLxxvn1.

326 3101 533 3169 Pontificatus
556 3127 635 3171 vero
658 3108 771 3173 domni
794 3109 1012 3175 ALEXANDRI
1034 3133 1090 3196 pp.
1114 3127 1152 3176 111
1175 3134 1261 3176 armo
1285 3127 1395 3177 xv1111.
1417 3146 1462 3158 -

489 3221 531 3270 Or.
551 3221 595 3272 der
615 3221 740 3273 Collection
759 3223 864 3275 Morbior
881 3241 929 3275 von
947 3225 1068 3286 Maihnd,
1087 3228 1222 3294 arrgekulrfl
1238 3228 1316 3278 durch
1333 3228 1418 3278 Herm
1436 3225 1644 3290 Willmersa'o'rfcr
1660 3243 1685 3277 u.
1703 3241 1727 3275 a.
1746 3223 1772 3274 in
1791 3221 1932 3274 Maiorem

486 3291 557 3358 Perg.
577 3293 636 3354 rial,
663 3296 699 3345 br.
718 3296 803 3356 orta,
828 3297 890 3365 lang
906 3300 990 3358 0,668,
1018 3307 1093 3349 umen
1111 3316 1131 3349 c.
1151 3301 1213 3361 0,03
1231 3302 1427 3366 umgerchlagrn,
1455 3299 1533 3348 durch
1550 3301 1567 3348 ll
1586 3299 1679 3348 Lb'clrer
1697 3299 1755 3364 gel!
1780 3295 1830 3344 erne
1851 3300 1936 3361 gnbu
1953 3296 2007 3345 md

321 3362 387 3428 gelde
405 3362 589 3425 Seidrrrsclmur,
608 3365 680 3415 deren
697 3367 753 3416 Blei
767 3369 883 3431 verlorm,
902 3370 1012 3437 Farrung
1027 3372 1071 3422 der
1087 3372 1185 3422 Bullen.
1222 3372 1359 3438 Ringlrreus
1377 3373 1433 3422 und
1447 3371 1504 3435 Ego
1523 3371 1566 3420 der
1587 3370 1734 3433 ptpsrliclm
1756 3368 1925 3432 Unterschnst
1941 3369 2006 3416 wohl

324 3449 372 3483 von
387 3434 492 3499 gleiclrer
507 3435 589 3486 Dinte.
626 3438 675 3487 Die
694 3438 903 3506 Presbyterfirmen
926 3457 974 3492 von
992 3444 1169 3493 verschiedener
1185 3444 1261 3493 Daue
1285 3443 1341 3493 und
1356 3444 1538 3494 verschiedenen
1556 3441 1587 3490 H
1588 3441 1675 3501 rinden,
1695 3441 1732 3490 die
1749 3438 1880 3489 onum
1899 3439 2003 3488 n'emlick

324 3506 402 3556 richer
417 3521 466 3556 von
479 3507 585 3572 glercter
599 3508 680 3558 Hand
695 3511 751 3560 rmd
765 3511 848 3562 Dinte.
885 3513 940 3562 Das
957 3518 981 3563 A
999 3515 1091 3564 Alberts
1113 3516 1140 3564 in
1164 3516 1208 3564 der
1224 3515 1354 3582 Datinmg
1373 3531 1422 3564 von
1446 3513 1623 3564 abrveiclrmder
1639 3512 1715 3562 Dintr
1732 3512 1918 3576 nachgetragm.
1956 3511 2002 3560 Die

329 3576 517 3698 Ufhorrjpenhat
547 3580 626 3630 durch
654 3581 816 3648 Fruchrrkkeit
837 3585 948 3651 gelatum
988 3587 1020 3636 sie
1046 3587 1110 3636 turre
1136 3587 1258 3652 erpuulich
1284 3588 1311 3636 in
1338 3589 1381 3636 der
1405 3586 1478 3636 Fam
1503 3586 1569 3636 einer
1597 3583 1842 3634 ank-Mirrelhzdle
1868 3583 2005 3650 ausgcsrdIt

323 3663 373 3698 sem
399 3665 425 3698 so
474 3689 481 3704 .
1056 3687 1058 3694 ,

1068 3943 1135 4017 Nr.
1162 3946 1251 4018 273.

323 4063 509 4132 Alexander
522 4069 588 4134 III
605 4070 795 4152 beauftragt
814 4071 899 4135 swei
912 4071 1107 4137 Kanom'ker
1129 4097 1192 4140 von
1209 4077 1321 4156 Lucca,
1343 4077 1405 4140 den
1420 4074 1523 4139 Streit
1543 4075 1702 4140 amucken
1718 4074 1779 4138 den
1796 4073 1998 4158 Kapellrtnen

571 4179 632 4223 von
648 4157 716 4222 San
735 4158 848 4224 Gr'usto
863 4161 933 4225 und
944 4183 1005 4226 von
1021 4161 1089 4226 San
1108 4163 1274 4229 Giovannr‘
1285 4165 1324 4228 di
1348 4164 1487 4230 Versano
1501 4185 1542 4230 zu
1558 4164 1741 4229 schlichten.

904 4277 1042 4364 mae)
1058 4277 1187 4362 August
1200 4285 1227 4345 1.
1263 4283 1414 4346 Lateran.

481 4391 674 4455 Alexander
704 4392 891 4474 episcopus,
923 4412 1035 4457 servus
1065 4413 1232 4459 servorum
1263 4397 1325 4472 dei,
1356 4397 1483 4462 dilectis
1505 4397 1578 4462 filiis
1602 4445 1608 4459 .
1634 4394 1944 4478 ‚archipresbitero
1966 4401 1996 4457 et

322 4480 479 4561 magistro
492 4479 691 4552 Hermanno,
707 4480 911 4544 subdiacono
926 4491 1047 4557 nostro,
1069 4485 1074 4564 Ι
1095 4485 1253 4548 canonico
1266 4486 1398 4550 Lucane
1414 4487 1561 4563 ecclesie,
1576 4486 1714 4549 salutem
1731 4493 1764 4548 et
1779 4485 1995 4566 apostolicam

321 4564 596 4632 benedictionem.
641 4569 763 4632 Dilecti
787 4567 842 4632 filii
866 4574 978 4648 nostri,
1001 4572 1254 4656 archipresbiter
1277 4584 1311 4638 et
1326 4579 1473 4640 canonici
1490 4577 1605 4640 Pisane
1622 4574 1768 4649 ecclesie,
1791 4569 1994 4654 transmislsa

321 4656 415 4720 nobis
445 4659 601 4722 relatione
631 4665 862 4736 monstrarunt,
892 4662 993 4741 quod,
1024 4682 1098 4725 cum
1130 4666 1359 4741 controversia,
1392 4687 1457 4748 que
1487 4668 1571 4729 inter
1593 4665 1638 4730 .C.
1663 4661 1866 4745 capellanum
1893 4663 1992 4725 sancti

318 4745 395 4810 Iusti
408 4745 453 4810 ‘et
469 4749 508 4812 G.
533 4749 740 4830 capellanum
763 4750 866 4812 sancti
882 4749 1034 4813 Iohannis
1057 4752 1101 4815 de
1116 4751 1253 4817 Vezano
1278 4755 1320 4818 de
1343 4755 1487 4820 terminis
1508 4753 1655 4819 terrifinii
1679 4755 1846 4831 utriusque
1870 4751 1992 4834 capelle

319 4852 358 4894 ac
389 4836 533 4916 plebium
565 4846 599 4899 et
631 4838 673 4900 de
697 4838 838 4920 quadam
862 4847 956 4921 parte
978 4842 1141 4918 territorii,
1172 4843 1257 4906 circa
1280 4845 1418 4908 eosdem
1441 4845 1596 4908 terminos
1619 4844 1688 4915 sita,
1711 4842 1755 4904 de
1778 4841 1939 4904 mandato
1961 4848 1992 4902 et

318 4926 511 4988 auctoritate
526 4926 721 4990 venerabilis
736 4927 843 4990 fratris
859 4931 969 5006 nostri,
986 4925 1091 4993 Pis'ani
1107 4929 1354 5015 archiepiscopi,
1370 4934 1411 4996 sit
1425 4935 1606 5008 terminata,
1623 4933 1790 5015 predictus
1806 4928 1990 5012 capellanus

317 5015 421 5076 sancti
451 5013 605 5078 Iohannis
637 5024 751 5079 contra
781 5016 918 5080 eandem
949 5021 1145 5084 sententiam
1176 5025 1336 5103 presumit
1366 5024 1477 5087 venire
1514 5031 1548 5086 et
1586 5023 1615 5085 ei
1651 5041 1716 5085 non
1751 5020 1884 5082 dubitat
1916 5038 1988 5082 ausu

316 5104 488 5167 temerario
512 5103 655 5170 obviare,
699 5104 775 5189 lpse
798 5107 885 5168 enim
908 5116 1021 5171 contra
1044 5111 1185 5173 eandem
1201 5113 1395 5174 sententiam
1416 5113 1577 5194 quosdam
1595 5112 1637 5174 de
1654 5108 1877 5192 parrochianis
1895 5109 1988 5192 ipsius

314 5193 468 5256 territorii
490 5194 533 5258 ad
556 5195 698 5258 divinum
723 5197 847 5277 recepit
869 5195 1014 5259 officium
1038 5206 1072 5261 et
1103 5200 1299 5280 quibusdam
1323 5200 1457 5264 infirmis
1481 5197 1721 5288 penit[en]tiam
1744 5198 1837 5262 dedit
1860 5197 1987 5262 occulte

317 5289 351 5344 et
381 5281 549 5347 cuiusdam
579 5286 622 5349 de
653 5283 825 5368 parrochia
855 5285 1000 5349 eiusdem
1053 5286 1098 5351 .C.
1118 5288 1147 5374 i)
1177 5309 1298 5372 corpus
1329 5291 1418 5372 apud
1449 5310 1544 5353 suum
1581 5289 1783 5375 presumpsit
1816 5286 1985 5351 ecclesiam

316 5370 461 5453 sepelire.
510 5374 649 5450 Verum,
678 5374 830 5455 quoniam
862 5374 904 5437 de
934 5375 1072 5439 decimis
1101 5386 1134 5441 et
1166 5379 1314 5460 primitiis
1345 5387 1379 5442 et
1408 5378 1628 5443 oblationibus
1659 5377 1807 5441 eiusdem
1838 5373 1986 5439 territorii

475 5575 501 5640 a)
519 5574 614 5624 Hr'nter
629 5581 639 5624 t
656 5577 741 5624 Rarur
835 5575 862 5638 b)
881 5576 927 5626 das
943 5583 1002 5627 erste
1020 5593 1032 5627 s
1050 5594 1096 5627 aus
1114 5579 1122 5628 i
1140 5581 1274 5644 argesten
1368 5583 1393 5648 c)
1412 5590 1421 5632 t
1440 5585 1572 5649 wegradr'rt
1592 5585 1650 5634 oder
1667 5583 1806 5649 abgrschabt
1901 5583 1928 5646 d)
1945 5578 1986 5632 κη’(
2045 5567 2047 5618 ἕ

315 5645 510 5696 mereretur
527 5647 694 5712 nachrrtglich
711 5647 874 5714 cr'ngesclroben
963 5652 988 5715 e)
1007 5649 1016 5698 i
1034 5651 1087 5715 aus
1098 5653 1183 5700 Ram
1270 5653 1293 5716 l)
1316 5654 1404 5704 zweiur
1421 5671 1435 5704 c
1452 5657 1505 5721 auf
1525 5658 1610 5705 Rasur
1697 5656 1724 5720 g)
1743 5649 1780 5721 -l-
1797 5654 1856 5718 Ego
1874 5652 1985 5706 vidleicll

314 5732 362 5766 von
379 5717 482 5768 andem
498 5719 580 5768 Hand
649 5719 675 5784 b)
695 5734 742 5768 von
761 5719 825 5769 biter
842 5736 877 5770 an
895 5720 1025 5786 durclrueg
1040 5722 1087 5770 mit
1102 5722 1234 5773 dunklerer
1251 5725 1327 5776 Dintc
1344 5729 1506 5793 nachgewgm
1577 5728 1596 5790 i)
1616 5727 1733 5779 viellcr'clrt
1749 5731 1934 5796 noclgetragm.
