4126 6366
331 308 396 393 384

329 503 399 584 ipse
423 503 578 584 magister
601 502 643 564 ad
667 501 858 583 magistrum
881 496 1044 562 scolarum
1067 497 1228 580 pertinere
1252 496 1419 582 proponit,
1453 517 1585 564 causam
1616 496 1804 583 accepimus
1827 495 2009 563 emersisse

328 591 488 655 Volentes
521 592 647 674 itaque,
680 592 770 670 quod
800 591 917 653 eadem
941 606 1038 651 causa
1061 588 1121 650 sub
1145 598 1254 651 vestro
1279 590 1430 652 examine
1453 591 1658 665 terminetur,
1690 591 1878 653 discretioni
1902 602 2011 652 vestre

328 701 388 762 per
412 681 595 763 apostolica
617 681 739 763 scripta
762 680 966 754 mandamus,
991 678 1151 759 quatinus,
1176 679 1324 759 partibus
1348 681 1537 741 convocatis
1560 690 1593 742 et
1617 679 1799 742 rationibus
1822 680 1901 742 hinc
1934 679 2011 741 inde

329 769 457 851 plenius
481 771 599 833 auditis
623 780 655 833 et
678 771 828 852 cognitis,
853 788 984 832 causam
1009 769 1124 848 ipsam,
1150 768 1374 849 appellatione
1397 777 1532 845 remota,
1563 769 1629 832 fine
1652 769 1813 832 canonico
1838 769 2011 830 decidatis

328 859 445 922 Testes
476 871 602 935 autem,
635 860 689 941 qui
722 860 840 922 suerint
870 857 1045 932 nominati,
1077 857 1103 918 si
1135 877 1171 918 se
1200 857 1306 938 gratia
1329 858 1381 920 vel
1411 859 1527 921 timore
1558 859 1778 922 subtraxerint
1817 879 1837 920 a
1871 857 2011 920 serendo

328 945 588 1034 testimonium(l)
598 945 768 1034 veritati(s)
781 969 840 1012 vos
853 969 910 1011 eos
922 947 964 1009 ad
978 945 1041 1008 hoc
1052 945 1272 1009 ecclesiastica
1281 967 1424 1022 censura,
1436 947 1659 1029 appellatione
1668 959 1803 1024 remota,
1813 947 1954 1028 cogatis
1969 982 2012 990 -

329 1036 405 1100 Dat.
428 1037 591 1115 Laterani,
615 1053 654 1102 111
677 1039 731 1101 Kl.
758 1039 868 1102 Madii.
913 1033 1128 1098 Pontificatus
1151 1037 1253 1098 nostri
1278 1056 1365 1098 anno
1389 1037 1544 1099 secundo

489 1152 602 1202 Zimrlr'ch
623 1152 780 1217 gleichzeitige
797 1151 922 1216 Abscrryr
947 1150 992 1199 mit
1014 1149 1108 1199 starker
1125 1149 1300 1214 Nachbildrmg
1325 1165 1372 1200 vim
1391 1150 1484 1217 Schn'ft
1511 1151 1567 1201 und
1582 1150 1807 1202 Amsserltcrkeiren
1832 1152 1878 1200 der
1901 1151 2013 1216 Mage,

327 1222 361 1272 im
380 1223 492 1274 Archr‘vr'o
513 1224 647 1289 capitolare
665 1241 695 1273 su
712 1225 801 1290 It'rggr'o
817 1223 876 1272 nell*
894 1222 994 1272 Emilr'a.

1073 1507 1257 1582 Mssd

333 1641 473 1707 Co'lestr'rr
495 1641 563 1706 III
580 1644 732 1727 bestcitrgt
751 1642 811 1707 der
833 1640 1107 1724 Kollegr'atkz'rclre
1122 1641 1284 1722 Bagrrara
1305 1639 1446 1705 Calabra
1463 1640 1483 1720 (
1483 1641 1521 1706 D.
1539 1641 1663 1725 Reggio
1685 1640 1844 1720 Calabra)
1860 1643 1919 1706 die
1938 1642 2013 1704 Bri-

677 1733 800 1818 lrgurrg
814 1730 902 1796 r'lrres
920 1729 1055 1798 Strer'tes
1071 1727 1132 1794 rrrr't
1145 1729 1219 1793 dem
1238 1727 1368 1794 Kloster
1380 1729 1470 1796 Sant'
1486 1729 1654 1812 Errfemr'a.

966 1849 1052 1910 1192
1067 1846 1144 1910 Mai
1157 1849 1185 1907 6.
1216 1845 1371 1910 Lateran.

487 1963 666 2031 Celestinus
690 1965 874 2046 episcopus,
897 1984 1008 2027 servus
1031 1982 1198 2026 servorum
1223 1962 1284 2035 dei,
1310 1963 1437 2025 dilectis
1461 1963 1543 2039 liliis,
1567 1965 1723 2027 Rainerio
1744 1965 1843 2046 priori
1861 1974 1894 2027 et
1911 1983 2010 2026 cano

328 2053 409 2116 nicis
432 2054 569 2116 ecclesie
593 2055 634 2116 de
658 2054 837 2131 Balnearia,
861 2054 998 2116 salutem
1023 2063 1057 2116 et
1079 2051 1298 2134 apostolicam
1321 2052 1597 2116 benedictionem.
1644 2055 1775 2135 Equum
1800 2064 1849 2116 est
1873 2062 1906 2115 et
1932 2071 2009 2115 con-

327 2163 445 2206 sonum
469 2143 595 2219 rationi,
627 2153 662 2205 ut
686 2145 885 2226 questiones,
917 2163 980 2224 que
1004 2141 1182 2205 concordia
1204 2141 1255 2203 vel
1278 2141 1400 2205 iudicio
1423 2142 1604 2224 sopiuntur,
1635 2164 1677 2206 ne
1701 2144 1732 2205 in
1757 2144 2009 2206 contentionem

328 2233 437 2295 denuo
453 2233 657 2309 reducantur,
682 2232 860 2295 litterarum
876 2232 1033 2294 memorie
1050 2229 1322 2293 commendentur
1337 2232 1589 2313 apostolicoque
1604 2233 1789 2315 patrocinio
1810 2233 2009 2294 muniantur.

328 2321 410 2384 Cum
442 2333 552 2385 autem
583 2323 666 2384 inter
696 2323 867 2385 ecclesiam
890 2331 1033 2384 vestram
1065 2332 1098 2383 et
1129 2321 1363 2382 monasterium
1393 2328 1508 2384 sancte
1538 2322 1721 2403 Euphemie
1740 2317 1764 2405 ¹)
1794 2341 1894 2402 super
1925 2321 2009 2382 silva

328 2409 464 2473 ecclesie
481 2412 522 2473 de
540 2409 672 2474 Corona
688 2421 721 2474 et
744 2422 836 2488 terra,
863 2431 926 2492 que
951 2411 1067 2474 dicitur
1088 2409 1217 2490 Sparta,
1243 2408 1380 2490 aliisque
1404 2411 1632 2475 adiacentibus
1662 2412 1851 2473 tenimentis
1876 2421 2008 2473 contro·

326 2501 431 2562 versia
455 2500 591 2564 suborta
615 2501 743 2576 fuisset,
776 2501 911 2564 tandem
944 2499 1165 2563 mediantibus
1188 2497 1277 2560 bone
1306 2502 1464 2563 memorie
1487 2501 1648 2581 Rogerio,
1682 2500 1852 2582 quondam
1875 2500 2008 2581 Regino

328 2588 577 2672 archiepiscopo
603 2587 642 2674 ¹),
681 2588 848 2652 Willelmo
882 2589 1086 2671 Anglonensi
1112 2584 1145 2672 ³),
1170 2587 1316 2650 iohanne
1343 2589 1495 2652 Maltensi
1514 2587 1539 2674 ⁴)
1564 2601 1597 2651 et
1618 2590 1751 2652 Iustano
1768 2589 1966 2651 Mazariensi
1982 2588 2009 2674 ⁵)

328 2679 511 2760 episcopis,
544 2680 598 2759 qui
623 2699 721 2760 super
744 2679 808 2741 hoc
837 2679 1024 2760 cognitores
1053 2679 1180 2741 fuerant
1204 2677 1350 2753 instituti,
1375 2679 1408 2740 in
1433 2680 1599 2761 presentia
1622 2679 1764 2760 plurium
1789 2678 2008 2741 discretorum

327 2769 469 2830 virorum
494 2767 667 2830 diffinitiva
691 2767 750 2830 luit
773 2769 936 2830 sententia
958 2769 1141 2830 terminata.
1188 2765 1260 2828 Nos
1284 2767 1381 2847 igitur
1403 2769 1601 2831 sententiam
1631 2766 1726 2842 illam,
1757 2768 1841 2830 sicut
1865 2769 2007 2830 rationa-

328 2854 435 2919 biliter
459 2856 525 2919 lata
548 2867 598 2920 est
621 2867 654 2919 et
681 2857 838 2920 hactenus
870 2857 1044 2919 observata
1075 2867 1109 2918 et
1138 2856 1171 2917 in
1194 2856 1327 2937 scripto,
1361 2857 1482 2920 exinde
1506 2857 1611 2933 lacto,
1643 2857 1788 2939 plenarie
1812 2857 2007 2930 continetur,

327 2957 431 3007 ratam
454 2946 621 3022 habentes,
645 2947 756 3026 scripti
781 2946 964 3026 patrocinio
989 2945 1236 3008 communimus.
1276 2944 1365 3008 Nulli
1382 2966 1460 3028 ergo
1485 2943 1645 3031 om(nino)
1662 2942 1859 3030 hom(inum)
1875 2942 2006 3028 lic(eat),

327 3033 412 3096 hanc
435 3031 616 3119 pag(inam)
640 3045 750 3097 nostre
774 3030 1054 3118 confidmationis)
1079 3030 1278 3117 inirin(gere)
1301 3034 1352 3096 vel
1377 3038 1406 3098 ei
1429 3056 1508 3098 ausu
1533 3031 1731 3119 temerario)
1751 3036 1925 3098 contraire.
1972 3034 2006 3098 Si

328 3123 401 3202 quis
423 3133 532 3186 autem
555 3123 619 3187 hoc
643 3131 839 3205 attemptare
862 3124 1111 3205 presumpserit,
1143 3123 1404 3203 indignationem
1428 3121 1690 3209 omnip(otentis)
1713 3124 1766 3186 dei
1782 3136 1816 3187 et
1832 3124 2006 3187 beatorum

327 3212 412 3275 Petri
436 3222 469 3275 et
491 3212 596 3286 Pauli,
629 3213 855 3294 apostolorum
879 3215 961 3288 eius,
993 3232 1028 3275 se
1052 3213 1179 3276 noverit
1202 3212 1413 3278 incursurum.
1437 3250 1481 3259 —
1505 3213 1627 3278 Datum
1651 3214 1815 3291 Laterani,
1839 3227 1866 3276 11
1889 3214 2007 3276 Nonas

304 3301 416 3363 ·Maii.
462 3301 675 3364 Pontificatus
699 3303 800 3364 nostri
825 3322 911 3364 anno
935 3302 1090 3365 secundo.

487 3416 612 3480 Absrhrr'sl
628 3417 668 3464 des
688 3417 744 3467 cod.
769 3416 819 3464 Vat.
839 3418 908 3465 8034
919 3418 968 3480 sol.
989 3421 1030 3477 41,
1050 3417 1076 3465 in
1094 3417 1138 3466 der
1155 3416 1217 3465 Bibl.
1243 3417 1360 3468 Vaticana
1378 3435 1408 3468 su
1427 3420 1487 3468 Rom

1072 3703 1140 3778 ΝΥ.
1165 3706 1254 3778 449.

332 3831 471 3898 Cb'lestr'n
486 3831 554 3898 ΙΙΙ
566 3830 715 3917 bestdtrgt
727 3833 800 3898 dem
818 3831 965 3916 thcrofe
980 3836 1049 3900 und
1063 3833 1200 3919 Kapr'tel
1210 3857 1273 3900 von
1296 3836 1326 3899 T
1321 3846 1432 3900 ortona
1449 3836 1521 3900 ihre
1537 3835 1836 3914 Besclzlussnalrme‚
1855 3835 1937 3898 dass
1951 3834 2005 3897 die

327 3923 418 3988 Zalrl
428 3945 490 3987 von
505 3923 660 3988 sechaehrr
678 3921 885 3988 Kanonikern
900 3924 990 3988 nicht
1007 3922 1237 3988 ribersclzrr'tten
1260 3926 1393 3990 werden
1417 3926 1527 4005 drirse,
1551 3925 1624 3988 und
1637 3926 1759 4006 semer
1780 3925 1853 3988 ihre
1879 3921 2003 3986 Verein-

841 4013 968 4096 barung
980 4014 1058 4079 r'r'ber
1075 4013 1429 4098 Getrer'devertheilung
1444 4015 1483 4093 ⁶).

863 4133 948 4192 1192
964 4130 1041 4193 Mai
1053 4133 1106 4193 20.
1138 4129 1171 4194 S.
1187 4130 1284 4194 Peter
1296 4151 1357 4194 von
1373 4131 1466 4194 Rom.

487 4243 670 4308 Celestinus
697 4245 881 4328 episcopus,
915 4267 1025 4309 servus
1053 4267 1220 4310 servorum
1252 4248 1319 4324 dei,
1350 4246 1528 4309 venerabili
1559 4245 1647 4308 fratri
1672 4293 1679 4307 .
1703 4294 1710 4306 .
1734 4245 1896 4327 episcopo
1913 4243 1941 4328 ⁷)
1971 4257 2002 4307 et

327 4335 453 4399 dilectis
475 4335 557 4412 filiis,
590 4335 756 4397 canonicis
780 4335 1001 4399 Terdonensis
1031 4334 1182 4413 ecclesie,
1214 4338 1353 4400 salutem
1384 4343 1417 4399 et
1448 4336 1666 4417 apostolicam
1694 4332 1699 4419 Ι
1726 4334 2000 4398 benedictionem.

326 4424 400 4506 Que
423 4445 484 4506 pro
508 4423 717 4487 ecclesiarum
741 4425 933 4489 utilitatibus
950 4424 1183 4489 deliberatione
1199 4427 1339 4506 provida
1353 4435 1545 4502 statuuntur,
1570 4426 1714 4488 maxime
1730 4443 1804 4486 cum
1820 4423 1999 4505 periculum

327 4535 392 4576 non
433 4515 603 4577 continent
632 4514 828 4590 animarum,
861 4515 953 4578 firma
983 4512 987 4599 Ι
1014 4516 1165 4578 volumus
1197 4516 1388 4598 illibataque
1421 4534 1554 4578 manere
1585 4523 1618 4577 et
1649 4513 1777 4596 scriptis
1811 4512 1998 4594 apostolicis

326 4604 490 4667 roborare.
544 4602 632 4666 Sane
664 4624 706 4666 ex
735 4611 828 4685 parte
857 4615 965 4668 vestra
995 4605 1054 4667 fuit
1085 4606 1116 4667 in
1148 4605 1315 4668 audientia
1346 4615 1457 4667 nostra
1488 4605 1705 4686 propositum,
1739 4603 1840 4683 quod,
1866 4601 1997 4664 ecclesie

325 4700 432 4756 vestre
467 4691 681 4756 consideratis
711 4692 934 4770 facultatibuS,
966 4695 1124 4757 statuistis
1156 4705 1189 4757 et
1219 4695 1414 4757 unanimiter
1444 4694 1636 4769 ordinastis,
1668 4703 1703 4755 ut
1735 4692 1820 4754 ultra
1858 4689 1996 4755 sedecim

326 4782 559 4845 canonicorum
584 4801 735 4844 numerus
759 4783 790 4844 in
815 4783 1019 4846 Terdonensi
1053 4783 1190 4846 ecclesia
1221 4783 1353 4846 ulterius
1383 4783 1517 4846 minime
1550 4782 1747 4846 extendatur
1784 4792 1817 4844 et
1860 4799 1996 4863 persone

326 4872 358 4933 in
383 4869 447 4934 hoc
472 4891 606 4934 numero
623 4871 951 4952 comprehendantur.
983 4872 1168 4936 Addidistis
1185 4883 1341 4954 preterea,
1359 4883 1402 4948 ut,
1421 4874 1475 4953 qui
1492 4873 1601 4935 studio
1618 4871 1804 4935 vacaverint
1821 4869 1994 4933 litterarum

326 4961 537 5023 medietatem
561 4961 686 5040 integre
709 4962 870 5040 portionis
894 4962 936 5024 de
959 4961 1122 5025 frumento
1147 4974 1180 5025 et
1203 4963 1328 5044 siligine
1351 4962 1513 5038 habeant,
1546 4961 1644 5024 nichil
1676 4959 1818 5042 amplius
1846 4959 1994 5023 exacturi.

325 5051 360 5114 Si
378 5051 450 5132 quis
467 5058 584 5125 autem,
602 5049 645 5111 ad
660 5048 767 5111 scolas
787 5047 814 5134 ⁸)
831 5071 979 5132 pergens,
1004 5052 1163 5132 integram
1183 5053 1371 5133 portionem
1390 5052 1578 5132 susceperit,
1605 5051 1646 5114 de
1662 5049 1822 5112 fructibus
1837 5047 1994 5131 sequentis

326 5141 401 5202 anni
426 5139 524 5201 nichil
548 5133 770 5223 percipia(n>t.
818 5140 926 5222 Quam
950 5140 1062 5221 utique
1086 5141 1355 5204 constitutionem
1380 5140 1422 5202 ad
1446 5141 1615 5223 exemplar
1639 5140 1741 5203 felicis
1765 5137 1993 5202 recordationis

325 5229 507 5292 Alexandri
525 5226 550 5314 ⁸)
583 5234 616 5290 et
646 5227 823 5292 Clementis
841 5228 880 5314 ⁹),
912 5229 1181 5311 predecessorum
1211 5241 1415 5306 nostrorum,
1458 5240 1561 5293 ratam
1592 5227 1770 5304 habentes,
1810 5228 1992 5292 auctoritate

325 5319 509 5401 apostolica
532 5317 763 5380 confirmamus
787 5329 820 5382 et
843 5320 1002 5402 presentis
1025 5319 1137 5401 scripti
1161 5319 1343 5402 patrocinio
1368 5319 1616 5383 communimus.
1663 5318 1751 5382 Nulli
1769 5337 1850 5400 ergo
1867 5317 1990 5380 omnino

486 5515 511 5572 a)
530 5527 542 5561 s
560 5513 611 5576 aus
625 5515 710 5561 Rasrrr
726 5529 773 5562 von
791 5515 894 5563 anderer
911 5515 993 5564 Dinle.
1016 5549 1066 5557 --
1086 5519 1122 5578 A)
1143 5513 1169 5565 S.
1187 5513 1312 5579 Eusrmia.
1346 5513 1460 5563 Frarr'one
1478 5515 1519 5564 del
1533 5531 1591 5564 corn.
1610 5512 1638 5561 di
1657 5513 1773 5574 Giezerr'a,
1794 5519 1865 5577 prov.
1886 5511 1912 5560 di
1929 5509 1989 5559 Colu-

324 5583 377 5633 bria
399 5583 447 5632 Ult.
468 5583 502 5632 II.
536 5585 602 5649 thrt
617 5599 698 5649 wegcn
715 5586 793 5634 srr'mr
811 5584 997 5635 Mr'nerulbc'e'der
1014 5587 1115 5635 bemrht.
1207 5595 1233 5642 2)
1253 5589 1332 5651 Roger
1350 5585 1384 5646 II,
1410 5583 1555 5651 Erzbiscriof
1573 5601 1621 5635 von
1639 5585 1736 5652 Reggio,
1760 5601 1780 5633 c.
1800 5583 1988 5633 nro—error.

325 5667 352 5719 31
371 5657 491 5720 Anglona.
564 5661 591 5717 4l
612 5655 700 5706 Malta.
774 5663 799 5720 5)
820 5656 941 5706 Murram.
1017 5659 1043 5716 6)
1068 5658 1145 5721 Vergl.
1166 5657 1203 5706 die
1225 5657 1342 5706 Urkunde
1358 5673 1413 5706 vom
1432 5660 1448 5705 4
1467 5658 1599 5707 ll'ovrmber
1621 5659 1800 5706 irai-1185.
1884 5663 1908 5717 7)
1931 5651 1992 5699 ilii-¹

324 5727 406 5792 Hugo,
425 5729 499 5792 vrrgl.
518 5726 555 5775 dir
573 5727 626 5776 eben
645 5727 720 5778 cirine
739 5729 863 5778 Urhaemle.
937 5729 963 5796 8)
986 5729 1103 5778 Url'urulr
1120 5745 1175 5778 vom
1193 5731 1210 5777 4
1231 5729 1301 5793 Juni
1318 5731 1393 5778 1177.
1474 5743 1490 5792 9
1494 5755 1500 5792 J
1521 5730 1563 5788 Ist,
1582 5728 1626 5777 wir
1643 5744 1667 5777 es
1684 5727 1782 5788 schrint,
1801 5727 1869 5777 nich!
1884 5725 1985 5776 alaim
