4142 6366
1687 383 1754 449 243

817 550 885 626 Nr.
916 556 1005 627 247.

62 683 258 748 Alexander
283 683 349 748 III
368 683 520 767 bastatcgt
549 684 623 747 dem
651 681 788 766 Kapitel
810 705 874 748 von
902 684 970 749 San
996 683 1153 749 Silvestre
1179 685 1219 748 di
1249 683 1388 750 Vr'cenaa
1414 684 1469 750 aa
1492 684 1671 770 Bez'legang
1698 686 1756 751 des

63 773 208 839 Streites
223 775 287 838 mit
300 774 362 838 den
374 774 657 838 Damkaaanikera
672 793 733 836 von
751 771 894 852 Viceaaa,
909 774 1013 839 durch
1028 774 1089 840 dea
1101 775 1242 855 Br'sclros
1248 796 1309 838 aaa
1322 776 1443 840 Padaa
1458 774 1710 859 herbergefrilrrt
1719 779 1755 862 ¹).

611 878 862 965 (1173-)1176
877 880 975 944 Mara
990 883 1045 944 29.
1071 879 1211 963 Aaagm'.

234 996 427 1060 Alexander
449 998 635 1078 episcopus,
659 1015 771 1058 servus
794 1016 962 1060 servorum
985 997 1047 1073 dei,
1071 997 1198 1060 dilectis
1214 996 1296 1075 filiis,
1320 998 1419 1079 priori
1436 1005 1470 1060 et
1485 997 1637 1061 iratribus
1653 1001 1755 1062 sancti

63 1083 220 1150 Silvestri
244 1088 287 1149 de
302 1085 484 1160 Vincentia,
507 1085 645 1148 salutem
669 1094 703 1148 et
726 1085 942 1168 apostolicam
966 1085 1244 1149 benedictionem.
1284 1086 1366 1150 Cum
1390 1088 1473 1150 inter
1489 1108 1548 1150 vos
1564 1096 1598 1151 et
1613 1089 1754 1152 dilectos

64 1175 156 1238 filios
183 1184 324 1250 nostros,
348 1177 524 1239 canonicos
539 1174 715 1238 Vicentine
732 1175 878 1251 ecclesie,
902 1175 1103 1238 deecclesia
1126 1183 1236 1238 sancte
1253 1176 1357 1240 Marie
1380 1178 1423 1240 de
1438 1176 1586 1252 Fabrica,
1610 1179 1755 1253 decimis,

64 1265 297 1329 oblationibus
313 1265 543 1328 defunctorum
560 1273 593 1326 et
610 1265 653 1326 de
668 1262 889 1328 celebratione
906 1265 1003 1328 misse
1019 1266 1171 1348 specialis
1187 1267 1220 1328 in
1237 1266 1400 1348 exsequiis
1417 1265 1646 1330 defunctorum
1663 1268 1754 1330 etde

64 1355 260 1437 penitentiis
286 1353 572 1437 parrochianorum
596 1373 730 1416 suorum
753 1353 948 1435 iampridem
965 1356 1188 1418 controversia
1205 1363 1392 1431 verteretur,
1415 1376 1475 1418 nos
1499 1376 1630 1420 causam
1649 1357 1755 1438 ipsam

64 1443 250 1508 venerabili
274 1445 363 1507 fratri
388 1451 510 1517 nostro,
536 1443 776 1524 Maguntinensi
798 1443 1066 1527 archiepiscopo,
1098 1444 1281 1526 apostolice
1304 1446 1393 1508 sedis
1420 1444 1530 1527 legato
1548 1445 1581 1531 ²),
1613 1449 1639 1508 si
1671 1445 1756 1510 bene

65 1536 296 1610 meminimus,
327 1532 549 1615 appellatione
579 1540 715 1606 remota,
747 1533 969 1596 commisimus
1001 1533 1249 1596 terminandam.
1294 1533 1370 1617 Ipse
1393 1555 1480 1608 veru,
1511 1537 1653 1599 intentus
1677 1535 1754 1613 aliis,

64 1643 186 1706 perse
205 1622 235 1707 εί)
249 1625 356 1705 ipsum
374 1623 483 1686 eidem
499 1641 597 1684 cause
613 1621 702 1684 iuxta
719 1623 907 1686 mandatum
924 1631 1071 1686 nostrum
1088 1623 1236 1686 debitum
1253 1643 1318 1685 non
1336 1626 1444 1705 potuit
1459 1623 1557 1687 finem
1574 1627 1755 1708 imponere,

65 1721 128 1788 set,
154 1715 243 1776 sicut
266 1715 295 1775 ei
320 1713 426 1775 fuerat
454 1731 473 1774 a
503 1711 598 1774 nobis
622 1711 804 1786 commissa,
837 1714 890 1786 ita,
920 1712 1019 1775 etiam
1049 1712 1092 1775 de
1124 1714 1292 1795 utriusque
1325 1716 1425 1796 partis
1453 1733 1594 1788 assensu,
1624 1733 1755 1776 causam

64 1804 180 1883 ipsam
205 1801 382 1865 venerabili
406 1801 495 1863 fratri
511 1808 633 1874 nostro,
657 1800 811 1863 Paduano
836 1803 996 1884 episcopo
1014 1799 1047 1887 ³),
1070 1802 1307 1864 terminandam
1333 1805 1507 1866 commisit.
1555 1801 1619 1884 Qui
1643 1805 1755 1884 utique

64 1899 148 1975 post
175 1911 273 1954 cause
296 1891 519 1973 cognitionem
543 1891 747 1964 sententiam,
770 1892 854 1952 sicut
877 1891 1072 1973 accepimus,
1095 1891 1171 1953 tulit
1198 1899 1241 1966 et,
1265 1911 1338 1954 cum
1362 1913 1382 1955 a
1405 1892 1497 1955 nobis
1520 1894 1563 1954 sit
1586 1893 1629 1956 de
1652 1892 1754 1956 verbo

66 1981 109 2043 ad
135 1982 286 2052 verbum,
318 1983 403 2043 sicut
425 1979 552 2053 dicitur,
586 1977 786 2053 confirmata,
817 1999 877 2042 nos
905 1989 1023 2043 contra
1044 1981 1239 2043 sententiam
1270 1981 1374 2062 ipsam
1407 1988 1440 2044 et
1472 1981 1753 2045 confirmationem

66 2078 220 2134 nostram
237 2072 355 2133 veritas
374 2067 412 2155 b),
429 2089 496 2131 non
511 2069 729 2143 attendentes,
752 2069 924 2147 quomodo
940 2069 1033 2132 nobis
1049 2088 1255 2149 nequaquam
1272 2070 1416 2151 expedit,
1439 2070 1537 2147 litem,
1561 2072 1675 2135 debito
1692 2071 1755 2134 fine

65 2163 229 2240 sopitam,
261 2163 378 2222 iterum
401 2162 566 2220 suscitare.
614 2154 780 2238 Quoniam
804 2159 902 2239 igitur
924 2167 1071 2221 nostrum
1096 2165 1153 2233 est,
1177 2178 1225 2234 ea,
1255 2179 1320 2238 que
1344 2161 1428 2223 iusto
1451 2168 1528 2223 sunt
1550 2161 1669 2224 iudicio
1692 2170 1755 2223 ter·

5 2295 6 2298 ,
68 2251 198 2312 minata
230 2257 263 2312 et
292 2247 493 2322 confirmata,
524 2248 648 2328 scripto
681 2245 864 2327 apostolice
894 2247 981 2311 sedis
1004 2247 1096 2311 illesa
1129 2256 1162 2311 et
1185 2249 1311 2330 integra
1334 2269 1536 2327 conservare,
1568 2251 1755 2313 discretioni

67 2348 182 2401 vestre
205 2358 265 2420 per
288 2338 470 2419 apostolica
493 2337 615 2418 scripta
638 2337 852 2418 precipiendo
876 2338 1068 2400 mandamus
1092 2345 1126 2399 et
1149 2338 1338 2401 mandando
1362 2341 1570 2422 precipimus,
1595 2348 1755 2422 quatenus

67 2431 292 2511 prescriptam
315 2428 520 2500 sententiam,
546 2427 635 2487 omni
660 2426 919 2490 contradictione
943 2436 977 2489 et
992 2425 1214 2508 appellatione
1230 2436 1389 2506 cessante,
1413 2427 1549 2492 firmiter
1565 2428 1756 2503 observetis,

67 2538 131 2581 nec
155 2525 274 2581 contra
297 2536 370 2581 eam
394 2517 427 2578 in
450 2515 560 2595 aliquo
584 2515 694 2577 venire
717 2517 895 2595 temptetis,
920 2523 976 2578 aut
998 2514 1125 2579 dilectis
1149 2515 1220 2578 filiis
1243 2517 1361 2580 nostris
1385 2520 1484 2600 priori
1500 2519 1602 2581 sancti
1617 2519 1751 2601 Georgii

66 2611 99 2671 in
124 2607 250 2671 Braida
275 2615 308 2670 et
330 2603 604 2688 archipresbitero
628 2605 892 2687 congregationis
914 2604 1117 2668 Veronensis
1140 2625 1198 2668 vos
1223 2626 1284 2687 pro
1308 2608 1423 2670 eadem
1449 2627 1555 2683 causa,
1578 2610 1752 2672 occasione

67 2697 269 2780 postposita,
293 2697 487 2778 presentetis
512 2703 553 2769 et,
579 2693 669 2772 quod
685 2694 747 2775 ipsi
767 2692 795 2780 ο)
815 2694 892 2756 inde
907 2697 1085 2768 statuerint,
1108 2693 1240 2758 sublato
1264 2697 1492 2778 appellationis
1516 2698 1678 2774 remedio,
1700 2717 1752 2764 su·

66 2787 218 2870 scipiatis
237 2783 268 2869 d)
290 2785 425 2848 firmiter
449 2791 481 2847 et
504 2785 650 2846 servetis.
672 2817 716 2828 -
738 2781 813 2846 Dat.
837 2781 999 2866 Anagnie,
1023 2798 1075 2850 1111
1098 2782 1150 2848 Kl.
1173 2782 1308 2870 Aprilis.

236 2901 279 2952 Or.
298 2900 325 2950 r'a
341 2900 387 2950 da·
403 2899 532 2949 Br'babteca
554 2897 686 2948 amane
703 2913 733 2948 eu
757 2897 869 2951 Vicana.

821 3292 890 3368 Nr.
916 3297 1006 3368 248.

70 3428 260 3494 Alexander
274 3427 340 3491 HI
358 3425 497 3490 schreibt
521 3426 583 3490 dra
606 3423 786 3506 Ba'schilfen,
807 3425 888 3491 dass
913 3428 961 3491 sie
986 3426 1060 3490 dem
1083 3425 1213 3491 Klastrr
1236 3425 1454 3493 canae-Dan
1482 3433 1495 3500 l
1497 3429 1540 3494 D.
1574 3429 1749 3512 Clrrmoat)

216 3517 309 3582 keinr
324 3537 424 3580 neuen
439 3513 602 3600 Auflagea
617 3515 760 3595 machaa,
782 3515 919 3580 sordem
933 3537 968 3580 es
984 3517 1018 3580 in
1032 3517 1152 3581 scirem
1168 3514 1385 3581 Besr'tethume
1399 3518 1550 3584 scheram
1564 3521 1603 3604 ⁴).

609 3633 823 3696 1173-1176
837 3630 965 3714 August
977 3634 1007 3694 9.
1038 3629 1171 3715 Arragar'
1185 3632 1220 3710 5).

5 3821 6 3848 3
233 3765 425 3830 Alexander
447 3766 631 3847 episcopus,
655 3784 767 3828 servus
783 3785 951 3829 servorum
968 3765 1030 3840 dei,
1053 3763 1291 3828 venerabilibus
1307 3764 1467 3842 fratribus,
1491 3765 1750 3850 archiepiscopis

5 3869 6 3926 ξ
70 3866 103 3920 et
126 3859 305 3939 episcopis,
336 3859 531 3936 inquorum
557 3852 736 3936 parrochiis
763 3856 995 3918 monasterium
1019 3854 1157 3918 Casedei
1181 3873 1255 3916 suas
1284 3854 1386 3917 habet
1417 3854 1578 3931 ecclesias,
1609 3858 1748 3920 salutem

5 3977 6 3982 ¹
69 3957 102 4009 et
125 3945 348 4028 apostolicam
373 3944 645 4008 benedictionem.
696 3942 803 4006 Decet
826 3941 1032 4007 honestatem
1057 3953 1206 4016 vestram,
1229 3945 1317 4005 viros
1346 3942 1584 4008 ecclesiasticos
1614 3945 1749 4028 diligere

5 4035 6 4058 ³
70 4043 102 4097 et
125 4035 301 4108 honorare,
333 4054 398 4097 non
428 4053 486 4096 eos
518 4033 609 4096 novis
632 4040 667 4094 et
688 4033 843 4096 indebitis
867 4033 1156 4097 consuetudinibus
1190 4031 1454 4096 irrationabiliter
1477 4033 1622 4117 fatigare.
1667 4036 1748 4100 lude

5 4171 6 4176 .
70 4133 127 4199 est,
154 4123 245 4205 quod
270 4118 549 4205 rationabilitatill)
572 4131 680 4186 vestre
704 4142 763 4204 per
786 4121 967 4203 apostolica
989 4123 1110 4205 scripta
1134 4121 1346 4204 precipiendo
1363 4122 1564 4198 mandamus,
1588 4134 1749 4204 quatenus

69 4215 110 4276 ab
134 4213 285 4276 ecclesiis
309 4213 503 4276 dilectorum
527 4210 664 4274 filiorum
689 4219 884 4286 nostrorum,
917 4212 1048 4275 abbatis
1073 4219 1105 4275 et
1132 4211 1267 4274 fratrum
1293 4213 1480 4274 monasterii
1505 4212 1649 4288 Casedei,
1674 4235 1749 4296 pro-

70 4305 267 4378 curationes,
297 4321 378 4382 quas
401 4301 626 4384 predecessori
650 4302 748 4363 vestri
773 4300 814 4362 ab
839 4299 984 4364 ecclesiis
1015 4303 1093 4383 ipsis
1124 4321 1190 4363 non
1222 4300 1399 4382 exegerint,
1432 4321 1490 4382 per
1513 4322 1571 4365 vos
1604 4311 1659 4365 aut
1689 4323 1749 4387 per

69 4391 153 4456 alios
177 4390 361 4455 nullatenus
384 4391 532 4472 exigatis,
556 4410 616 4453 nec
640 4391 686 4452 eis
704 4409 804 4453 novas
820 4398 853 4452 et
870 4390 1032 4453 indebitas
1048 4391 1299 4453 consuetudines
1325 4391 1502 4471 imponatis
1525 4411 1633 4473 neque
1648 4394 1749 4475 ipsos,

5 4483 7 4490 '
69 4483 124 4560 qui
150 4483 183 4542 in
208 4481 323 4543 iisdem
347 4479 490 4542 ecclesiis
513 4479 648 4542 domino
672 4479 874 4554 famulantur,
898 4478 1162 4542 irrationabiliter
1184 4479 1337 4561 fatigetis,
1361 4487 1394 4541 et
1417 4481 1553 4542 eosdem
1576 4481 1691 4546 fratres
1715 4492 1749 4546 et

70 4570 226 4633 ecclesias
242 4572 329 4652 ipsas
349 4567 375 4654 e)
398 4569 497 4631 divini
514 4569 633 4631 amoris
655 4570 771 4631 intuitu
795 4575 829 4630 et
852 4589 911 4650 pro
936 4571 1120 4632 reverencia
1144 4568 1232 4632 beati
1248 4568 1334 4632 Petri
1358 4577 1392 4631 et
1414 4577 1524 4632 nostra
1547 4570 1688 4652 diligatis
1716 4580 1749 4635 et

69 4658 239 4722 honoretis
267 4667 300 4722 et
331 4659 373 4721 ab
406 4658 528 4720 iniuriis
560 4656 806 4739 malignantium
838 4660 1019 4740 protegatis
1043 4659 1164 4740 pariter
1192 4667 1225 4720 et
1248 4657 1432 4721 defendatis
1465 4668 1498 4721 et
1529 4659 1560 4720 in
1589 4662 1658 4724 iure
1688 4681 1748 4725 suo

5 4773 7 4810 3
70 4750 310 4812 manuteneatis
334 4745 558 4830 propensiuss
596 4754 630 4809 et
652 4746 798 4820 foveatis,
822 4748 883 4822 ita,
915 4747 1003 4828 quod
1028 4747 1115 4829 apud
1139 4746 1238 4810 deum
1262 4754 1296 4809 et
1317 4745 1465 4810 homines
1490 4748 1638 4812 debeatis
1661 4770 1747 4812 com-

71 4838 274 4901 mendabiles
297 4857 464 4920 apparere.
488 4873 531 4881 -
567 4834 703 4921 Datum)
726 4835 886 4918 Anagnis,
910 4837 1023 4918 quinto
1046 4835 1123 4899 Idus
1147 4835 1299 4918 Augusti.

234 4953 396 5016 Transumpt
419 4967 474 5000 vom
495 4951 575 5016 Jaare
603 4951 678 5011 1316,
703 4949 858 5013 (parchemin
885 4950 920 5000 H.
945 4951 978 5000 31
997 4950 1051 5000 XL.
1080 4953 1138 5000 265.
1166 4947 1213 5000 εδει
1239 4950 1287 5000 Nr.
1306 4952 1359 5016 43),
1388 4951 1415 5000 ia
1438 4952 1482 5000 der
1498 4951 1627 5002 Br'blr'atrca
1650 4953 1691 5001 del
1712 4951 1748 5002 Rc'

5 5015 228 5074 'arana

5 5269 6 5316 ἶ
229 5271 256 5330 ι)
275 5271 300 5313 le
389 5264 415 5326 b)
435 5265 477 5312 ab:
494 5263 591 5312 editas?
682 5265 706 5324 c)
725 5261 773 5326 ipsi
863 5262 891 5326 d)
910 5261 1056 5326 precipiatis
1145 5265 1170 5323 e)
1189 5263 1250 5326 ipsis
1340 5263 1554 5328 Operpenenius.
1575 5305 1626 5312 --
1645 5269 1682 5330 ,1)
1701 5264 1750 5314 Dr'r

5 5355 6 5362 ¹
71 5335 195 5402 Abschr
222 5337 298 5386 dieser
324 5335 442 5386 ursana
466 5334 586 5384 vadaakr
611 5332 649 5385 ich
669 5333 754 5383 Herra
774 5333 844 5398 Pras.
863 5334 991 5384 Barrardo
1009 5333 1169 5383 Marsrlin
1193 5351 1223 5382 ru
1248 5333 1357 5383 Vicema.
1377 5363 1411 5372 —
1436 5335 1514 5402 Vrrgl.
1541 5337 1579 5386 dia
1607 5335 1667 5389 Ura.
1693 5351 1749 5386 vora

71 5409 104 5458 23
121 5409 198 5474 April
222 5411 298 5458 1177.
407 5413 433 5470 2)
453 5405 560 5456 Karrad
580 5421 628 5454 voa
647 5405 776 5466 Scheiera,
804 5405 949 5470 Ersbirrhof
968 5421 1017 5455 aaa
1035 5405 1119 5455 Maiae
1145 5405 1202 5454 und
1217 5406 1322 5471 Buclros
1334 5422 1383 5458 vore
1400 5407 1492 5458 Sabina
1511 5407 1748 5474 (naq-1166-

72 5481 277 5544 nrt-(1200).
386 5487 412 5544 3)
436 5477 548 5527 Grrfiard
565 5476 697 5526 Meroetica
726 5477 899 5542 (Offredmri),
928 5476 1032 5541 Bisaltas
1053 5493 1100 5527 von
1126 5476 1227 5537 Padrra,
1258 5479 1438 5532 1169-1213.
1547 5485 1575 5544 4)
1593 5481 1648 5529 Der
1665 5480 1751 5530 latua

5 5571 6 5602 3
72 5553 159 5614 unilt
181 5552 300 5618 dagrgea,
324 5551 381 5600 dass
406 5551 451 5599 das
474 5549 552 5598 Breve
575 5550 647 5598 schoa
675 5549 743 5597 1160
769 5550 873 5598 erlasrca
897 5548 941 5609 ist,
965 5565 1004 5598 wo
1020 5549 1160 5598 Alexander
1184 5551 1247 5598 auch
1273 5565 1319 5598 rur
1343 5550 1500 5617 lctreffendra
1526 5551 1578 5600 Zer't
1602 5551 1628 5601 r'n
1648 5552 1751 5618 Anagni

72 5625 194 5674 ramae.
269 5630 295 5688 5)
314 5625 363 5673 Dic
380 5621 506 5687 Absclrrrfl
522 5621 597 5670 darer
617 5620 735 5671 arama
752 5620 874 5672 vadcnle
891 5619 930 5670 aa
947 5620 1031 5672 Herm
1049 5623 1134 5671 Barca
1151 5622 1182 5670 A.
1202 5621 1371 5674 Manavia
1393 5621 1481 5674 Tanis.

1482 5843 1540 5909 3¹¹
