4142 6366
1680 305 1739 370 ²9¹

822 472 888 547 Nr.
916 477 1004 548 319.

75 603 199 670 Ieecr'rrs
216 605 282 669 III
299 605 449 670 ermaknt
469 605 531 668 den
554 603 618 667 Abt
637 625 697 666 von
721 603 902 668 Nonantola
925 605 982 685 (D.
998 605 1163 690 Medena),
1182 607 1269 669 seine
1290 604 1402 668 Herde
1417 615 1482 688 gut
1502 624 1543 668 eu
1565 606 1668 686 leiten,
1691 606 1745 670 die

593 692 734 766 licimhe,
752 693 855 756 ihrem
870 693 949 758 Abte
962 716 1002 759 zu
1011 694 1193 778 gehorchen
1212 695 1246 779 ¹).

561 811 643 872 1181
658 807 834 871 December
846 811 894 872 19.
924 807 958 872 S.
975 809 1072 873 Peter
1084 831 1144 872 von
1161 807 1253 872 Rom.

240 926 360 989 Lucius
391 925 582 1006 episcopus,
613 945 724 988 servus
755 944 922 988 servorum
953 925 1020 1000 dei,
1052 925 1179 990 dilectis
1210 922 1294 1000 filiis,
1323 925 1436 989 abbati
1454 923 1478 1010 ²)
1510 934 1544 989 et
1573 926 1745 990 conventui

74 1014 323 1096 Nonantulano,
346 1013 483 1077 salutem
507 1023 541 1076 et
563 1014 779 1096 apostolicam
802 1014 1075 1078 benedictionem.
1121 1014 1200 1077 Ideo
1224 1034 1334 1076 sumus
1355 1011 1359 1098 Ι
1379 1016 1421 1078 ad
1444 1013 1605 1079 honorem
1627 1017 1745 1079 summi

75 1104 290 1188 pontificatus
312 1105 455 1180 assumti,
488 1111 522 1166 ut
544 1124 603 1166 vos
626 1112 660 1166 et
684 1103 766 1166 alios
790 1102 956 1185 religiosos
979 1103 1074 1181 viros,
1106 1124 1244 1186 quorum
1276 1104 1363 1185 apud
1394 1104 1574 1167 districtum
1606 1104 1745 1167 iudicem

75 1195 222 1276 petimus
246 1194 398 1276 precibus
421 1193 573 1266 adiuvari,
594 1188 599 1276 Ι
619 1193 661 1255 ad
686 1212 733 1266 ea,
763 1212 828 1272 que
850 1192 893 1256 ad
916 1193 1103 1276 religionem
1138 1201 1171 1256 et
1193 1193 1312 1256 ordinis
1336 1192 1573 1257 observantiam
1597 1201 1745 1276 spectare

75 1289 273 1357 noscuntur,
305 1283 437 1345 monitis
467 1282 645 1345 debeamus
678 1289 711 1344 et
741 1281 1021 1345 exhortationibus
1054 1283 1196 1345 invitare.
1247 1278 1348 1358 Sane,
1378 1302 1451 1346 cum
1482 1289 1618 1364 propter
1648 1283 1745 1346 deum

75 1375 216 1456 propria
246 1371 431 1434 dimiseritis
460 1379 493 1433 et
525 1371 680 1434 dederitis
702 1391 762 1434 vos
793 1371 958 1450 obsequiis
982 1371 1156 1435 conditoris
1180 1371 1300 1446 mundi,
1330 1373 1472 1435 vanitate
1498 1371 1619 1446 relicta,
1642 1371 1745 1446 decet,

75 1483 134 1526 vos
158 1461 271 1524 taliter
292 1461 334 1524 ad
359 1461 521 1523 anteriora
544 1479 675 1542 semper
698 1460 840 1536 extendi,
871 1467 914 1534 ut,
937 1463 1020 1523 sicut
1044 1460 1119 1524 estis
1150 1479 1192 1522 ex
1222 1459 1360 1535 nomine,
1384 1463 1429 1524 ita
1451 1468 1485 1522 et
1508 1459 1657 1523 monachi
1691 1480 1746 1523 ex-

74 1550 240 1614 hibitione
264 1549 371 1631 operis
395 1549 660 1631 conprobemini‚
685 1557 721 1612 ut
743 1549 786 1612 de
807 1556 917 1612 vestro
937 1547 964 1634 a)
993 1549 1080 1613 bone
1108 1549 1363 1613 conversationis
1386 1549 1505 1625 odore,
1529 1568 1593 1630 que
1615 1557 1690 1612 sunt
1712 1551 1745 1612 in

74 1639 201 1715 seculo,
224 1640 360 1702 formam
385 1639 562 1720 suscipiant
585 1647 618 1701 et
640 1637 829 1720 exemplum
861 1645 894 1701 et
916 1638 1012 1701 vobis
1042 1658 1084 1702 ex
1113 1637 1176 1701 hoc
1207 1637 1352 1700 cumulus
1386 1640 1483 1702 etiam
1517 1658 1556 1701 ac
1586 1638 1745 1701 felicitatis

76 1735 255 1792 accrescat.
300 1728 350 1790 Te
373 1748 461 1803 vero,
491 1726 534 1790 fili
557 1727 670 1801 abbas,
694 1746 866 1790 monemus
889 1735 923 1790 et
945 1726 1157 1790 exhortamur
1179 1728 1210 1788 in
1233 1726 1380 1802 domino,
1404 1734 1439 1790 ut
1454 1728 1664 1790 commissum
1687 1726 1746 1791 tibi

75 1839 215 1901 gregem
239 1818 343 1881 verbo
365 1816 461 1879 simul
485 1818 623 1879 instruas
648 1824 681 1878 et
703 1815 865 1899 exemplo,
890 1824 924 1879 et
946 1818 987 1879 ad
1011 1818 1057 1878 tui
1082 1815 1269 1880 monasterii
1284 1816 1496 1879 commodum
1516 1818 1561 1879 ita
1576 1816 1746 1897 diligenter

77 1909 248 1981 intendas,
279 1914 314 1969 ut
347 1907 380 1968 in
409 1905 644 1987 temporalibus
675 1914 709 1968 et
731 1905 949 1987 spiritualibus
971 1925 1031 1986 per
1062 1913 1150 1968 tuam
1174 1904 1427 1969 sollicitudinem
1454 1915 1487 1968 et
1510 1904 1745 1987 providentiam

75 1998 239 2078 suscipiat
262 1998 506 2058 incrementum.
543 1994 616 2057 Vos
632 2014 774 2076 quoque,
798 1993 862 2070 filii,
884 1994 995 2058 abbati
1011 2002 1119 2057 vestro
1142 2001 1296 2076 tanquam
1313 1995 1397 2076 patri
1412 1994 1569 2077 spirituali
1585 1994 1746 2058 obediatis

77 2085 245 2149 humiliter
276 2093 308 2149 et
340 2085 407 2148 eius
438 2083 590 2148 salutaria
620 2083 742 2146 monita
773 2083 953 2166 suscipiatis
984 2084 1118 2146 firmiter
1141 2090 1175 2146 et
1196 2083 1340 2159 servetis,
1371 2104 1438 2164 quo
1460 2103 1520 2146 vos
1550 2083 1681 2166 possitis
1703 2084 1746 2146 de

77 2176 200 2238 virtute
223 2173 412 2239 obedientie
435 2173 550 2236 merito
579 2173 803 2236 commendari
834 2180 868 2235 et
897 2174 968 2255 ipse
998 2180 1186 2254 susceptum
1216 2171 1331 2247 honus,
1360 2173 1452 2236 vobis
1484 2172 1747 2254 cooperantibus,

78 2265 212 2328 liberius
244 2270 432 2343 exequatur.
478 2261 550 2326 Nos
580 2281 658 2324 sane
688 2268 780 2325 tanto
805 2263 918 2325 vestris
948 2262 1038 2326 iustis
1069 2255 1355 2344 postullationibus
1385 2261 1570 2325 curabimus
1599 2261 1747 2325 libentius

79 2353 239 2436 impertiri
263 2353 418 2428 favorem,
448 2359 572 2434 quanto
603 2349 716 2413 lortius
740 2353 828 2414 eritis
851 2351 1006 2433 operibus
1037 2351 1165 2434 pietatis
1193 2352 1317 2414 intenti.
1342 2387 1385 2397 —
1408 2351 1483 2414 Dat.
1504 2347 1509 2436 Ι
1529 2350 1636 2414 Rome
1657 2351 1746 2434 apud

76 2450 229 2506 sanctum
252 2443 392 2518 Petrum,
415 2455 493 2504 x1111
515 2439 569 2503 Kl.
592 2439 737 2503 Ianuarii.

245 2557 288 2606 Or.
306 2556 338 2606 im
356 2555 469 2605 Archiae
487 2556 551 2606 della
569 2571 651 2606 mensa
668 2552 786 2604 abbmiale
802 2571 832 2602 ru
852 2553 997 2603 Nonantola.

244 2629 313 2693 Perg.
331 2628 391 2687 etad,
409 2628 444 2676 br.
464 2629 551 2688 0,185,
569 2629 629 2692 lang
646 2628 733 2686 qne,
751 2633 826 2676 unten
844 2625 921 2685 o,013
939 2626 1126 2691 umgesrhlagcn,
1151 2626 1228 2676 durch
1251 2624 1309 2674 meti
1324 2625 1416 2675 Le'clrer
1438 2627 1495 2690 gelet
1517 2625 1555 2674 dic
1572 2625 1745 2690 Humidum,

78 2701 149 2750 deren
168 2699 298 2765 Blerb'egel
310 2701 425 2760 verlmm
444 2699 551 2765 Faltrmg
567 2699 610 2748 der
627 2699 728 2748 Brevm.
767 2696 915 2762 Schmflu'e'ge
931 2696 1070 2747 verblr'cten.

822 2982 890 3056 Nr.
916 2983 1003 3057 320.

139 3117 260 3181 Lucius
273 3117 296 3180 l
295 3118 317 3181 I
316 3117 337 3180 I
347 3116 496 3200 bestettz'gt
509 3117 582 3180 dem
597 3114 757 3180 Konvente
771 3137 830 3180 von
846 3112 1122 3180 St.·Maun'ce-en·
1134 3112 1245 3178 Valar‘s
1255 3115 1316 3196 (D.
1328 3113 1424 3192 Sion)
1435 3114 1521 3178 seine
1532 3114 1686 3197 Prepstee'.

667 3235 753 3295 1182
768 3231 870 3316 April
882 3234 931 3295 16.
962 3231 1105 3294 Lateran
1123 3230 1161 3312 ³).

241 3348 361 3411 Lucius
386 3349 570 3430 episcopus,
591 3368 703 3412 servus
726 3368 891 3411 servorum
914 3349 976 3422 dei,
999 3346 1126 3410 dilectis
1150 3345 1232 3422 filiis,
1255 3340 1390 3429 U(goni)
1417 3344 1516 3427 priori
1540 3351 1572 3407 et
1595 3345 1747 3408 iratribus

12 3437 14 3460 ⁵
80 3436 291 3520 Agaunensis
316 3436 461 3512 ecclesie,
484 3437 622 3500 salutem
646 3446 680 3500 et
701 3437 914 3519 apostolicam
938 3436 1210 3500 benedictionem.
1249 3432 1491 3498 Venerabilium
1508 3432 1654 3496 locorum
1672 3454 1747 3497 cura

12 3559 14 3568 =
82 3547 141 3589 nos
164 3527 332 3600 admonet,
360 3527 403 3588 de
435 3546 548 3590 eorum
579 3533 740 3609 perpetua
769 3527 942 3589 securitate
973 3531 1112 3588 tractare
1144 3531 1177 3586 et
1208 3523 1434 3605 religiosorum
1457 3523 1556 3603 quieti
1578 3523 1748 3586 salubriter

12 3619 13 3682 ᾗ
82 3615 265 3697 providere.
310 3615 457 3697 Ideoque
480 3615 718 3698 preposituram
741 3615 879 3678 ecclesie
902 3622 1017 3688 vestre,
1047 3633 1144 3696 quam
1169 3612 1285 3676 nobilis
1307 3613 1354 3674 vir
1376 3607 1571 3698 A(medeus)
1594 3631 1704 3674 comes
1720 3608 1746 3697 ⁴)

12 3715 14 3720 '
82 3725 142 3785 pro
171 3704 401 3786 redemptione
431 3705 537 3768 anime
566 3724 624 3767 sue
646 3704 739 3767 vobis
771 3704 920 3778 reddidit,
953 3722 1011 3785 per
1041 3704 1201 3784 presentis
1231 3701 1343 3782 scripti
1365 3701 1458 3764 vobis
1488 3701 1637 3783 paginam
1672 3720 1748 3763 con·

82 3792 265 3870 firmamus;
289 3791 510 3875 prohibentes,
533 3801 569 3856 ut
585 3792 659 3856 nulli
683 3795 817 3857 omnino
833 3792 1002 3856 hominurn
1019 3793 1124 3866 liceat,
1148 3790 1284 3855 eandem
1302 3789 1539 3872 preposituram
1555 3789 1598 3853 ab
1615 3788 1749 3852 ecclesia

82 3891 189 3946 vestra
214 3901 381 3946 removere
403 3882 455 3945 vel
479 3883 625 3963 quolibet
648 3883 749 3946 modo
773 3902 935 3964 occupare
958 3901 1019 3944 nec
1037 3879 1066 3967 b)
1088 3901 1147 3944 vos
1170 3899 1232 3942 nec
1248 3879 1418 3942 eeclesiam
1433 3885 1574 3942 vestram
1591 3878 1748 3958 aliquibus

82 3971 309 4035 vexationibus
332 3971 478 4054 fatigare.
524 3969 559 4034 Si
582 3973 653 4054 quis
677 3979 786 4034 autem
810 3979 922 4034 contra
945 3969 1029 4034 hanc
1052 3979 1162 4034 nostre
1186 3969 1421 4033 constitutionis
1445 3967 1594 4049 paginam
1626 3975 1748 4031 temere

83 4063 194 4124 venire
210 4063 428 4141 temptaverit,
444 4062 590 4124 secundo
606 4062 750 4124 terciove
766 4062 993 4134 commonitus,
1009 4061 1035 4123 si
1052 4081 1117 4122 non
1131 4058 1353 4122 satisfactione
1365 4076 1509 4139 congrua
1520 4057 1748 4130 emendaverit,

84 4151 260 4232 potestatis
281 4148 481 4230 honorisque
513 4153 562 4214 sui
590 4150 750 4232 dignitate
787 4156 897 4213 careat
934 4158 1033 4229 atque
1064 4150 1096 4211 in
1120 4154 1270 4211 extremo
1295 4146 1444 4210 examine
1467 4145 1611 4209 districte
1635 4144 1748 4209 ultioni

83 4239 262 4304 subiaceat.
285 4273 328 4284 -
350 4239 425 4302 Dat.
448 4240 609 4315 Laterani,
631 4253 693 4302 xvl
715 4237 787 4301 Kal.
812 4236 914 4301 Madii
934 4236 970 4323 c),

244 4353 369 4418 Absclrrift
384 4353 424 4403 des
444 4357 473 4405 15
493 4355 585 4419 Jahrb.
605 4354 647 4403 der
663 4355 724 4402 Acta
741 4353 897 4418 Agaunemr'a
915 4351 1227 4417 (Sl.·Maurice·en·Valley,
1247 4349 1329 4400 Marso
1353 4353 1375 4398 1.
1394 4349 1440 4398 Nr.
1460 4351 1487 4416 2)
1512 4348 1568 4398 md
1587 4348 1685 4400 Abschr.
1710 4347 1750 4398 des

86 4428 123 4475 16.
145 4426 242 4490 Jahrb.
262 4423 439 4490 (St-Maurice,
457 4425 538 4476 Macae
554 4429 568 4474 1
587 4425 633 4476 Nr.
653 4427 689 4493 d),
707 4425 741 4476 im
757 4424 870 4475 Archim'o
886 4424 913 4473 di
929 4425 1043 4474 Statores
1065 4421 1152 4473 Turris.

826 4707 892 4782 Nr.
921 4712 1009 4784 321.

91 4839 206 4903 Lurius
223 4839 288 4903 Ill
298 4840 415 4903 nimmt
427 4840 481 4904 die
498 4837 770 4923 Kollegiatkirclre
786 4837 856 4904 San
871 4840 1016 4904 Martino
1030 4841 1069 4905 di
1082 4839 1164 4904 Pisa
1180 4839 1217 4902 in
1232 4837 1461 4922 apostolischen
1476 4833 1593 4900 Schutr
1611 4836 1680 4900 und
1701 4835 1749 4900 be·

583 4929 697 5011 stlitigt
711 4929 781 4992 ihre
798 4927 1031 4994 Beselathr'e'mer
1043 4929 1112 4993 und
1126 4927 1252 4992 Rechte.

705 5047 791 5108 1182
806 5045 882 5108 Mai
897 5049 947 5108 13.
989 5043 1126 5108 Velletri.

246 5159 364 5223 Lucius
387 5162 572 5244 episcopus,
595 5180 707 5224 servus
729 5180 896 5230 servorum
919 5163 982 5237 dei,
1006 5159 1131 5224 dilectis
1163 5158 1236 5222 filiis
1259 5158 1405 5222 HUGONI
1423 5155 1462 5242 d),
1492 5155 1590 5238 priori
1612 5155 1749 5219 ecclesie

88 5249 189 5310 sancti
212 5249 343 5312 Martini
367 5251 410 5312 de
434 5249 593 5325 Guintica,
624 5252 758 5333 eiusque
781 5250 941 5326 iratribus,
973 5261 1039 5315 tam
1064 5250 1270 5332 presentibus
1294 5268 1391 5329 quarn
1415 5247 1536 5319 suturis,
1569 5243 1748 5327 regularem

89 5335 184 5400 vitam
208 5337 372 5420 professis,
395 5351 433 5402 nv
455 5353 533 5403 PPM.
559 5376 597 5386 -
619 5337 624 5426 Ι
644 5341 739 5404 Iustis
772 5340 996 5421 religiosorum
1026 5337 1194 5402 desideriis
1225 5337 1405 5401 consentire
1437 5355 1476 5398 ae
1505 5333 1749 5397 rationabilibus

246 5482 271 5542 a)
294 5479 328 5528 Ob
345 5481 444 5529 vestre?
532 5481 560 5546 b)
577 5486 602 5530 ut
685 5483 709 5544 c)
728 5479 755 5530 in
772 5477 833 5542 Kep.
853 5479 901 5529 Nr.
921 5481 945 5531 6.
963 5479 1036 5530 XVII
1055 5479 1095 5528 Kl.
1115 5477 1183 5528 Mad.
1275 5477 1302 5542 d)
1322 5477 1366 5527 mr'l
1382 5477 1484 5527 mederer
1499 5475 1575 5526 Dinte
1592 5475 1748 5540 eingetragm.

94 5549 177 5616 --.ι)
203 5549 288 5616 Wegm
312 5551 355 5600 der
383 5551 512 5618 Vorgduge,
538 5553 575 5600 die
601 5551 646 5600 das
671 5553 745 5601 Breve
768 5553 940 5611 veranlasslm,
965 5553 1039 5618 vergl.
1068 5549 1210 5610 Tirabescler',
1239 5549 1320 5599 Storia
1345 5549 1371 5597 di
1394 5548 1533 5598 Nonmrtolo
1551 5547 1570 5595 I
1587 5553 1611 5610 p.
1638 5547 1689 5596 124
1713 5563 1747 5612 sq.

91 5623 115 5676 2l
135 5621 282 5686 Bom'sarius,
300 5622 348 5672 Ate
363 5638 411 5672 ven
428 5621 574 5682 Nenanlola,
593 5625 770 5674 1179-1201.
843 5623 870 5687 3)
889 5623 937 5673 Die
953 5624 1118 5688 Einerdmmg
1132 5627 1198 5685 passi
1214 5622 1282 5672 nich!
1297 5637 1353 5672 rum
1366 5620 1480 5679 Itinerar,
1494 5615 1568 5684 Jaffc'
1578 5621 1636 5684 Reg.
1646 5624 1673 5682 p.
1686 5617 1749 5668 838.

90 5691 116 5755 4)
138 5693 215 5760 Vergl.
234 5694 272 5742 die
294 5693 411 5744 Urkrerdc
427 5695 524 5760 Eugem
542 5695 589 5743 III
600 5711 656 5744 vem
673 5696 706 5745 22
725 5693 797 5744 Man
815 5697 887 5745 1147.

1486 5767 1541 5835 37⁹
