4126 6366
533 491 553 576 †
577 495 650 577 Ego
674 490 858 579 Alb(ertus)
880 492 1043 577 presbiter
1065 491 1235 556 cardinalis
1258 492 1304 555 tit.
1328 499 1439 554 sancte
1464 488 1583 554 Crucis
1597 493 1628 554 in
1652 490 1828 554 Ierusalem
1854 511 1897 554 ss

533 582 553 666 †
577 582 651 666 Ego
674 584 771 647 Bobo
794 586 843 648 tit.
867 591 980 647 sancte
1003 582 1179 646 Anastasio
1202 581 1363 663 presbiter
1386 579 1557 643 cardinalis
1580 600 1622 643 ss.
1645 575 1691 666 (4)

534 707 574 718 —
599 671 619 755 †
643 671 716 755 Ego
739 669 928 758 lac(inthus)
951 673 1108 735 diaconus
1132 670 1301 735 cardinalis
1323 677 1438 733 sancte
1461 669 1564 732 Marie
1587 669 1619 732 in
1643 668 1825 750 Cosmidyn
1849 690 1893 734 ss.

532 761 553 845 †
576 763 650 844 Ego
674 763 848 828 Gratianus
871 768 1058 834 sanctorum
1082 760 1203 824 Cosme
1227 769 1261 823 et
1282 759 1433 823 Damiani
1457 759 1613 822 diaconus
1636 758 1809 822 cardinalis
1832 779 1876 822 ss.

533 848 553 933 †
577 851 650 934 Ego
675 851 840 916 Gerardus
862 852 966 916 sancti
990 851 1129 914 Adriani
1153 850 1309 913 diaconus
1333 847 1504 912 cardinalis
1528 868 1569 910 ss.

532 937 552 1022 †
577 939 649 1023 Ego
674 939 873 1004 Octavianus
896 949 1083 1004 sanctorum
1107 937 1212 1020 Sergii
1236 947 1270 1002 et
1292 937 1394 1002 Bachi
1418 937 1574 1000 diaconus
1598 936 1770 1001 cardinalis
1793 959 1834 1001 ss.

531 1026 551 1111 †
575 1031 648 1112 Ego
673 1028 843 1094 Soflredus
866 1037 979 1094 sancte
1002 1029 1104 1093 Marie
1127 1030 1159 1092 in
1182 1026 1246 1092 Via
1267 1028 1334 1091 lata
1358 1027 1514 1090 diaconus
1537 1027 1709 1091 cardinalis
1732 1047 1773 1090 ss.
1797 1025 1845 1115 (1)

531 1114 552 1199 'r
576 1118 649 1200 Ego
672 1121 857 1183 Bernardus
879 1128 991 1184 sancte
1015 1119 1120 1182 Marie
1152 1138 1238 1182 nove
1261 1119 1420 1181 diaconus
1444 1116 1616 1180 cardinalis
1639 1137 1681 1181 ss.

478 1206 553 1270 Dat.
574 1208 745 1283 Laterani,
778 1230 839 1291 per
867 1229 999 1272 manum
1024 1209 1150 1289 Moysi,
1179 1214 1292 1270 sancte
1314 1208 1465 1270 Romane
1497 1205 1634 1270 ecclesie
1663 1205 1868 1280 subdiaconi,
1891 1208 2005 1269 vicem

318 1295 442 1376 agentis
454 1296 646 1360 cancellarii.
670 1297 894 1362 xlellunii.
918 1297 1097 1362 Indictione
1109 1299 1259 1381 septima.
1282 1296 1516 1359 Incarnationis
1528 1297 1692 1360 dominice
1704 1317 1790 1360 anno
1800 1307 2005 1360 MCLxxxlx.

320 1381 530 1448 Pontificatus
553 1406 632 1449 vero
655 1388 768 1451 domni
793 1387 997 1452 CLEMENTls
1021 1408 1078 1470 pp.
1102 1401 1140 1452 111
1163 1406 1248 1449 anno
1272 1386 1428 1449 secundo.

481 1499 524 1549 Or.
543 1501 576 1550 ine
592 1501 706 1551 Archivr'o
726 1503 859 1566 capitolare
875 1519 905 1552 eu
925 1503 1039 1568 Peregre.

479 1571 550 1636 Perg.
569 1572 629 1632 irat,
648 1573 684 1623 br.
703 1577 791 1634 (iptio,
809 1577 871 1640 lang
887 1578 954 1634 0,71,
974 1583 1048 1624 uerlen
1066 1574 1145 1632 0,028
1167 1572 1358 1638 umgesclrlngen,
1382 1571 1461 1622 durrle
1479 1575 1495 1622 ἕ
1515 1572 1608 1622 Lecter
1627 1573 1686 1636 gelrl
1710 1569 1747 1619 dr'e
1772 1587 1827 1620 resa
1855 1572 1916 1620 rmd
1937 1573 2007 1636 geffie

318 1640 500 1702 Seidemclmrer,
519 1659 553 1691 nn
572 1643 615 1692 der
631 1646 799 1697 unordmlllrlr
816 1663 864 1695 neu
880 1647 985 1713 beseslr‘gl
1002 1645 1047 1694 das
1064 1645 1188 1711 Bleisr'egel
1202 1646 1285 1709 ltingt,
1306 1643 1415 1709 Falrung
1431 1643 1474 1694 der
1491 1644 1588 1693 Bellen.
1626 1643 1679 1691 Der
1696 1641 1790 1692 Balkere
1807 1641 1841 1692 ine
1860 1643 2008 1708 lr'r'eegkrm

317 1713 379 1773 elleh,
399 1713 487 1778 Sclrafl
503 1714 573 1763 dr'e'rm
590 1715 634 1764 wie
653 1716 697 1765 dns
714 1718 736 1766 Ε
755 1718 798 1766 der
819 1719 989 1783 Umersclerrfl,
1008 1717 1105 1766 welches
1122 1717 1212 1766 andere
1229 1715 1310 1766 Hand
1325 1715 1383 1781 reigt
1399 1716 1437 1765 als
1454 1716 1520 1765 diere.
1561 1713 1596 1763 Ol
1621 1715 1658 1764 die
1676 1713 1805 1781 Dnllneng
1826 1730 1881 1763 vom
1902 1716 2006 1779 Haupt-

316 1784 517 1848 ke'rperselerer‘ber
534 1789 656 1847 lemelia,
676 1789 794 1846 unsicleer,
814 1790 858 1838 das
876 1790 903 1838 M
922 1791 962 1838 des
980 1789 1058 1838 lllreses
1082 1787 1127 1837 mit
1140 1804 1205 1854 gum
1222 1789 1327 1838 dunkler
1344 1787 1419 1836 Dinle
1443 1788 1600 1853 eigelrngm.
1636 1785 1686 1834 Die
1713 1785 1897 1852 Zeugmfinnere
1924 1788 2006 1851 tergere

317 1855 449 1921 durcleweg
460 1873 542 1922 genere
560 1858 596 1907 die
610 1860 717 1924 gleichen
738 1860 882 1911 Clarakrere
899 1861 943 1910 wie
960 1861 1013 1925 auf
1025 1860 1070 1910 der
1085 1859 1183 1925 vongm
1201 1859 1274 1908 Bulla
1290 1875 1346 1908 vern
1360 1859 1467 1923 glelclren
1489 1858 1514 1906 T
1510 1874 1559 1924 age,
1585 1857 1611 1906 in
1629 1857 1674 1906 wie
1691 1858 1746 1906 weil
1758 1859 1848 1922 gleicle
1864 1858 1957 1917 Diale,
1976 1859 2008 1906 r'sl

316 1927 384 1978 niele!
396 1928 475 1978 siclrer
483 1931 654 1993 ferreuslellen,
674 1931 706 1980 da
723 1933 784 1982 diere
802 1934 873 1982 Bulle
890 1941 963 1982 etwas
980 1934 1049 1982 meler
1064 1932 1205 1982 verblicleen.
1243 1931 1281 1980 Zu
1299 1931 1408 1980 benclrlere
1426 1931 1463 1992 ist,
1482 1931 1538 1980 dass
1555 1929 1682 1978 Labormrs
1708 1928 1752 1978 mit
1773 1930 1826 1980 dene
1847 1931 1941 1995 Papste
1958 1931 2013 1994 ares

313 1999 419 2064 gleieher
435 2001 508 2050 Helu
526 2003 592 2065 stelae,
610 2003 677 2052 welel
691 2019 737 2052 nus
760 2004 873 2055 Versetm
889 2005 1039 2070 eingelragm
1056 2004 1120 2063 eder,
1139 2019 1182 2054 um
1199 2003 1315 2054 swisehen
1333 2002 1415 2053 Allert
1431 2002 1480 2051 eine
1499 2001 1562 2052 Zeile
1571 2002 1627 2067 srei
1642 2017 1673 2050 su
1689 2001 1775 2050 tarsen

1061 2289 1128 2364 ΝΥ.
1153 2291 1244 2364 428.

321 2418 466 2484 Clemens
489 2420 556 2484 III
569 2419 686 2486 nimmt
708 2422 763 2486 dle
788 2419 1063 2506 Kellegz'ntlee'rclee
1087 2420 1189 2487 Senta
1212 2419 1327 2483 Maria
1351 2417 1393 2483 dl
1423 2419 1507 2482 Villa
1535 2417 1668 2484 Gemini
1686 2421 1750 2502 (D.
1777 2421 1945 2506 Peruge'a)
1971 2422 2004 2483 ire

543 2511 773 2594 apostoliscleen
790 2511 907 2576 Scleutz
922 2512 992 2576 und
1004 2511 1157 2597 beslc'ite'gt
1170 2506 1242 2573 llere
1257 2506 1496 2573 Bese'tntln'lmer
1509 2509 1579 2574 und
1592 2509 1710 2574 Rechte
1727 2513 1766 2590 ¹).

953 2630 1036 2691 1189
1051 2626 1128 2691 Mai
1140 2628 1191 2690 18.
1224 2626 1374 2692 Lateran.
1607 2697 1609 2704 ,

484 2742 637 2807 Clemens
665 2745 855 2828 episcopus,
888 2763 999 2808 servus
1028 2764 1196 2808 servorum
1220 2744 1288 2820 dei,
1319 2742 1445 2806 dilectis
1475 2741 1564 2820 filiis,
1598 2743 1762 2824 Gregorio
1782 2741 1810 2828 ²)
1833 2743 1940 2825 priori
1972 2750 2006 2805 et

324 2834 488 2896 canonicis
510 2841 623 2896 sancte
642 2833 744 2896 Marie
768 2835 810 2896 de
824 2831 909 2896 Villa
926 2831 1063 2908 Gemini,
1087 2835 1223 2915 eiusque
1245 2832 1406 2907 iratribus,
1428 2840 1497 2894 tam
1521 2832 1729 2914 presentibus
1752 2851 1852 2914 quam
1875 2831 2004 2904 futuris,

323 2924 482 2986 canonice
504 2921 751 2996 substituendis,
773 2935 905 2985 1NPPN.
928 2957 972 2968 -
992 2920 996 2996 Ι
1017 2923 1074 2985 Ad
1097 2921 1162 2987 hoc
1186 2922 1375 2986 universalis
1399 2941 1476 2984 cura
1500 2921 1595 2985 nobis
1617 2941 1637 2986 a
1660 2923 1827 3004 provisore
1850 2923 2003 2984 omnium

323 3011 484 3075 bonorum
509 3012 573 3075 deo
597 3013 773 3074 commissa
800 3020 858 3085 est,
889 3020 924 3074 ut
948 3009 1113 3092 religiosas
1136 3010 1306 3094 diligamus
1330 3031 1487 3095 personas
1509 3020 1543 3074 et
1565 3012 1836 3094 beneplacentem
1861 3011 2003 3073 domino

323 3099 512 3182 religionem
548 3095 752 3186 stuldeamus
790 3101 898 3164 modis
928 3099 1080 3164 omnibus
1111 3121 1303 3184 propagare.
1356 3098 1427 3164 Nec
1457 3102 1546 3164 enim
1579 3101 1645 3164 deo
1676 3109 1787 3183 gratus
1818 3100 2003 3180 aliquando

323 3189 495 3253 famulatus
519 3191 728 3272 impenditur,
750 3191 820 3265 nisi,
843 3210 886 3252 ex
901 3189 1042 3253 caritatis
1065 3190 1175 3254 radice
1198 3190 1392 3274 procedens,
1416 3211 1435 3252 a
1458 3191 1599 3272 puritate
1624 3188 1786 3273 religionis
1810 3191 1908 3254 luerit
1926 3210 2003 3252 con·

322 3277 476 3343 firmatus.
528 3280 730 3362 Eapropter,
770 3278 881 3342 dilecti
913 3279 944 3341 in
973 3280 1109 3343 domino
1140 3279 1210 3355 filii,
1241 3280 1356 3343 vestris
1388 3279 1477 3343 iustis
1507 3277 1781 3362 postulationibus
1820 3279 2003 3343 clementer

322 3371 495 3432 annuimus
526 3377 559 3432 et
582 3368 743 3450 prefatam
767 3368 947 3444 ecclesiam,
979 3368 1009 3430 in
1033 3389 1098 3450 qua
1120 3369 1233 3432 divino
1257 3370 1433 3452 mancipati
1456 3371 1535 3433 estis
1558 3368 1729 3449 obsequio,
1761 3369 1804 3432 ad
1827 3369 2003 3450 exemplar

321 3455 424 3521 felicis
456 3459 689 3522 recordationis
712 3456 930 3522 ALEXANDRI
962 3478 1049 3540 pape
1065 3459 1100 3536 '),
1133 3459 1375 3542 predecessoris
1408 3458 1528 3534 nostri,
1560 3459 1700 3523 Romani
1724 3457 1906 3541 pontificis,
1940 3457 2002 3521 sub
2051 3499 2052 3502 =

321 3546 410 3611 beati
434 3548 519 3611 Petri
544 3558 577 3611 et
600 3558 712 3610 nostra
734 3549 941 3629 protectione
964 3549 1158 3631 suscipimus
1182 3560 1215 3612 et
1237 3549 1399 3630 presentis
1422 3549 1534 3630 scripti
1558 3549 1729 3631 privilegio
1745 3549 2001 3612 communimus

319 3635 357 3698 ln
380 3637 494 3719 primis
516 3637 680 3719 siquidem
702 3647 890 3713 statuentes,
915 3647 950 3701 ut
973 3638 1056 3700 ordo
1074 3639 1258 3714 canonicus
1283 3638 1338 3719 qui
1354 3638 1534 3700 secundum
1551 3638 1650 3700 deum
1667 3647 1702 3702 et.
1714 3638 1803 3702 beati
1819 3637 1999 3719 Augustini

320 3726 465 3808 regulam
490 3727 523 3789 in
547 3726 666 3789 eodem
689 3726 764 3789 loco
794 3727 939 3790 noscitur
969 3727 1143 3802 institutus,
1177 3729 1344 3809 perpetuis
1376 3727 1499 3790 ibidem
1529 3726 1736 3810 temporibus
1766 3728 2001 3790 inviolabiliter

320 3815 518 3879 observetur.
565 3816 730 3892 Preterea,
763 3836 986 3898 quascumque
1017 3816 1257 3898 possessiones,
1291 3836 1497 3898 quecumque
1527 3817 1617 3880 bona
1648 3817 1766 3880 eadem
1796 3817 1940 3880 ecclesia
1968 3817 1998 3878 in

320 3907 555 3986 presentiarum
580 3905 663 3968 iuste
687 3915 720 3968 et
735 3907 894 3969 canonice
916 3906 1067 3988 possidet
1089 3915 1145 3969 aut
1160 3907 1193 3968 in
1210 3905 1352 3970 futurum
1367 3905 1580 3969 concessione
1595 3905 1799 3988 pontificum,
1822 3905 1999 3987 largitione

320 4014 432 4076 regum
455 3995 507 4058 vel
530 3995 724 4077 principum,
749 3994 918 4058 oblatione
943 3994 1088 4058 fidelium
1111 4015 1167 4058 seu
1184 3993 1255 4057 aliis
1270 3995 1361 4058 iustis
1377 3995 1494 4070 modis,
1518 4003 1686 4078 prestante
1703 3995 1849 4070 domino,
1874 3995 1999 4076 poten't

320 4085 466 4166 adipisci,
489 4083 583 4147 firma
605 4084 701 4147 vobis
725 4093 758 4146 et
781 4083 906 4146 illibata
929 4091 1151 4166 permaneant.
1197 4084 1234 4146 In
1258 4083 1376 4164 quibus
1398 4082 1460 4148 hec
1483 4085 1626 4166 propriis
1649 4085 1803 4148 duximus
1824 4083 1999 4147 vocabulis

319 4173 550 4255 exprimenda:
581 4172 739 4255 quicquid
769 4173 898 4235 habetis
921 4173 954 4235 in
978 4173 1065 4236 Villa
1088 4171 1227 4248 Gemini,
1261 4173 1417 4254 quicquid
1440 4173 1570 4237 habetis
1593 4175 1626 4236 in
1649 4174 1802 4249 curtibus,
1836 4173 1997 4255 quicquid

318 4263 447 4326 habetis
470 4264 502 4324 in
525 4263 664 4337 viniolis,
688 4262 844 4343 quicquid
868 4262 1006 4324 ecclesia
1021 4271 1129 4324 vestra
1144 4261 1245 4326 habet
1268 4282 1288 4324 a
1310 4261 1494 4344 presbitero
1510 4263 1673 4327 Rainaldo
1705 4263 1858 4330 consotio
1874 4275 1996 4334 vestro,

319 4351 475 4433 quicquid
498 4349 628 4414 habetis
651 4352 684 4413 in
707 4350 844 4432 planitie
858 4349 1008 4433 Tyberis,
1032 4361 1065 4414 et
1085 4351 1242 4433 quicquid
1257 4350 1387 4415 habetis
1402 4372 1422 4415 a
1437 4353 1619 4434 presbitero
1635 4353 1813 4426 Bernardo,
1838 4351 1997 4433 quicquid

318 4441 416 4504 etiam
440 4440 569 4503 habetis
593 4460 613 4503 a
628 4439 811 4522 presbitero
828 4439 855 4502 C
879 4490 884 4502 .
910 4487 917 4501 .
938 4437 975 4524 b),
1000 4441 1157 4522 quicquid
1173 4440 1303 4504 habetis
1318 4441 1351 4504 in
1368 4440 1574 4523 campitello,
1599 4441 1755 4524 quicquid
1770 4441 1872 4504 etiam
1888 4462 1951 4522 per
1969 4439 1996 4522 ε)

318 4540 549 4593 testamentum
559 4540 592 4592 et
601 4529 815 4593 donationem
823 4525 1110 4614 habet(is)aPetro
1122 4530 1259 4612 patricii,
1271 4529 1442 4594 ecclesiam
1462 4531 1566 4594 sancti
1582 4530 1722 4594 Ansvini
1738 4531 1771 4592 in
1788 4531 1996 4612 pertinentiis

318 4620 413 4682 castri
430 4619 549 4682 montis
566 4619 678 4682 Melini
703 4639 777 4682 cum
800 4618 1065 4700 possessionibus
1088 4629 1122 4682 et
1145 4619 1302 4682 universis
1325 4620 1539 4700 proventibus
1554 4620 1627 4695 suis,
1651 4627 1685 4682 et
1699 4619 1874 4682 ecclesiam
1888 4621 1993 4682 sancti

316 4707 438 4790 Angeli
462 4709 495 4770 in
518 4707 658 4772 Casallia
680 4727 755 4771 cum
786 4708 1000 4789 proventibus
1027 4718 1061 4771 et
1084 4708 1348 4790 possessionibus
1371 4709 1447 4772 suis.
1493 4709 1580 4773 Sane
1618 4708 1737 4772 liberas
1768 4717 1802 4772 et
1824 4709 1993 4772 absolutas

317 4817 475 4879 personas
492 4817 510 4860 e
525 4797 635 4860 seculo
653 4797 814 4878 fugientes
845 4797 984 4860 liberum
1000 4798 1041 4860 sit
1056 4798 1153 4860 vobis
1174 4797 1301 4878 absque
1316 4797 1451 4861 alicuius
1466 4798 1726 4862 contradictione
1742 4799 1785 4862 ad
1801 4799 1992 4880 religionem

316 4896 458 4950 vestram
481 4887 639 4968 recipere;
662 4886 886 4950 discedentem
909 4907 987 4950 vero
1011 4887 1136 4968 absque
1155 4886 1334 4950 litterarum
1351 4886 1381 4971 d)
1396 4889 1619 4952 communium
1635 4889 1789 4951 cautione
1803 4899 1992 4961 vestrarum,

316 4977 377 5038 nisi
401 4976 443 5038 ad
474 4976 628 5038 artiorem
650 4975 750 5039 vitam
781 4975 917 5039 transire
939 4975 1094 5052 voluerit,
1126 4974 1231 5039 nullus
1263 4976 1383 5040 audeat
1413 4979 1559 5040 retinere.
1604 4975 1821 5041 Prohibemus
1852 4979 1991 5059 iusuper,

315 5076 352 5127 ut
382 5064 465 5127 inira
497 5064 578 5128 fines
609 5064 781 5147 parrochie
811 5072 924 5128 sancte
948 5066 1051 5128 Marie
1085 5065 1126 5128 de
1149 5062 1239 5128 Villa
1261 5065 1389 5129 Gemini
1423 5066 1528 5130 nullus
1558 5067 1627 5130 sine
1657 5087 1791 5130 assensu
1825 5067 1989 5131 diocesani

316 5155 464 5237 episcopi
488 5161 522 5217 et
543 5165 652 5218 vestro
676 5153 848 5218 ecclesiam
868 5175 924 5217 seu
941 5155 1119 5217 oratorium
1136 5163 1323 5218 construere
1340 5156 1467 5230 audeat,
1491 5155 1588 5220 salvis
1603 5156 1781 5238 privilegiis
1797 5155 1989 5238 pontificum

314 5246 549 5308 Romanorum.
580 5242 663 5307 Cum
679 5254 788 5306 autem
805 5244 836 5305 in
853 5243 990 5307 ecclesia
1004 5254 1111 5306 vestra
1129 5254 1309 5307 conventus
1326 5245 1519 5326 regularium
1531 5247 1774 5322 canonicorum,
1790 5247 1989 5328 propitiante

315 5334 458 5408 domino,
492 5333 587 5397 luerit
610 5334 783 5409 institutus,
816 5332 912 5396 vobis
935 5333 1115 5396 secundum
1139 5332 1228 5395 beati
1251 5332 1426 5415 Augustini
1458 5334 1602 5416 regulam
1636 5353 1813 5416 personam
1838 5335 1987 5399 idoneam

315 5424 356 5486 de
380 5422 520 5504 collegio
550 5433 659 5486 vestro
692 5432 748 5486 aut
777 5422 819 5484 de
850 5421 914 5486 alio
946 5423 1021 5486 loco
1054 5421 1225 5504 religioso,
1256 5423 1283 5484 si
1314 5423 1358 5486 ibi
1390 5424 1524 5488 inventa
1553 5443 1620 5487 non
1644 5423 1755 5498 luen't,
1787 5424 1929 5507 eligendi
1956 5424 1986 5484 in

315 5541 444 5546 --—
474 5583 498 5646 a)
518 5539 737 5646 ‹agas-llari]
806 5580 831 5644 b)
851 5581 929 5632 lerirler
947 5581 968 5631 C
988 5585 1071 5632 Reum
1093 5597 1141 5631 verr
1158 5581 1228 5642 0,03,
1253 5599 1306 5633 nur
1328 5581 1406 5633 durch
1431 5581 1490 5632 rwer'
1514 5583 1608 5634 Prmkle
1631 5585 1774 5650 mergesrilll,
1803 5584 1911 5652 ψύαι*
1925 5579 1985 5647 fm'·

311 5654 419 5718 gelassen
429 5653 485 5717 fiir
501 5652 547 5704 den
565 5653 662 5704 Narrun
734 5653 758 5716 c)
776 5655 960 5720 esslelrlmerp
1032 5652 1062 5720 d)
1074 5653 1235 5705 littaemmm.
1254 5693 1307 5699 -
1326 5652 1364 5722 .1)
1383 5655 1460 5721 Vergl.
1474 5654 1510 5705 die
1526 5655 1644 5706 Urkurede
1656 5671 1712 5706 vom
1727 5659 1759 5706 12
1772 5657 1904 5722 September
1915 5654 1984 5703 1170.

316 5731 342 5790 2)
366 5723 483 5774 llrkunde
500 5740 554 5775 vom
578 5728 607 5778 12
627 5725 758 5792 September
777 5727 851 5778 1170.
