4142 6366
1691 383 1755 450 237

286 507 340 592 ¹—
362 548 384 626 †
406 548 480 629 Ego
514 546 676 611 lohannes
708 548 870 630 presbiter
903 549 1076 615 cardinalis
1110 561 1298 616 sanctorum
1330 552 1484 620 Iohannis
1517 567 1551 622 et
1583 557 1673 620 Pauli
1708 559 1756 622 tit

508 635 675 700 Pamachii
699 657 740 700 ss.

295 723 316 802 †
339 723 413 805 Ego
436 721 664 810 Guill(ielmu)s
688 725 847 808 presbiter
870 727 1043 791 cardinalis
1065 729 1113 792 tit.
1137 731 1240 794 sancti
1263 731 1348 796 Petri
1371 734 1415 797 ad
1437 732 1579 799 Vincula
1600 758 1642 800 ss.
1665 731 1712 821 (2)

295 847 339 858 -
362 812 383 890 †
405 813 479 896 Ego
502 815 640 878 Ardicio
665 816 821 878 diaconus
844 817 1018 881 cardinalis
1040 820 1144 882 sancti
1168 818 1336 885 Theodori
1360 844 1400 886 ss.

295 900 315 982 †
338 902 412 984 Ego
436 900 598 986 Cinthyus
621 905 779 968 diaconus
802 906 975 970 cardinalis
998 909 1102 970 sancti
1127 905 1265 972 Adriani
1289 931 1330 974 ss.
1354 907 1400 997 (1)

294 989 315 1072 †
337 991 411 1072 Ego
433 991 606 1057 Laborans
629 995 786 1057 diaconus
810 996 983 1059 cardinalis
1005 1006 1117 1060 sancte
1141 999 1244 1062 Marie
1267 999 1300 1062 in
1329 1001 1459 1065 Porticu
1482 1023 1523 1066 ss.

241 1079 319 1143 Dat
349 1082 524 1158 Ferentini,
555 1103 615 1165 per
644 1103 777 1147 manum
808 1083 980 1162 GRatiani,
1011 1098 1124 1150 sancte
1150 1089 1301 1151 Romane
1331 1091 1468 1155 ecclesie
1498 1092 1692 1156 subdiaconi
1723 1104 1757 1157 et

79 1170 208 1232 notarii,
254 1183 320 1234 xm
350 1171 403 1233 Kl.
434 1169 610 1235 Decembr.
662 1172 845 1237 Indictione
877 1186 948 1238 v111.
994 1174 1231 1240 Incarnationis
1261 1178 1426 1244 dominice
1456 1201 1542 1244 anno
1573 1195 1756 1247 Mctxxnn.

77 1258 297 1323 Pontificatus
319 1280 397 1322 vero
422 1261 546 1324 domini
569 1260 752 1325 Alexandri
776 1283 833 1345 pp.
858 1277 897 1326 111
921 1284 1007 1328 anno
1030 1267 1268 1330 sextodecimo.
1292 1302 1336 1314 -

244 1373 287 1422 Or.
307 1373 427 1438 (Capitale
444 1375 472 1424 dl
489 1375 586 1436 Ii'slein,
609 1378 674 1424 1174
692 1376 755 1426 Nev.
779 1379 830 1436 19),
849 1377 883 1426 len
900 1377 1014 1428 Archrbe'o
1032 1379 1059 1427 dl
1075 1380 1142 1428 Stolo
1159 1396 1190 1429 ere
1208 1380 1318 1431 Florem.

244 1444 315 1512 Perg.
333 1445 394 1504 rial,
418 1446 452 1495 br.
474 1450 559 1509 0‚595,
581 1451 643 1512 lang
659 1450 729 1508 offe,
752 1455 828 1498 remen
846 1450 923 1508 0,032
940 1451 1129 1516 erengeselrlagen,
1154 1452 1232 1502 durch
1250 1455 1266 1502 2
1285 1453 1378 1504 Lecaer
1399 1455 1461 1520 ging
1478 1455 1515 1504 die
1533 1457 1643 1518 Schemr,
1672 1458 1757 1508 welche

77 1517 121 1566 nil
138 1515 194 1566 dm
215 1517 271 1566 Blel
286 1519 408 1572 verleren,
436 1518 544 1584 Fallmrg
561 1519 605 1568 der
622 1520 720 1570 Bullen.
764 1520 812 1568 Die
840 1528 898 1569 erste
925 1521 986 1569 Zeile
1006 1523 1067 1570 stelle
1083 1539 1131 1570 von
1155 1523 1198 1572 der
1214 1525 1296 1574 oberen
1315 1525 1395 1576 Kante
1413 1527 1492 1584 0,0.‘15
1517 1529 1628 1592 enlfernn
1665 1529 1697 1578 In
1715 1529 1759 1578 der

77 1589 254 1654 rlrrssrllerung,
273 1589 342 1637 selbst
358 1589 391 1638 lm
411 1587 594 1655 Menograreme
611 1591 740 1655 entspriclal
757 1591 793 1640 dle
815 1592 933 1641 Urkrende
957 1594 1082 1642 decretores
1099 1595 1142 1643 der
1158 1597 1263 1646 anderen
1281 1612 1336 1646 vem
1349 1595 1457 1664 gleichen
1477 1598 1502 1646 Τ
1498 1614 1548 1664 age,
1573 1615 1625 1648 nur
1647 1601 1703 1650 dass
1720 1599 1758 1650 die

78 1659 211 1726 ΒΜ
227 1660 280 1710 hier
296 1676 344 1709 von
362 1660 405 1709 der
421 1663 557 1712 ndnlr'elm
575 1663 650 1712 Drirle
667 1663 712 1712 urle
729 1663 774 1712 das
790 1663 922 1728 Komm'pt
937 1665 988 1714 ser'n
1005 1665 1095 1731 dilrsle.

825 1949 891 2024 Nr.
923 1953 1011 2025 236.

76 2079 267 2145 Alexander
289 2081 355 2145 III
372 2081 563 2166 beauftragt
582 2083 644 2146 den
668 2081 812 2161 Biscleos
835 2103 896 2146 von
927 2081 1060 2146 Tortena
1089 2085 1159 2148 und
1185 2085 1247 2149 den
1269 2085 1333 2149 Abt
1361 2107 1421 2150 von
1444 2085 1533 2150 Sant'
1556 2087 1691 2154 Andrea
1720 2090 1759 2154 di

79 2169 224 2249 Genava,
246 2170 301 2234 die
323 2169 519 2235 Strer'tsaclee
540 2171 702 2236 ewischen
728 2172 801 2236 dem
828 2169 957 2235 Kloster
978 2172 1086 2236 Mente
1123 2173 1229 2238 Crista
1255 2174 1325 2239 und
1348 2175 1423 2240 dem
1454 2175 1668 2264 Erebe'sclecy'e
1696 2199 1757 2244 ven

455 2260 568 2325 Genua
590 2282 700 2344 wegen
721 2260 784 2324 der
806 2258 928 2324 Ke'rclee
949 2281 1010 2324 von
1033 2261 1120 2326 Molo
1143 2262 1378 2351 bereulegen1).

534 2377 780 2462 (1170)-1175
803 2374 989 2460 September
1009 2379 1064 2442 20.
1111 2378 1289 2443 Ferentinee.

240 2511 434 2578 Alexander
450 2509 634 2596 episcopus,
650 2533 761 2576 servus
776 2532 943 2575 servorum
956 2513 1018 2590 dei,
1030 2514 1208 2577 venerabili
1226 2515 1324 2589 fratri,
1337 2515 1542 2579 Terdonensi
1554 2517 1714 2599 episcopo
1724 2515 1758 2602 ²),

77 2613 110 2665 et
127 2603 251 2666 dilecto
268 2603 344 2680 filio,
361 2603 473 2666 abbati
490 2603 594 2665 sancti
609 2601 753 2673 Andree,
776 2601 915 2664 salutem
930 2611 964 2665 et
979 2603 1196 2684 apostolicam
1212 2604 1487 2668 benedictionem.
1523 2604 1670 2682 Causam,
1695 2627 1759 2688 que

77 2693 162 2754 inter
186 2691 325 2754 dilectos
348 2691 433 2754 filios
456 2702 595 2764 nostros,
619 2691 775 2754 abbatem
799 2700 832 2753 et
848 2690 962 2753 fratres
986 2693 1027 2754 de
1044 2693 1159 2756 Monte
1175 2691 1303 2769 Christi,
1325 2700 1358 2757 et
1372 2693 1594 2757 venerabilem
1617 2695 1758 2774 fratrem,

76 2782 274 2844 lanuensem
297 2780 582 2862 archiepiscopum
598 2778 624 2865 ³)
647 2800 746 2863 super
768 2780 907 2842 ecclesia
936 2781 978 2844 de
1002 2781 1094 2844 Molo
1111 2779 1138 2866 ⁴)
1169 2783 1283 2865 agitari
1315 2783 1526 2866 dignoscitur,
1556 2786 1759 2866 experientie

76 2881 193 2947 vestre,
227 2871 269 2933 de
299 2891 366 2952 qua
387 2871 485 2952 plene
509 2869 713 2944 confidimus,
738 2870 974 2933 committimus
998 2871 1196 2934 audiendam
1221 2881 1255 2936 et
1277 2872 1342 2936 fine
1365 2872 1479 2936 debito
1507 2875 1758 2940 terminandam.

75 2960 226 3041 Ideoque
250 2961 438 3023 discretioni
461 2970 569 3022 vestre
592 2980 652 3041 per
674 2958 859 3041 apostolica
881 2961 1004 3041 scripta
1027 2961 1241 3042 precipiendo
1266 2963 1468 3038 mandamus,
1499 2963 1659 3044 quatinus,
1683 2983 1758 3027 curn

76 3050 199 3112 exinde
215 3050 360 3131 requisiti
377 3049 508 3124 fueritis,
525 3058 698 3130 utramque
714 3059 842 3130 partem
859 3057 934 3110 ante
946 3059 1088 3113 vestram
1105 3052 1304 3132 presentiam
1317 3053 1507 3114 convocetis
1519 3063 1560 3127 et,
1577 3053 1759 3118 rationibus

75 3139 152 3201 hinc
177 3138 255 3201 inde
278 3139 397 3201 auditis
420 3135 478 3223 (et)
494 3139 668 3220 diligenter
690 3138 839 3219 cognitis,
864 3137 1015 3202 eamdem
1039 3159 1172 3204 causam
1187 3140 1271 3203 inlra
1286 3142 1369 3204 duos
1393 3161 1521 3204 menses
1544 3148 1622 3224 post
1644 3141 1758 3206 harum

74 3229 330 3310 susceptionem,
355 3227 579 3310 appellatione
601 3239 736 3303 remota,
761 3227 937 3290 concordia
959 3227 1011 3291 vel
1036 3230 1203 3292 mediante
1225 3231 1347 3293 iustitia
1362 3231 1550 3294 terminetis.
1597 3230 1758 3308 Ceterum,

73 3317 100 3379 si
132 3329 272 3398 uterque
299 3329 443 3380 vestrum
473 3316 524 3380 his
555 3317 775 3398 exsequendis
806 3316 961 3380 interesse
993 3338 1060 3380 non
1087 3320 1222 3400 poterit,
1255 3319 1337 3382 alter
1363 3340 1402 3383 ea
1428 3319 1639 3384 nihilominus
1667 3341 1757 3385 exse·

74 3417 204 3488 quatur.
228 3441 271 3452 —
295 3405 420 3469 Datum
443 3407 618 3480 Ferentini,
641 3419 692 3470 ΧΗ
715 3406 789 3468 Kal.
815 3406 978 3470 Octubris.
1002 3442 1045 3454 -

235 3521 362 3584 Absens-iri
379 3522 423 3571 der
440 3521 546 3571 Miscell.
566 3520 597 3570 di
612 3521 675 3570 Stor.
695 3521 784 3586 Le'gur.
806 3520 831 3567 V
838 3527 865 3586 p.
885 3522 945 3581 278,
963 3521 990 3573 in
1007 3522 1050 3571 der
1067 3521 1130 3572 Br'bl.
1154 3522 1234 3572 Civica
1252 3538 1282 3571 ne
1303 3523 1395 3574 om

826 3807 891 3882 Nr.
906 3811 980 3881 237
987 3865 994 3879 .

73 3941 263 4004 Alexander
277 3940 342 4004 III
361 3941 512 4006 bericletet
530 3941 604 4005 dem
619 3942 836 4025 Domkapitel
854 3962 919 4004 von
938 3939 1059 4021 Genua,
1080 3962 1119 4004 er
1140 3937 1219 4004 tabe
1242 3941 1314 4004 ihre
1337 3941 1580 4025 Strelte'gleer'len
1603 3945 1664 4008 me'l
1684 3945 1758 4008 dem

276 4029 492 4110 Erebekclwse
506 4052 550 4095 an
563 4030 627 4094 den
643 4031 783 4112 Biscleos
789 4053 851 4094 von
873 4032 907 4096 Τ
901 4041 1012 4094 ortona
1026 4051 1088 4096 eur
1102 4028 1346 4114 Entscleee'dueg
1358 4030 1563 4096 elberwiesen.

684 4150 768 4211 1175
783 4147 874 4222 June'
886 4149 940 4209 21.
971 4146 1151 4212 Ferentino.

236 4260 428 4325 Alexander
451 4265 635 4346 episcopus,
664 4285 775 4328 servus
798 4284 965 4327 servorum
989 4265 1051 4338 dei,
1082 4264 1209 4327 dilectis
1232 4263 1314 4339 filiis,
1343 4264 1512 4347 preposito
1535 4273 1569 4327 et
1591 4264 1757 4328 canonicis

74 4349 300 4426 lanuensibus,
333 4352 472 4415 salutem
495 4363 528 4416 et
551 4355 768 4434 apostolicam
795 4354 1072 4417 benedictionem.
1118 4353 1268 4428 Causam,
1300 4373 1399 4435 quam
1431 4355 1514 4417 inter
1536 4353 1758 4417 venerabilem

76 4440 212 4502 fratrem
235 4450 391 4515 nostrum,
416 4440 699 4524 archiepiscopum
715 4453 858 4506 vestrum
876 4440 910 4528 ⁵),
935 4450 967 4505 et
981 4464 1042 4506 vos
1066 4444 1156 4525 ipsos
1176 4463 1274 4524 super
1288 4443 1384 4506 variis
1400 4452 1433 4505 et
1448 4443 1583 4506 diversis
1607 4443 1757 4525 capitulis

74 4539 109 4592 et
132 4529 292 4610 precipue
314 4549 413 4610 super
435 4530 657 4594 oblationibus
681 4533 786 4614 prime
808 4533 906 4595 misse
927 4531 1180 4612 circumcisionis
1197 4532 1322 4594 domini
1339 4542 1373 4594 et
1393 4533 1583 4614 epyphanie
1605 4538 1639 4595 et
1660 4551 1758 4614 super

75 4616 304 4680 oblationibus
328 4619 506 4695 missarum,
532 4640 595 4702 que
619 4621 703 4683 inter
726 4621 866 4702 primam
886 4632 919 4684 et
934 4623 1093 4684 maiorem
1108 4623 1242 4683 missam
1256 4641 1317 4701 per
1332 4641 1446 4684 omnes
1462 4641 1548 4704 pene
1564 4621 1758 4685 festivitates

74 4707 179 4770 totius
194 4707 270 4768 anni
286 4717 466 4783 cantantur,
490 4709 605 4791 agitari
629 4710 839 4791 dignoscitur,
862 4711 1039 4773 venerabili
1065 4711 1151 4774 fratri
1177 4718 1299 4786 nostro,
1322 4710 1527 4774 Terdonensi
1551 4711 1711 4792 episcopo
1722 4707 1756 4794 ⁶),

75 4795 302 4859 commisimus
332 4797 530 4860 audiendam
558 4809 591 4861 et
621 4798 686 4861 fine
714 4799 828 4861 debito
864 4799 1113 4862 terminandam.
1159 4797 1306 4878 ideoque
1343 4800 1531 4862 discretioni
1561 4811 1668 4863 vestre
1699 4819 1759 4882 per

75 4883 263 4967 apostolica
291 4886 413 4967 scripta
443 4888 657 4969 precipiendo
689 4889 899 4964 mandamus,
940 4889 1091 4970 quatinus
1123 4909 1197 4951 cum
1232 4889 1275 4951 ab
1307 4889 1426 4951 eodem
1456 4889 1616 4971 episcopo
1647 4889 1756 4951 vocati

75 4973 211 5046 fueritis,
234 4973 303 5036 eius
318 4977 516 5056 presentiam
533 4977 659 5040 adeatis
675 4987 717 5052 et,
742 4978 832 5058 quod
849 4978 920 5059 ipse
943 4979 1027 5040 inter
1049 4998 1109 5040 vos
1132 4987 1165 5040 et
1189 4978 1329 5041 eundem
1353 4976 1637 5060 archiepiscopum
1660 4998 1758 5060 super

74 5062 235 5146 predictis
259 5064 363 5126 causis
386 5065 584 5140 iudicaverit,
608 5067 793 5148 suscipiatis
816 5076 850 5129 et
873 5067 1064 5129 observetis.
1089 5101 1133 5112 -
1156 5065 1230 5129 Dat.
1254 5065 1428 5143 Ferentini,
1453 5081 1491 5130 xl
1514 5067 1566 5130 Kl
1590 5067 1670 5131 Iulii.

238 5177 363 5242 Abrelm'fl
380 5177 423 5228 der
440 5178 547 5232 Mr'scell.
566 5179 593 5229 dl
610 5179 672 5229 Stor.
693 5179 748 5246 ng.
773 5180 831 5244 Vp.
851 5183 913 5239 261,
931 5179 958 5230 ln
976 5179 1019 5229 der
1036 5180 1097 5229 Bibl.
1122 5180 1204 5230 Civica
1220 5197 1250 5228 ru
1272 5181 1365 5230 Gema.

241 5409 266 5472 ι)
292 5407 367 5473 Vergl.
387 5409 425 5458 die
440 5409 500 5460 Urk.
512 5426 568 5460 vom
577 5409 608 5457 12
621 5409 753 5473 September
773 5409 953 5458 rrae-1185.
1023 5410 1049 5472 2)
1066 5410 1157 5470 Obeelo,
1170 5410 1274 5474 Brickos
1279 5426 1327 5461 von
1344 5411 1456 5470 Terrena,
1470 5428 1490 5462 c.
1505 5415 1571 5464 11⁶3
1578 5429 1638 5464 -ι,
1648 5414 1756 5480 nelo),

73 5481 151 5546 vergl.
178 5481 244 5528 auen
272 5479 309 5528 die
338 5479 398 5529 Urk.
424 5497 480 5530 vom
504 5483 535 5530 21
561 5481 631 5545 June
654 5482 729 5530 1175.
838 5482 865 5546 3)
894 5479 968 5546 Hugo
992 5481 1056 5530 della
1088 5482 1172 5541 Vella,
1202 5482 1345 5546 Erxblsclros
1366 5499 1415 5532 von
1445 5485 1544 5546 Germe,
1575 5487 1756 5540 risa-1188.

73 5561 101 5614 4)
123 5551 199 5611 Melo,
218 5549 289 5600 Fras.
309 5551 350 5599 del
364 5567 421 5601 conr.
441 5553 468 5601 dr'
489 5553 593 5613 Genera,
607 5559 677 5617 prov.
697 5551 724 5600 dl
744 5551 847 5601 Genava.
921 5556 948 5616 5)
967 5553 1041 5620 Hugo
1059 5554 1124 5603 della
1148 5554 1222 5614 Vella,
1243 5553 1388 5619 Ereblsclres
1399 5571 1447 5606 von
1463 5557 1555 5618 Genua,
1576 5559 1756 5614 naa-1188.

74 5624 101 5689 6)
125 5623 216 5684 Oberto,
239 5623 398 5688 Brichosven
419 5624 532 5684 Terrena,
552 5641 572 5674 c.
593 5626 663 5674 1153
680 5651 707 5660 -
721 5639 740 5674 c.
760 5621 871 5692 118412).
