4142 6366
327 327 391 396 252

327 503 493 588 professis,
525 501 557 564 in
586 505 790 584 perpetuum.
838 497 997 580 Quotiens
1028 498 1109 560 illud
1133 519 1152 561 a
1174 499 1269 561 nobis
1300 501 1435 582 petitur,
1468 502 1558 580 quod
1587 500 1737 584 religioni
1768 510 1804 564 et
1833 498 1994 564 honestati

327 594 502 658 convenire
531 591 716 666 dinoscitur,
746 591 856 652 animo
888 610 949 652 nos
980 590 1077 652 decet
1099 586 1210 651 libenti
1244 589 1427 654 concedere
1458 597 1490 653 et
1520 593 1699 672 petentium
1725 591 1899 654 desideriis
1924 610 1994 654 con·

327 703 442 766 gruum
466 680 622 763 impertiri
644 699 822 742 assensum.
853 678 1048 762 Eapropter,
1071 676 1182 740 dilecti
1198 679 1228 740 in
1245 679 1380 740 domino
1397 678 1461 756 filii,
1482 682 1597 741 vestris
1612 681 1703 742 iustis
1719 680 1994 761 postulationibus

327 773 504 836 clementer
534 769 704 832 annuimus
736 777 769 831 et
798 768 981 851 predictum
1012 766 1174 848 hospitale
1207 787 1280 830 cum
1315 767 1468 842 ecclesia,
1498 768 1558 831 sibi
1585 771 1764 843 adiacente,
1798 770 1891 851 quod
1924 789 1993 832 cum

328 861 444 925 eadem
469 858 604 922 ecclesia
626 857 812 938 specialiter
835 858 922 920 beati
945 856 1031 920 Petri
1054 864 1087 918 et
1110 856 1210 918 nostri
1242 856 1315 919 iuris
1347 858 1466 932 existit,
1498 858 1559 920 sub
1591 858 1678 920 beati
1702 860 1788 922 Petri
1820 868 1855 920 et
1888 867 1993 922 nostra

328 951 534 1034 protectione
555 947 747 1029 suscipimus
771 955 804 1010 et
827 949 986 1028 presentis
1009 947 1122 1027 scripti
1145 945 1317 1026 privilegio
1334 948 1581 1009 communimus.
1619 945 1816 1023 StatuenteS,
1841 956 1886 1025 ut,
1904 967 1995 1026 quas·

328 1059 469 1119 cumque
501 1039 733 1119 possessiones,
765 1055 970 1117 quecumque
1002 1036 1091 1098 bona
1121 1036 1208 1097 idem
1238 1033 1403 1116 hospitale
1434 1056 1508 1098 cum
1540 1035 1675 1098 ecclesia
1704 1037 1734 1098 in
1759 1039 1995 1119 presentiarum

328 1131 411 1192 iuste
435 1137 469 1190 et
491 1129 648 1189 canonice
671 1127 820 1207 possidet
843 1133 898 1188 aut
925 1126 955 1187 in
983 1125 1127 1187 futurum
1151 1126 1363 1186 concessione
1385 1124 1586 1206 pontificum,
1614 1124 1784 1207 largitione
1808 1147 1924 1208 regum
1947 1126 1996 1188 vel

328 1219 520 1301 principum,
551 1214 715 1278 oblatione
744 1213 889 1277 fidelium
913 1234 969 1278 seu
993 1213 1064 1276 aliis
1087 1213 1178 1276 iustis
1202 1214 1316 1288 modis,
1340 1222 1506 1296 prestante
1530 1215 1672 1288 domino,
1706 1217 1830 1296 poterit
1853 1216 1997 1298 adipisci,

328 1307 420 1370 firma
449 1305 544 1369 vobis
575 1307 756 1386 vestrisque
788 1302 1030 1366 successoribus
1064 1310 1097 1364 et
1126 1301 1250 1365 illibata
1279 1310 1498 1385 permaneant.
1544 1305 1578 1366 ln
1610 1303 1728 1383 quibus
1765 1303 1827 1367 hec
1859 1305 1998 1387 propn'is

328 1397 479 1460 duximus
503 1394 719 1475 exprimenda
741 1392 922 1455 vocabulis:
962 1393 1069 1455 locum
1104 1394 1220 1474 ipsum,
1251 1394 1283 1454 in
1314 1412 1381 1473 quo
1404 1392 1550 1473 predicta
1574 1393 1711 1455 ecclesia
1733 1412 1809 1456 cum
1832 1393 1997 1476 hospitale

329 1486 479 1549 edificata
502 1491 560 1558 est,
583 1503 657 1544 cum
682 1481 883 1556 molendinis,
907 1481 1075 1545 vualcariis
1092 1489 1125 1543 et
1140 1481 1209 1543 aliis
1226 1483 1431 1562 pertinentiis
1446 1482 1519 1555 suis,
1543 1482 1680 1545 boscum
1698 1502 1796 1562 quem
1815 1482 1998 1545 Massucius

329 1577 436 1638 eidem
460 1572 596 1636 ecclesie
619 1591 680 1653 pro
703 1573 811 1634 anime
832 1591 890 1634 sue
911 1590 1110 1649 suorumque
1126 1578 1296 1652 parentum
1315 1572 1461 1633 remedio
1479 1579 1511 1632 et
1527 1573 1633 1634 eidem
1650 1569 1804 1652 hospitali
1820 1573 1998 1635 contulisse

329 1663 514 1736 dinoscitur,
537 1669 643 1724 totum
667 1661 756 1740 quod
780 1659 908 1723 habetis
932 1661 1019 1742 apud
1045 1658 1216 1740 Populum,
1248 1662 1385 1722 domum
1409 1668 1442 1723 et
1464 1659 1528 1723 alia
1550 1680 1615 1741 que
1637 1659 1765 1724 habetis
1789 1662 1878 1743 apud
1904 1661 1998 1724 Cam·

329 1752 488 1836 porolem,
518 1757 623 1813 totum
648 1750 737 1830 quod
760 1747 886 1812 habetis
910 1750 997 1830 apud
1022 1748 1170 1812 Cascium
1195 1749 1339 1826 balbum,
1369 1749 1483 1812 silvam
1515 1757 1548 1811 et
1577 1749 1639 1812 alia
1667 1768 1731 1829 que
1754 1749 1885 1814 habetis
1910 1751 1997 1834 apud

329 1843 485 1925 Bargam,
522 1847 628 1902 totum
668 1839 831 1902 redditum
862 1858 960 1918 quem
993 1837 1092 1920 Hugo
1124 1839 1167 1900 de
1196 1835 1327 1920 Loppia
1357 1840 1445 1920 apud
1478 1836 1705 1902 Molathanum
1737 1841 1768 1902 in
1802 1849 1996 1923 perpetuam

329 1931 542 1994 elemosinam
572 1929 721 2010 predicto
751 1927 826 1990 loco
857 1930 1027 2003 concessit,
1058 1926 1171 1990 silvam
1202 1947 1301 2006 quam
1334 1928 1463 1990 habetis
1495 1928 1584 2009 apud
1608 1927 1796 1991 Albianum.
1846 1931 1999 1992 Preterea

329 2023 520 2083 auctoritate
544 2016 722 2099 apostolica
745 2018 898 2079 duximus
922 2016 1163 2098 indulgendum,
1187 2025 1223 2079 ut
1244 2017 1274 2078 in
1292 2019 1452 2079 cimiterio
1469 2017 1604 2079 ecclesie
1620 2026 1726 2080 vestre
1742 2017 1857 2081 fratres
1871 2027 1998 2082 tantum

329 2118 363 2171 et
385 2109 538 2172 familiam
562 2114 703 2169 vestram
727 2105 915 2168 facultatem
939 2104 1119 2187 sepeliendi
1142 2105 1279 2169 liberam
1302 2104 1459 2169 habeatis.
1505 2105 1721 2168 Decernimus
1744 2127 1833 2189 ergo,
1862 2117 1898 2170 ut
1921 2107 1998 2170 nulli

329 2201 464 2262 omnino
480 2197 647 2259 hominum
672 2195 775 2270 liceat,
798 2195 958 2277 prefatum
983 2193 1146 2277 hospitale
1168 2195 1221 2258 vel
1245 2195 1413 2258 ecclesiam
1438 2203 1561 2258 temere
1585 2243 1591 2257 .
1617 2245 1623 2258 .
1647 2244 1654 2258 .
1679 2245 1685 2256 .
1711 2197 1909 2260 omnimodis
1925 2217 2000 2278 pro-

329 2288 443 2364 futura,
467 2287 555 2349 salva
577 2286 664 2348 sedis
688 2284 869 2366 apostolice
891 2285 1093 2347 auctoritate.
1139 2282 1195 2346 Ad
1220 2284 1373 2347 indicium
1397 2293 1505 2347 autem
1530 2284 1624 2347 huius
1647 2284 1689 2348 ab
1712 2286 1897 2367 apostolica
1920 2287 1998 2349 sede

329 2386 486 2460 percepte
509 2375 667 2438 libertatis
699 2374 796 2437 nobis
824 2373 1007 2453 nostrisque
1030 2373 1272 2436 successoribus
1295 2395 1392 2436 unam
1417 2373 1533 2436 libram
1559 2393 1633 2436 cere
1655 2375 1747 2437 annis
1770 2376 1904 2458 singulis
1928 2395 1999 2458 per-

328 2467 470 2530 solvetis.
525 2462 560 2527 Si
592 2485 657 2546 qua
684 2463 781 2545 igitur
813 2513 819 2526 .
850 2511 857 2524 .
891 2513 896 2526 .
928 2462 1061 2526 Cunctis
1092 2469 1201 2526 autem
1235 2465 1342 2526 eidem
1374 2463 1449 2526 loco
1481 2483 1539 2526 sua
1563 2512 1569 2525 .
1596 2513 1601 2526 .
1627 2513 1633 2526 .
1663 2465 1833 2527 inveniant.
1879 2464 1999 2528 Amen.

329 2556 418 2620 A-m.
442 2556 560 2620 Amen.

541 2641 596 2724 (R)
619 2642 692 2724 Ego
715 2638 908 2703 Alexander
930 2637 1091 2703 catholice
1114 2639 1251 2703 ecclesie
1274 2640 1447 2722 episcopus
1470 2661 1512 2703 sa.
1535 2638 1597 2726 (M)

540 2732 560 2812 †
582 2732 656 2812 Ego
679 2730 864 2793 Bernardus
888 2728 1073 2792 Portuensis
1096 2739 1130 2791 et
1152 2737 1264 2792 sancte
1288 2729 1403 2792 Rufine
1426 2732 1603 2813 episcopus
1626 2750 1667 2792 ss.

541 2856 584 2867 -
606 2818 704 2902 †Ego
715 2818 1578 2901 Iohannespresbiter'cardinalissanctorumIohannis
1587 2827 1620 2882 et
1629 2818 1718 2882 Pauli
1728 2821 1946 2885 tit.Pamachii
1958 2842 1998 2884 ss.

539 2911 560 2991 †
582 2909 655 2990 Ego
679 2907 838 2970 Albertus
862 2909 1024 2989 presbiter
1047 2908 1219 2971 cardinalis
1243 2909 1289 2970 tit.
1313 2911 1416 2971 sancti
1439 2909 1603 2972 Laurentii
1626 2910 1658 2970 in
1682 2908 1807 2972 Lucina
1829 2932 1872 2974 ss.

540 3001 561 3077 †
584 2998 657 3080 Ego
680 2999 769 3060 Boso
792 2997 955 3079 presbiter
978 2996 1148 3060 cardinalis
1171 3006 1282 3060 sancte
1304 2999 1505 3062 Pudentiane
1528 3001 1576 3060 tit.
1599 2999 1740 3061 Pastoris
1763 3019 1804 3061 ss.

540 3089 561 3168 †
584 3085 657 3169 Ego
680 3086 838 3150 Iohannes
862 3086 1025 3169 presbiter
1048 3087 1218 3148 cardinalis
1241 3087 1287 3148 tit
1310 3090 1414 3150 sancti
1439 3089 1540 3150 Marci
1564 3106 1605 3150 ss

541 3174 562 3259 †
585 3178 658 3258 Ego
682 3172 871 3238 Tbeodinus
894 3176 1055 3258 presbiter
1078 3176 1247 3238 cardinalis
1271 3178 1375 3239 sancti
1397 3177 1514 3241 Vitalis
1537 3179 1585 3240 tit.
1608 3176 1746 3239 Vestine
1770 3197 1811 3240 ss.

540 3268 561 3346 †
584 3266 658 3348 Ego
681 3264 872 3328 Manfredus
895 3265 1055 3347 presbiter
1078 3265 1248 3328 cardinalis
1272 3267 1320 3328 tit.
1344 3275 1456 3330 sancte
1479 3265 1599 3330 Cecilie
1621 3285 1663 3329 ss.

541 3391 586 3402 —
607 3356 628 3435 †
651 3353 724 3436 Ego
747 3355 885 3417 lacintus
908 3355 1064 3417 diaconus
1087 3354 1255 3417 cardinalis
1278 3362 1390 3418 sancte
1414 3354 1517 3419 Marie
1540 3357 1570 3418 in
1596 3352 1777 3438 Cosmydiu
1800 3376 1842 3418 ss.

541 3443 561 3526 †
584 3444 657 3525 Ego
680 3439 853 3529 C(inthius)
876 3444 1033 3507 diaconus
1056 3444 1227 3507 cardinalis
1249 3448 1352 3508 sancti
1376 3443 1539 3509 Eustachii
1561 3465 1603 3508 ss

539 3535 560 3613 †
583 3533 657 3615 Ego
681 3532 781 3614 Hugo
805 3535 963 3596 diaconus
986 3533 1158 3596 cardinalis
1180 3535 1283 3596 sancti
1307 3533 1445 3597 Adriani
1468 3555 1509 3597 ss.

539 3621 560 3703 †
582 3625 655 3704 Ego
678 3622 846 3686 Laborans
869 3622 1025 3685 diaconus
1049 3621 1219 3685 cardinalis
1243 3632 1354 3686 sancte
1378 3624 1480 3687 Marie
1504 3626 1536 3686 in
1560 3623 1689 3698 Porticu
1713 3644 1753 3686 ss

486 3709 561 3772 Dat.
577 3711 735 3793 Anagnie‚
760 3733 819 3794 per
835 3732 965 3775 manum
984 3710 1137 3788 Gratiani,
1162 3720 1274 3774 sancte
1289 3713 1438 3776 Romane
1454 3713 1591 3777 ecclesie
1614 3712 1806 3776 subdiaconi
1822 3722 1856 3776 et
1872 3717 1993 3778 notarii.

326 3815 351 3863 11
374 3799 428 3862 Kl.
452 3799 540 3862 Iunii.
585 3800 766 3864 Indictione
789 3814 872 3864 vl111.
918 3800 1150 3864 incarnationis
1173 3801 1336 3864 dominice
1359 3823 1444 3866 anno
1467 3815 1637 3867 MCLXXVI.
1682 3801 1897 3866 Pontificatus
1920 3824 1994 3867 vero

327 3890 440 3952 domni
464 3888 647 3953 Alexandri
671 3911 758 3973 pape
781 3905 819 3954 111
842 3911 929 3953 anno
952 3892 1094 3972 septimo
1117 3891 1256 3954 decimo.

486 4005 610 4070 Abschrr'ft
629 4005 659 4054 G.
684 4005 753 4064 VIII,
772 4007 824 4054 243
838 4013 864 4068 p.
885 4006 940 4063 152,
960 4003 986 4053 in
1004 4004 1047 4053 der
1062 4003 1126 4052 Bibl.
1148 4005 1264 4070 chigiano
1282 4023 1312 4054 au
1328 4008 1397 4056 Rom,

485 4077 541 4125 Das
555 4076 672 4142 original
684 4077 759 4125 dieser
773 4076 890 4126 Urleunde
906 4075 1006 4141 befindet
1020 4075 1069 4124 sich
1086 4075 1119 4124 im
1137 4077 1249 4126 Arcls'vio
1261 4078 1431 4127 Arcr'vesconile
1448 4094 1477 4126 eu
1490 4079 1573 4126 Lucra
1581 4076 1637 4141 (XI.
1647 4079 1694 4127 Nr.
1706 4081 1760 4140 57),
1779 4078 1855 4126 leider
1870 4077 1992 4127 bmirkterr

325 4147 362 4196 dr'e
385 4148 546 4213 ungensn'gm
569 4148 726 4197 Verhdltm'sse
747 4148 787 4196 der
812 4148 1023 4210 Archivkatalogs‚
1048 4148 1103 4195 dass
1126 4146 1164 4196 ich
1187 4149 1224 4198 die
1251 4149 1310 4199 Urk.
1335 4166 1365 4199 ru
1388 4152 1442 4213 spat
1464 4149 1589 4209 benurkrc,
1615 4166 1658 4199 um
1674 4150 1735 4200 noch
1752 4149 1802 4200 eine
1820 4151 1946 4200 Kollaeien
1961 4150 1994 4198 lc·

325 4219 495 4284 werksnlligen
512 4235 542 4268 ru
557 4219 659 4270 annm.

1066 4521 1133 4596 ΝΥ.
1161 4525 1249 4596 257.

253 4672 258 4680 ’
323 4651 510 4716 Alexander
524 4653 589 4717 III
600 4652 749 4736 bestdtzgt
769 4653 842 4717 dem
865 4653 1010 4716 Prr'ester
1024 4651 1160 4717 Medius
1182 4675 1242 4717 von
1262 4653 1330 4717 San
1354 4654 1481 4719 Basilio
1500 4657 1539 4719 di
1560 4657 1659 4720 Siena
1682 4657 1736 4721 die
1760 4655 1992 4721 Besr'tzthenm

544 4743 613 4806 und
626 4742 743 4806 Reckte
757 4743 864 4806 sez'ner
879 4741 916 4806 K
918 4741 1014 4821 irene,
1037 4742 1153 4806 welche
1167 4765 1206 4806 er
1220 4742 1253 4806 in
1267 4744 1500 4827 apostolrsclren
1516 4745 1633 4810 §churz
1649 4747 1772 4810 nr'mmt.

911 4859 994 4919 1176
1011 4857 1192 4922 November
1208 4861 1242 4920 2.
1273 4857 1412 4942 Anagm'.

384 4957 392 4971 ’
482 4972 671 5037 Alexander
687 4975 871 5056 episcopus,
894 4993 1006 5037 servus
1022 4994 1190 5037 servorum
1208 4974 1268 5048 dei,
1285 4974 1405 5038 dilecto
1421 4975 1489 5039 filio
1506 4977 1639 5052 MADIO,
1655 4976 1839 5060 presbitero
1857 4977 1989 5041 ecclesie

322 5064 425 5126 sancti
442 5063 561 5138 Basilii,
584 5065 646 5126 site
669 5064 699 5125 in
722 5062 881 5126 suburbio
898 5060 1043 5136 Senensi,
1066 5066 1098 5125 in
1114 5064 1198 5138 loco,
1222 5065 1276 5144 qui
1293 5065 1410 5127 dicitur
1426 5065 1581 5141 Camulia,
1602 5069 1736 5146 eiusque
1751 5068 1988 5131 successoribus

323 5154 477 5215 canonice
500 5152 743 5227 substituendis,
775 5165 913 5216 1NPPM.
939 5187 979 5198 —
1001 5150 1005 5236 Ι
1027 5149 1186 5232 Quotiens
1214 5152 1294 5215 illud
1327 5175 1347 5215 a
1378 5155 1472 5217 nobis
1503 5158 1633 5237 petitur,
1663 5157 1753 5237 quod
1784 5157 1931 5238 religioni
1959 5163 1988 5218 et

322 5240 483 5305 honestati
507 5243 678 5304 convenire
702 5242 890 5317 dinoscitur,
913 5242 1023 5303 animo
1046 5261 1106 5303 nos
1122 5242 1219 5304 decet
1235 5241 1349 5305 libenti
1366 5245 1548 5308 concedere
1573 5254 1606 5308 et
1625 5245 1804 5327 petentium
1825 5245 1987 5309 desideriis

322 5350 502 5412 congruum
526 5331 681 5413 impertiri
705 5331 901 5413 suffragium.
923 5327 927 5415 Ι
949 5330 1143 5412 Eapropter,
1177 5331 1296 5394 dilecte
1325 5333 1355 5394 in
1388 5332 1523 5397 domino
1555 5333 1613 5409 fili,
1645 5336 1789 5416 vestigiis
1820 5333 1987 5398 recolende

322 5422 479 5483 memorie
495 5419 764 5502 predecessorum
782 5429 976 5494 nostrorum,
998 5419 1186 5495 Innocentii,
1209 5420 1302 5483 Lucii
1319 5428 1352 5482 et
1368 5419 1529 5498 Celestini‚
1553 5422 1776 5486 Romanorum
1793 5423 1986 5505 pontificum,

321 5508 517 5586 inherentes,
548 5510 708 5592 prefatam
739 5509 918 5585 ecclesiam,
950 5511 1001 5572 cui
1029 5509 1093 5570 deo
1117 5517 1249 5572 auctore
1273 5530 1405 5592 preesse
1429 5511 1617 5588 dinosceris,
1648 5512 1710 5575 sub
1739 5512 1828 5576 beati
1851 5513 1937 5576 Petri
1958 5519 1986 5573 et

322 5606 433 5662 nostra
465 5603 673 5682 protectione
697 5602 891 5683 suscipimus
922 5608 955 5661 et
983 5600 1143 5681 presentis
1167 5599 1280 5681 scripti
1304 5599 1472 5682 privilegio
1504 5602 1751 5664 communimus.
1796 5602 1985 5674 Statuentes,

321 5695 366 5765 ut,
390 5709 614 5774 quascumque
631 5691 863 5773 possessiones,
887 5707 1094 5772 quecumque
1110 5688 1197 5751 bona
1212 5687 1243 5750 in
1260 5692 1498 5771 presentiarum
1515 5691 1599 5755 iuste
1614 5699 1648 5754 et
1664 5693 1822 5756 canonice
1837 5691 1985 5776 possidet,
