4126 6356
1690 349 1748 394 101

65 515 316 600 compellimur,
356 536 417 598 pro
447 516 657 581 ecclesiarum
688 527 775 582 statu
805 529 954 602 satagere
987 528 1020 583 et
1040 521 1044 604 Ι
1066 541 1176 584 earum
1208 522 1308 603 quieti
1341 527 1374 582 et
1408 520 1535 585 utilitati
1566 519 1751 594 efficaciter,

65 607 249 670 auxiliante
270 606 415 682 domine,
444 607 627 689 providere.
673 607 876 691 Eapropter,
907 609 1016 672 dilecti
1049 610 1080 672 in
1110 608 1245 673 domino
1276 608 1339 683 filii,
1370 611 1485 672 vestris
1516 611 1608 672 iustis
1639 619 1751 692 postu·

68 696 248 759 lationibus
277 703 406 777 gratum
437 697 662 778 impertientes
692 717 878 772 assensum,
908 699 1120 774 divisionem,
1151 719 1249 780 quarn
1281 698 1477 762 venerabilis
1509 698 1609 761 frater
1639 705 1751 761 noster
1795 715 1798 723 ’

68 785 228 859 villanus,
252 783 388 847 Pisanus
411 782 678 868 archiepiscopus
698 786 732 868 ¹),
763 787 847 850 inter
869 807 928 850 vos
957 797 992 850 et
1021 789 1255 851 monasterium
1288 795 1321 850 et
1352 786 1465 851 fratres
1489 788 1590 850 sancti
1612 787 1750 851 Ruxorii

68 875 111 937 de
138 873 224 936 silva
246 872 378 936 Tomuli
408 872 525 936 fecisse
555 876 743 949 dinoscitur,
774 877 970 939 auctoritate
993 878 1081 939 sedis
1109 876 1289 959 apostolice
1318 875 1549 940 confirmamus
1580 885 1615 940 et
1637 877 1750 939 futuris

68 964 278 1044 temporibus
314 970 417 1025 ratam
450 971 485 1026 et
514 963 738 1028 inconvulsam
773 985 905 1028 manere
935 966 1149 1028 decernimus.
1195 962 1230 1028 Si
1263 967 1335 1047 quis
1365 973 1483 1040 autem,
1513 963 1608 1028 huius
1640 973 1750 1050 nostre

67 1049 326 1115 confimationis
349 1053 505 1133 paginam
528 1055 643 1128 sciens,
667 1062 782 1116 contra
805 1074 877 1118 eam
906 1061 1030 1118 temere
1052 1054 1163 1117 venire
1185 1055 1402 1136 temptaverit,
1432 1055 1578 1117 secundo
1611 1057 1751 1117 tertiove

66 1140 300 1216 commonitus,
330 1141 357 1203 si
389 1160 455 1203 non
486 1150 611 1205 reatum
643 1162 738 1205 suum
768 1143 867 1226 digna
897 1144 1119 1207 satisfactione
1143 1145 1330 1218 correxerit,
1362 1144 1619 1225 indignationem
1643 1146 1748 1207 omni·

69 1231 217 1313 potentis
240 1230 292 1292 dei
316 1237 349 1292 et
372 1229 545 1294 beatorum
568 1231 655 1294 Petri
679 1241 713 1294 et
735 1232 834 1306 Pauli,
867 1227 1105 1315 [apostolorum
1130 1232 1206 1308 eius,
1249 1235 1399 1305 incurrat,
1432 1240 1466 1296 et
1488 1253 1508 1294 a
1530 1233 1749 1298 sacratissimo

67 1338 212 1402 corpore
235 1339 274 1382 ac
296 1321 455 1401 sanguine
477 1319 532 1383 dei
556 1329 589 1384 et
611 1321 743 1397 domini,
767 1317 998 1408 redlemptoris
1022 1321 1124 1385 nostri
1138 1321 1211 1384 Iesu
1239 1320 1368 1396 Christi,
1390 1316 1538 1406 alien[us]
1561 1320 1626 1397 fiat,
1650 1329 1750 1402 atque

68 1411 99 1472 in
123 1417 278 1472 extremo
302 1408 452 1474 examine
474 1408 618 1473 districte
638 1407 643 1494 Ι
664 1410 779 1474 ultioni
802 1410 981 1474 subiaceat.
1004 1447 1048 1458 -
1071 1411 1147 1473 Dat.
1171 1409 1345 1486 Ferentini,
1370 1423 1420 1473 1111
1442 1409 1497 1474 Kl.
1522 1410 1617 1474 Febr.
1632 1445 1676 1457 -

234 1521 276 1572 Or.
295 1522 343 1572 Nr.
362 1525 422 1583 459,
441 1523 476 1572 im
493 1523 608 1574 Archivrb
629 1524 762 1588 Capitolare
779 1541 809 1574 su
827 1524 893 1575 Pisa.

232 1594 304 1660 Perg.
321 1594 382 1654 rial,
401 1595 438 1644 br.
457 1597 542 1656 0,166,
561 1598 622 1662 lang
638 1598 724 1657 0,153,
742 1605 817 1646 unten
829 1598 906 1658 0,016
924 1595 1112 1664 umgeschlogm,
1130 1596 1209 1647 durch
1227 1595 1286 1646 raud
1301 1597 1394 1647 liciter
1407 1597 1470 1662 ging
1485 1595 1523 1646 die
1540 1597 1645 1657 Sckmr,
1664 1597 1750 1647 welche

68 1664 112 1714 nr't
127 1665 183 1714 dem
203 1665 329 1732 Bleisr'egel
341 1669 458 1717 uerlorm
495 1668 604 1734 Falmng
620 1668 664 1718 der
677 1669 780 1720 Brevm.

818 1950 884 2025 Nr.
917 1953 1002 2025 100.

68 2080 182 2164 Eugen
198 2081 265 2145 III
283 2083 401 2146 nimmt
422 2082 477 2146 dtr
494 2080 617 2146 Kirche
631 2082 701 2147 San
728 2079 892 2146 Giovanni
912 2082 951 2145 di
979 2083 1190 2166 Vallemagna
1213 2084 1274 2164 (D.
1292 2084 1324 2146 F
1327 2084 1438 2162 iesole)
1462 2084 1495 2147 in
1515 2083 1749 2165 apostolisctien

542 2170 659 2237 Schutz
681 2172 754 2236 und
772 2172 922 2255 besta'tigt
942 2169 1013 2236 altre
1035 2172 1277 2237 Besitztlui'mer.

670 2291 752 2352 1151
768 2287 872 2352 Mc'ira
887 2291 939 2351 30.
972 2287 1151 2382 Ferentino.

231 2418 397 2501 Eugenius
420 2421 606 2505 episcopus,
635 2441 747 2486 servus
769 2441 937 2486 servorum
961 2423 1021 2498 dei,
1054 2421 1178 2486 dilectis
1205 2420 1274 2485 liliis
1298 2421 1466 2496 Clementi,
1498 2423 1599 2505 priori
1623 2421 1746 2486 heremi

68 2506 207 2571 ecclesie
230 2508 321 2572 beati
337 2508 492 2573 Iohannis
515 2512 557 2574 de
572 2510 666 2574 Valle
683 2512 813 2594 Magna,
837 2513 974 2592 eiusque
996 2511 1159 2586 fratribus,
1183 2521 1250 2574 tarn
1274 2510 1480 2594 presentibus
1502 2530 1601 2591 quarn
1625 2511 1748 2586 futuris,

72 2597 256 2678 regularem
277 2599 379 2661 vitam
404 2599 569 2681 professis,
591 2614 631 2665 IN
646 2614 723 2664 PPM.
747 2637 791 2648 -
811 2600 816 2684 Ι
837 2598 1002 2682 Quoniam
1025 2602 1094 2664 sine
1116 2621 1194 2664 vere
1217 2600 1305 2663 cultu
1329 2601 1493 2682 religionis
1524 2620 1584 2662 nec
1608 2600 1748 2664 caritatis

70 2687 175 2748 unitas
199 2694 315 2769 potest
329 2688 507 2752 subsistere
531 2710 591 2753 nec
607 2690 672 2755 deo
689 2700 817 2772 gratum
833 2688 983 2754 exhiberi
1003 2691 1179 2766 servitium,
1203 2691 1340 2772 expedit
1355 2688 1536 2772 apostolice
1552 2691 1746 2764 auctoritati,

71 2773 236 2858 religiosas
260 2796 418 2859 personas
441 2777 576 2860 diligere
608 2789 642 2842 et
669 2781 673 2858 Ι
701 2799 812 2842 earum
840 2779 942 2859 quieti
969 2778 1150 2854 salubriter,
1181 2780 1361 2842 auxiliante
1384 2779 1529 2853 domino,
1562 2779 1745 2860 providere.

71 2864 266 2947 Eapropter,
294 2864 405 2928 dilecti
434 2867 466 2928 in
498 2868 634 2931 domino
661 2867 725 2944 lilii,
754 2870 870 2931 vestris
894 2868 984 2931 iustis
1007 2867 1283 2950 postulationibus
1313 2867 1492 2931 clementer
1513 2868 1683 2930 annuimus
1713 2877 1747 2931 et

72 2953 233 3034 prefatum
258 2953 377 3030 locum,
401 2955 522 3036 inquo
546 2956 655 3020 divino
679 2959 853 3040 mancipati
876 2959 954 3021 estis
978 2957 1147 3040 obsequio,
1170 2957 1231 3021 sub
1255 2958 1345 3021 beati
1370 2955 1456 3020 Petri
1481 2964 1514 3019 et
1537 2965 1648 3020 nostra
1672 2977 1746 3040 pro·

71 3044 213 3106 tectione
235 3045 431 3126 suscipimus
462 3054 496 3108 et
527 3049 687 3128 presentis
716 3048 829 3129 scripti
859 3045 1027 3130 privilegio
1061 3049 1310 3110 communimus.
1356 3043 1555 3121 Statuentes,
1584 3053 1621 3107 ut
1653 3066 1746 3126 quas-

68 3150 210 3213 cumque
242 3133 478 3216 possessiones,
510 3154 717 3216 quecumque
747 3136 837 3199 bona
867 3136 956 3199 idern
980 3135 1071 3199 locus
1101 3137 1134 3198 in
1166 3137 1402 3218 presentiarum
1426 3136 1510 3198 iuste
1534 3143 1567 3198 et
1590 3135 1746 3199 canonice

73 3222 235 3301 possidet,
281 3231 337 3285 aut
373 3225 405 3284 in
436 3223 580 3288 futurum
618 3225 829 3288 concessione
861 3223 1071 3308 pontificum,
1110 3223 1281 3306 largitione
1313 3244 1426 3306 regum
1463 3223 1515 3287 vel
1554 3225 1746 3307 principum,

68 3310 236 3374 oblatione
266 3309 413 3375 fidelium
443 3333 500 3376 seu
531 3313 600 3377 aliis
631 3315 722 3378 iustis
752 3314 859 3377 modis
893 3314 959 3377 deo
997 3314 1141 3396 propitio
1175 3316 1299 3396 poterit
1334 3315 1489 3396 adipisci,
1527 3313 1620 3376 firma
1647 3314 1746 3394 ¹vobis

72 3402 252 3480 vestrisque
282 3403 525 3465 successoribus
556 3411 589 3466 et
618 3403 740 3467 illibata
772 3410 994 3486 permaneant.
1038 3403 1218 3483 inquibus
1250 3402 1311 3488 hec
1342 3403 1482 3486 propriis
1513 3403 1667 3466 duximus
1690 3422 1746 3465 ex·

71 3489 242 3570 primenda
265 3489 451 3554 vocabulis:
490 3491 658 3555 abbatiam
681 3491 835 3555 videlicet
857 3493 899 3555 de
923 3491 1009 3554 Fleri
1026 3491 1054 3569 ²]
1080 3511 1153 3555 curn
1178 3493 1380 3574 pertinentiis
1403 3494 1479 3566 suis,
1509 3490 1677 3554 ecclesiam
1702 3492 1746 3554 de

74 3577 266 3661 Marignano
289 3599 363 3643 curn
388 3589 479 3644 curte
502 3588 537 3644 et
558 3582 760 3664 pertinentiis
784 3583 859 3657 suis,
884 3579 1053 3644 ecclesiam
1077 3581 1120 3644 de
1136 3580 1276 3645 Plazano
1293 3601 1368 3644 cum
1384 3588 1476 3644 curte
1491 3588 1525 3644 et
1546 3582 1752 3662 pertinentiis

73 3669 143 3742 suis,
167 3667 343 3731 ecclesiam
365 3668 410 3731 de
434 3667 617 3752 Morgnano
641 3691 716 3734 cum
740 3678 832 3734 curte
854 3679 888 3734 et
911 3671 1113 3752 pertinentiis
1136 3673 1212 3744 suis,
1241 3668 1412 3755 ecclesiam
1437 3671 1480 3732 de
1504 3667 1652 3732 Gabiano
1677 3690 1767 3732 curn.

71 3763 169 3832 curte,
199 3754 372 3842 ecclesiam
403 3759 446 3821 de
471 3757 641 3842 Canapino
674 3779 748 3822 cum
780 3767 880 3834 curte,
912 3758 1084 3822 ecclesiam
1116 3759 1159 3821 de
1184 3757 1276 3822 Colle
1299 3759 1386 3821 sicco
1411 3779 1486 3821 curn
1509 3766 1600 3821 curte
1623 3768 1657 3823 et
1679 3779 1752 3842 per-

74 3846 213 3909 tinentiis
239 3865 360 3920 earum,
385 3846 555 3910 ecclesiam
580 3849 622 3911 de
644 3847 741 3912 Valle
759 3845 788 3933 ει)
812 3869 886 3911 cum
910 3847 1110 3931 pertinentiis
1134 3849 1209 3911 suis.
1254 3847 1468 3911 Decemimus
1499 3868 1587 3930 ergo,
1619 3856 1654 3910 ut
1677 3847 1752 3911 nulli

73 3935 204 3998 omnino
238 3933 408 3998 hominum
447 3936 560 4013 liceat,
601 3939 786 4020 predictum
817 3937 927 4000 locum
960 3945 1086 4000 temere
1116 3935 1309 4018 perturbare
1339 3946 1395 4000 aut
1425 3938 1494 4000 eius
1526 3939 1752 4019 possessiones

74 4024 198 4088 auferre
231 4024 284 4088 vel
315 4023 441 4089 ablatas
470 4026 622 4102 retinere,
654 4029 799 4090 minuere
829 4036 885 4089 aut
917 4026 1080 4107 aliquibus
1109 4026 1339 4089 vexationibus
1368 4026 1522 4107 fatigare,
1552 4026 1612 4088 sed
1643 4028 1753 4089 omnia

74 4112 197 4196 integra
221 4122 457 4178 conserventur
479 4135 603 4191 eorum,
633 4137 695 4198 pro
718 4136 859 4196 quorum
883 4115 1123 4198 gubernatione
1150 4123 1184 4178 et
1212 4116 1450 4178 sustentatione
1481 4134 1639 4178 concessa
1668 4122 1751 4190 sunt,

77 4203 182 4266 usibus
215 4204 417 4267 omnimodis
450 4204 637 4287 profutura,
668 4205 757 4269 salva
786 4205 873 4267 sedis
904 4204 1086 4287 apostolice
1117 4207 1311 4268 auctoritate
1344 4213 1378 4268 et
1407 4206 1576 4268 diocesani
1605 4205 1752 4287 episcopi

73 4294 231 4356 canonica
251 4293 379 4356 iustitia.
417 4290 454 4356 Si
478 4314 543 4375 qua
564 4294 660 4377 igitur
681 4296 713 4358 in
736 4294 879 4357 futurum
904 4294 1124 4357 ecclesiastica
1146 4294 1340 4357 secularisve
1362 4313 1511 4376 persona,
1535 4292 1619 4356 hanc
1642 4300 1753 4356 nostre

75 4381 314 4446 constitutionis
337 4385 492 4466 paginam
516 4382 630 4458 scienS,
653 4391 769 4446 contra
792 4403 865 4447 earn
896 4390 1020 4446 temere
1043 4386 1153 4446 venire
1177 4384 1403 4465 temptaverit,
1437 4382 1581 4447 secundo
1612 4384 1752 4445 tertiove

76 4473 281 4546 commonita,
304 4471 330 4534 si
354 4492 420 4535 non
444 4472 669 4537 satisfactione
691 4493 835 4555 congrua
860 4473 1091 4548 emendaverit,
1116 4472 1287 4555 potestatis
1311 4471 1513 4554 honorisque
1528 4473 1578 4534 sui
1594 4471 1753 4553 dignitate

77 4567 181 4622 careat
214 4579 371 4640 reamque
400 4581 438 4624 se
468 4562 579 4625 divino
615 4562 734 4625 iudicio
764 4562 905 4625 existere
939 4563 981 4625 de
1012 4569 1200 4644 perpetrata
1232 4562 1399 4642 iniquitate
1434 4569 1631 4643 cognoscat,
1670 4566 1703 4622 et
1734 4580 1753 4623 a

76 4649 291 4712 sacratissimo
324 4669 465 4732 corpore
496 4671 535 4714 ac
558 4653 714 4733 sanguine
738 4652 790 4714 dei
815 4659 848 4713 et
871 4651 1005 4728 domini,
1028 4652 1247 4732 redemptoris
1271 4651 1374 4713 nostri
1397 4650 1469 4713 lesu
1493 4649 1620 4725 Christi,
1649 4648 1753 4712 aliena

79 4733 143 4812 fiat,
180 4747 281 4818 atque
312 4740 345 4801 in
377 4748 528 4803 extremo
559 4742 711 4803 examine
751 4740 897 4803 districte
928 4739 1043 4803 ultioni
1074 4739 1250 4802 subiaceat.
1310 4737 1441 4802 Cunctis
1480 4747 1606 4813 autem,
1644 4739 1753 4800 eidem

79 4823 149 4889 loco
178 4829 264 4890 iusta
294 4829 511 4908 servantibus,
543 4831 586 4892 sit
617 4849 685 4912 pax
717 4830 841 4893 domini
872 4831 973 4892 nostri
996 4829 1070 4892 Iesu
1102 4826 1238 4904 Christi,
1270 4836 1431 4909 quatenus
1462 4837 1496 4892 et
1524 4826 1579 4890 hic
1609 4827 1751 4891 fructum

78 4912 158 5002 bone
196 4917 334 4981 actionis
365 4919 546 5002 percipiant
578 4927 613 4982 et
644 4920 732 5000 apud
763 4919 946 4981 districtum
976 4919 1116 4981 iudicem
1149 4917 1273 5000 premia
1305 4926 1415 5005 pterne
1446 4918 1535 5000 pacis
1567 4915 1753 5002 invelniant.

78 5001 192 5070 Amen.
217 5005 309 5070 A·m.
332 5005 452 5070 Amen.
477 5043 518 5054 -

287 5095 344 5176 (R)
369 5096 443 5178 Ego
467 5097 632 5179 Eugenius
656 5094 818 5181 catholice
841 5094 976 5183 qeclesie
1000 5098 1178 5179 episcopus
1202 5115 1242 5158 ss.
1266 5092 1328 5181 (Μ)

286 5184 309 5265 †
331 5183 404 5267 Ego
428 5184 587 5250 Nicolaus
610 5184 762 5249 Albanus
787 5187 963 5268 episcopus
988 5205 1029 5248 ss.
1054 5183 1104 5266 (4)

286 5308 329 5318 -
353 5273 373 5358 †
398 5275 471 5357 Ego
496 5273 673 5357 Gregorius
697 5275 860 5356 presbiter
882 5274 1056 5338 cardinalis
1079 5277 1128 5337 tit.
1154 5273 1272 5336 Calixti
1297 5293 1338 5335 ss.

287 5363 307 5444 †
330 5361 404 5445 Ego
427 5365 601 5428 Hubaldus
626 5363 790 5447 presbiter
813 5361 982 5426 cardinalis
1005 5365 1053 5426 tit.
1077 5370 1190 5426 sancte
1213 5363 1370 5425 Praxedis
1392 5382 1433 5424 ss.
1457 5360 1504 5448 (2)

286 5452 306 5533 †
330 5451 403 5535 Ego
426 5451 579 5517 Ubaldus
603 5453 767 5537 presbiter
789 5455 838 5516 tit.
861 5461 973 5515 sancte
998 5451 1110 5516 Crucis
1134 5454 1166 5515 in
1190 5450 1396 5515 Hierusalem
1421 5450 1593 5515 cardinalis
1612 5447 1641 5534 b)
1666 5469 1708 5510 ss.

236 5641 261 5704 a)
279 5643 336 5692 Das
354 5659 367 5692 e
385 5642 504 5704 misichcr,
524 5643 609 5691 Rarur
691 5640 719 5702 b)
737 5655 783 5690 vor
801 5638 935 5689 cardinalis
955 5637 1247 5705 Intevpunklionrreiclrm,
1274 5639 1319 5686 das
1337 5639 1446 5703 ansangs
1462 5651 1595 5702 vergessene
1620 5635 1687 5684 Wort
1703 5634 1756 5683 hier

80 5705 256 5776 aaclgerragen.
267 5751 319 5758 -
328 5717 365 5782 .1)
384 5713 505 5775 Villanus,
519 5711 717 5776 Erah'sclrosvon
728 5711 797 5770 Pria,
813 5713 996 5762 rrae-1167.
1074 5710 1101 5776 2)
1116 5711 1194 5776 Vergl.
1211 5710 1391 5769 Winkelmam,
1410 5712 1472 5758 Acta
1484 5708 1588 5772 Imperii,
1602 5714 1630 5772 p.
1644 5708 1702 5766 133,
1711 5707 1753 5756 36.
