<?xml version="1.0" encoding="UTF-8"?>
<!DOCTYPE html PUBLIC "-//W3C//DTD XHTML 1.0 Transitional//EN"
    "http://www.w3.org/TR/xhtml1/DTD/xhtml1-transitional.dtd">
<html xmlns="http://www.w3.org/1999/xhtml" xml:lang="en" lang="en">
 <head>
  <title>
</title>
<meta http-equiv="Content-Type" content="text/html;charset=utf-8" />
  <meta name='ocr-system' content='tesseract 3.04.00' />
  <meta name='ocr-capabilities' content='ocr_page ocr_carea ocr_par ocr_line ocrx_word'/>
</head>
<body>
  <div class='ocr_page' id='page_1' title='image "./actapontificumr00hargoog_0143.png"; bbox 0 0 4126 6356; ppageno 0'>
   <div class='ocr_carea' id='block_1_1' title="bbox 1676 362 1731 425">
    <p class='ocr_par' dir='ltr' id='par_1_1' title="bbox 1676 362 1731 425">
     <span class='ocr_line' id='line_1_1' title="bbox 1676 362 1731 425; baseline 0.036 -18"><span class='ocrx_word' id='word_1_1' title='bbox 1676 362 1731 425; x_wconf 86' lang='lat'>131</span> 
     </span>
    </p>
   </div>
   <div class='ocr_carea' id='block_1_2' title="bbox 66 513 1737 3276">
    <p class='ocr_par' dir='ltr' id='par_1_2' title="bbox 66 513 1737 1476">
     <span class='ocr_line' id='line_1_2' title="bbox 69 513 1737 600; baseline 0.009 -18"><span class='ocrx_word' id='word_1_2' title='bbox 69 521 195 584; x_wconf 86' lang='lat' dir='ltr'>Mamas</span> <span class='ocrx_word' id='word_1_3' title='bbox 220 519 265 582; x_wconf 90' lang='lat' dir='ltr'>de</span> <span class='ocrx_word' id='word_1_4' title='bbox 287 516 464 599; x_wconf 68' lang='lat' dir='ltr'>Lopoleto‘,</span> <span class='ocrx_word' id='word_1_5' title='bbox 487 517 661 580; x_wconf 88' lang='lat' dir='ltr'>ecclesiam</span> <span class='ocrx_word' id='word_1_6' title='bbox 684 515 786 578; x_wconf 87' lang='lat' dir='ltr'>sancti</span> <span class='ocrx_word' id='word_1_7' title='bbox 809 513 961 579; x_wconf 86' lang='lat' dir='ltr'>Iohannis</span> <span class='ocrx_word' id='word_1_8' title='bbox 984 519 1016 580; x_wconf 93' lang='lat' dir='ltr'>in</span> <span class='ocrx_word' id='word_1_9' title='bbox 1035 517 1195 600; x_wconf 90' lang='lat' dir='ltr'>Tyriario,</span> <span class='ocrx_word' id='word_1_10' title='bbox 1219 525 1389 589; x_wconf 88' lang='lat' dir='ltr'>ecclesiam</span> <span class='ocrx_word' id='word_1_11' title='bbox 1413 528 1611 595; x_wconf 84' lang='lat' dir='ltr'>destructam</span> <span class='ocrx_word' id='word_1_12' title='bbox 1634 535 1737 596; x_wconf 91' lang='lat' dir='ltr'>sancti</span> 
     </span>
     <span class='ocr_line' id='line_1_3' title="bbox 68 603 1736 699; baseline 0.008 -27"><span class='ocrx_word' id='word_1_13' title='bbox 68 607 302 682; x_wconf 90' lang='lat' dir='ltr'>Bartholomei,</span> <span class='ocrx_word' id='word_1_14' title='bbox 326 606 497 669; x_wconf 87' lang='lat' dir='ltr'>ecclesiam</span> <span class='ocrx_word' id='word_1_15' title='bbox 520 606 621 669; x_wconf 86' lang='lat' dir='ltr'>sancti</span> <span class='ocrx_word' id='word_1_16' title='bbox 645 603 777 669; x_wconf 90' lang='lat' dir='ltr'>Genesii</span> <span class='ocrx_word' id='word_1_17' title='bbox 809 605 851 668; x_wconf 89' lang='lat' dir='ltr'>de</span> <span class='ocrx_word' id='word_1_18' title='bbox 874 605 1016 683; x_wconf 93' lang='lat' dir='ltr'>Duliolo,</span> <span class='ocrx_word' id='word_1_19' title='bbox 1047 609 1217 674; x_wconf 88' lang='lat' dir='ltr'>ecclesiam</span> <span class='ocrx_word' id='word_1_20' title='bbox 1240 617 1344 677; x_wconf 90' lang='lat' dir='ltr'>sancti</span> <span class='ocrx_word' id='word_1_21' title='bbox 1369 614 1514 680; x_wconf 87' lang='lat' dir='ltr'>Cassiani</span> <span class='ocrx_word' id='word_1_22' title='bbox 1545 621 1587 684; x_wconf 92' lang='lat' dir='ltr'>de</span> <span class='ocrx_word' id='word_1_23' title='bbox 1611 622 1736 699; x_wconf 80' lang='lat' dir='ltr'>Ronlre,</span> 
     </span>
     <span class='ocr_line' id='line_1_4' title="bbox 69 694 1736 775; baseline 0.008 -13"><span class='ocrx_word' id='word_1_24' title='bbox 69 699 241 762; x_wconf 87' lang='lat' dir='ltr'>ecclesiam</span> <span class='ocrx_word' id='word_1_25' title='bbox 269 698 312 759; x_wconf 91' lang='lat' dir='ltr'>de</span> <span class='ocrx_word' id='word_1_26' title='bbox 335 695 542 770; x_wconf 89' lang='lat' dir='ltr'>Hermitario‚</span> <span class='ocrx_word' id='word_1_27' title='bbox 574 695 743 758; x_wconf 89' lang='lat' dir='ltr'>ecclesiam</span> <span class='ocrx_word' id='word_1_28' title='bbox 774 694 816 756; x_wconf 93' lang='lat' dir='ltr'>de</span> <span class='ocrx_word' id='word_1_29' title='bbox 849 701 937 758; x_wconf 92' lang='lat' dir='ltr'>turre</span> <span class='ocrx_word' id='word_1_30' title='bbox 960 696 1039 771; x_wconf 93' lang='lat' dir='ltr'>Poii,</span> <span class='ocrx_word' id='word_1_31' title='bbox 1070 699 1221 762; x_wconf 88' lang='lat' dir='ltr'>ecclesias</span> <span class='ocrx_word' id='word_1_32' title='bbox 1253 704 1354 766; x_wconf 89' lang='lat' dir='ltr'>sancti</span> <span class='ocrx_word' id='word_1_33' title='bbox 1376 703 1540 770; x_wconf 90' lang='lat' dir='ltr'>Laurentii</span> <span class='ocrx_word' id='word_1_34' title='bbox 1572 717 1605 772; x_wconf 85' lang='lat' dir='ltr'>et</span> <span class='ocrx_word' id='word_1_35' title='bbox 1634 715 1736 775; x_wconf 90' lang='lat' dir='ltr'>sancti</span> 
     </span>
     <span class='ocr_line' id='line_1_5' title="bbox 69 784 1736 885; baseline 0.008 -35"><span class='ocrx_word' id='word_1_36' title='bbox 69 787 187 868; x_wconf 88' lang='lat' dir='ltr'>Quirici</span> <span class='ocrx_word' id='word_1_37' title='bbox 220 787 263 848; x_wconf 92' lang='lat' dir='ltr'>de</span> <span class='ocrx_word' id='word_1_38' title='bbox 293 786 418 859; x_wconf 92' lang='lat' dir='ltr'>Butrio,</span> <span class='ocrx_word' id='word_1_39' title='bbox 449 784 621 848; x_wconf 87' lang='lat' dir='ltr'>ecclesiam</span> <span class='ocrx_word' id='word_1_40' title='bbox 652 790 765 845; x_wconf 90' lang='lat' dir='ltr'>sancte</span> <span class='ocrx_word' id='word_1_41' title='bbox 798 785 901 870; x_wconf 77' lang='lat' dir='ltr'>Marte</span> <span class='ocrx_word' id='word_1_42' title='bbox 931 785 975 847; x_wconf 90' lang='lat' dir='ltr'>de</span> <span class='ocrx_word' id='word_1_43' title='bbox 1007 785 1189 864; x_wconf 85' lang='lat' dir='ltr'>Castenase,</span> <span class='ocrx_word' id='word_1_44' title='bbox 1222 792 1393 855; x_wconf 90' lang='lat' dir='ltr'>ecclesiam</span> <span class='ocrx_word' id='word_1_45' title='bbox 1425 803 1537 859; x_wconf 88' lang='lat' dir='ltr'>sancte</span> <span class='ocrx_word' id='word_1_46' title='bbox 1560 799 1662 885; x_wconf 76' lang='lat' dir='ltr'>Marie</span> <span class='ocrx_word' id='word_1_47' title='bbox 1694 802 1736 864; x_wconf 93' lang='lat' dir='ltr'>de</span> 
     </span>
     <span class='ocr_line' id='line_1_6' title="bbox 69 871 1735 965; baseline 0.008 -25"><span class='ocrx_word' id='word_1_48' title='bbox 69 877 181 952; x_wconf 90' lang='lat' dir='ltr'>Cento,</span> <span class='ocrx_word' id='word_1_49' title='bbox 213 873 386 939; x_wconf 90' lang='lat' dir='ltr'>ecclesiam</span> <span class='ocrx_word' id='word_1_50' title='bbox 418 875 519 937; x_wconf 88' lang='lat' dir='ltr'>sancti</span> <span class='ocrx_word' id='word_1_51' title='bbox 549 871 702 935; x_wconf 88' lang='lat' dir='ltr'>Iohannis</span> <span class='ocrx_word' id='word_1_52' title='bbox 733 873 777 935; x_wconf 91' lang='lat' dir='ltr'>de</span> <span class='ocrx_word' id='word_1_53' title='bbox 803 872 959 948; x_wconf 89' lang='lat' dir='ltr'>Policino,</span> <span class='ocrx_word' id='word_1_54' title='bbox 990 875 1161 939; x_wconf 89' lang='lat' dir='ltr'>ecclesiam</span> <span class='ocrx_word' id='word_1_55' title='bbox 1192 880 1293 942; x_wconf 89' lang='lat' dir='ltr'>sancti</span> <span class='ocrx_word' id='word_1_56' title='bbox 1324 881 1473 964; x_wconf 90' lang='lat' dir='ltr'>Prosperi</span> <span class='ocrx_word' id='word_1_57' title='bbox 1503 885 1546 948; x_wconf 94' lang='lat' dir='ltr'>de</span> <span class='ocrx_word' id='word_1_58' title='bbox 1577 889 1735 965; x_wconf 87' lang='lat' dir='ltr'>Panicale,</span> 
     </span>
     <span class='ocr_line' id='line_1_7' title="bbox 68 960 1734 1044; baseline 0.007 -14"><span class='ocrx_word' id='word_1_59' title='bbox 68 967 240 1030; x_wconf 89' lang='lat' dir='ltr'>ecclesiam</span> <span class='ocrx_word' id='word_1_60' title='bbox 263 963 367 1026; x_wconf 90' lang='lat' dir='ltr'>sancti</span> <span class='ocrx_word' id='word_1_61' title='bbox 388 962 505 1039; x_wconf 87' lang='lat' dir='ltr'>Rofilli,</span> <span class='ocrx_word' id='word_1_62' title='bbox 539 961 710 1026; x_wconf 89' lang='lat' dir='ltr'>ecclesiam</span> <span class='ocrx_word' id='word_1_63' title='bbox 741 962 845 1024; x_wconf 89' lang='lat' dir='ltr'>sancti</span> <span class='ocrx_word' id='word_1_64' title='bbox 867 960 982 1025; x_wconf 87' lang='lat' dir='ltr'>Vitalis</span> <span class='ocrx_word' id='word_1_65' title='bbox 1013 965 1046 1027; x_wconf 95' lang='lat' dir='ltr'>in</span> <span class='ocrx_word' id='word_1_66' title='bbox 1070 966 1243 1044; x_wconf 87' lang='lat' dir='ltr'>Barbiano,</span> <span class='ocrx_word' id='word_1_67' title='bbox 1273 969 1444 1034; x_wconf 87' lang='lat' dir='ltr'>ecclesiam</span> <span class='ocrx_word' id='word_1_68' title='bbox 1477 977 1579 1038; x_wconf 88' lang='lat' dir='ltr'>sancti</span> <span class='ocrx_word' id='word_1_69' title='bbox 1604 978 1734 1042; x_wconf 91' lang='lat' dir='ltr'>Martini</span> 
     </span>
     <span class='ocr_line' id='line_1_8' title="bbox 69 1050 1733 1142; baseline 0.007 -23"><span class='ocrx_word' id='word_1_70' title='bbox 69 1059 99 1120; x_wconf 89' lang='lat' dir='ltr'>in</span> <span class='ocrx_word' id='word_1_71' title='bbox 120 1053 300 1128; x_wconf 89' lang='lat' dir='ltr'>Pozatello,</span> <span class='ocrx_word' id='word_1_72' title='bbox 324 1052 493 1116; x_wconf 87' lang='lat' dir='ltr'>ecclesiam</span> <span class='ocrx_word' id='word_1_73' title='bbox 517 1059 628 1114; x_wconf 90' lang='lat' dir='ltr'>sancte</span> <span class='ocrx_word' id='word_1_74' title='bbox 651 1050 761 1125; x_wconf 88' lang='lat' dir='ltr'>Tecle,</span> <span class='ocrx_word' id='word_1_75' title='bbox 784 1051 952 1114; x_wconf 88' lang='lat' dir='ltr'>ecclesiam</span> <span class='ocrx_word' id='word_1_76' title='bbox 977 1056 1080 1117; x_wconf 90' lang='lat' dir='ltr'>sancti</span> <span class='ocrx_word' id='word_1_77' title='bbox 1103 1055 1272 1119; x_wconf 84' lang='lat' dir='ltr'>Michaelis</span> <span class='ocrx_word' id='word_1_78' title='bbox 1294 1061 1327 1121; x_wconf 92' lang='lat' dir='ltr'>in</span> <span class='ocrx_word' id='word_1_79' title='bbox 1349 1059 1534 1142; x_wconf 89' lang='lat' dir='ltr'>Leprosit0,</span> <span class='ocrx_word' id='word_1_80' title='bbox 1563 1066 1733 1130; x_wconf 89' lang='lat' dir='ltr'>ecclesiam</span> 
     </span>
     <span class='ocr_line' id='line_1_9' title="bbox 67 1137 1734 1232; baseline 0.007 -24"><span class='ocrx_word' id='word_1_81' title='bbox 67 1147 166 1208; x_wconf 86' lang='lat' dir='ltr'>sancti</span> <span class='ocrx_word' id='word_1_82' title='bbox 191 1142 331 1216; x_wconf 87' lang='lat' dir='ltr'>Thome,</span> <span class='ocrx_word' id='word_1_83' title='bbox 363 1149 396 1204; x_wconf 92' lang='lat' dir='ltr'>et</span> <span class='ocrx_word' id='word_1_84' title='bbox 427 1140 597 1204; x_wconf 89' lang='lat' dir='ltr'>ecclesiam</span> <span class='ocrx_word' id='word_1_85' title='bbox 629 1139 730 1203; x_wconf 91' lang='lat' dir='ltr'>sancti</span> <span class='ocrx_word' id='word_1_86' title='bbox 760 1137 936 1203; x_wconf 88' lang='lat' dir='ltr'>Clementis</span> <span class='ocrx_word' id='word_1_87' title='bbox 959 1140 1180 1208; x_wconf 89' lang='lat' dir='ltr'>Ferrariensis.</span> <span class='ocrx_word' id='word_1_88' title='bbox 1225 1149 1441 1212; x_wconf 88' lang='lat' dir='ltr'>Decernimus</span> <span class='ocrx_word' id='word_1_89' title='bbox 1472 1170 1560 1232; x_wconf 87' lang='lat' dir='ltr'>ergo,</span> <span class='ocrx_word' id='word_1_90' title='bbox 1593 1166 1628 1219; x_wconf 94' lang='lat' dir='ltr'>ut</span> <span class='ocrx_word' id='word_1_91' title='bbox 1658 1156 1734 1219; x_wconf 90' lang='lat' dir='ltr'>nulli</span> 
     </span>
     <span class='ocr_line' id='line_1_10' title="bbox 67 1230 1733 1325; baseline 0.006 -27"><span class='ocrx_word' id='word_1_92' title='bbox 67 1235 200 1299; x_wconf 87' lang='lat' dir='ltr'>omnino</span> <span class='ocrx_word' id='word_1_93' title='bbox 224 1231 397 1295; x_wconf 89' lang='lat' dir='ltr'>hominurn</span> <span class='ocrx_word' id='word_1_94' title='bbox 419 1230 525 1306; x_wconf 88' lang='lat' dir='ltr'>liceat,</span> <span class='ocrx_word' id='word_1_95' title='bbox 549 1231 772 1310; x_wconf 89' lang='lat' dir='ltr'>supradictum</span> <span class='ocrx_word' id='word_1_96' title='bbox 805 1232 1038 1294; x_wconf 89' lang='lat' dir='ltr'>monasterium</span> <span class='ocrx_word' id='word_1_97' title='bbox 1068 1240 1192 1297; x_wconf 91' lang='lat' dir='ltr'>temere</span> <span class='ocrx_word' id='word_1_98' title='bbox 1218 1237 1409 1317; x_wconf 88' lang='lat' dir='ltr'>perturbare</span> <span class='ocrx_word' id='word_1_99' title='bbox 1433 1287 1440 1300; x_wconf 91' lang='lat'><strong>.</strong></span> <span class='ocrx_word' id='word_1_100' title='bbox 1463 1287 1470 1300; x_wconf 93' lang='lat'>.</span> <span class='ocrx_word' id='word_1_101' title='bbox 1495 1290 1501 1303; x_wconf 95' lang='lat'><strong><em>.</em></strong></span> <span class='ocrx_word' id='word_1_102' title='bbox 1525 1289 1533 1302; x_wconf 92' lang='grc'><strong>.</strong></span> <span class='ocrx_word' id='word_1_103' title='bbox 1557 1244 1733 1325; x_wconf 84' lang='lat' dir='ltr'>profutura,</span> 
     </span>
     <span class='ocr_line' id='line_1_11' title="bbox 67 1317 1733 1403; baseline 0.007 -17"><span class='ocrx_word' id='word_1_104' title='bbox 67 1323 151 1387; x_wconf 85' lang='lat' dir='ltr'>salva</span> <span class='ocrx_word' id='word_1_105' title='bbox 179 1323 349 1386; x_wconf 89' lang='lat' dir='ltr'>diocesani</span> <span class='ocrx_word' id='word_1_106' title='bbox 380 1321 528 1402; x_wconf 88' lang='lat' dir='ltr'>episcopi</span> <span class='ocrx_word' id='word_1_107' title='bbox 560 1320 716 1382; x_wconf 88' lang='lat' dir='ltr'>canonica</span> <span class='ocrx_word' id='word_1_108' title='bbox 738 1319 869 1381; x_wconf 68' lang='lat' dir='ltr'>iustitia⁴</span> <span class='ocrx_word' id='word_1_109' title='bbox 915 1317 951 1381; x_wconf 90' lang='lat' dir='ltr'>Si</span> <span class='ocrx_word' id='word_1_110' title='bbox 983 1338 1048 1400; x_wconf 93' lang='lat' dir='ltr'>qua</span> <span class='ocrx_word' id='word_1_111' title='bbox 1076 1322 1234 1403; x_wconf 91' lang='lat' dir='ltr'>igitur..</span> <span class='ocrx_word' id='word_1_112' title='bbox 1260 1323 1456 1391; x_wconf 90' lang='lat' dir='ltr'>..Cunctis</span> <span class='ocrx_word' id='word_1_113' title='bbox 1484 1339 1593 1395; x_wconf 89' lang='lat' dir='ltr'>autem</span> <span class='ocrx_word' id='word_1_114' title='bbox 1625 1334 1733 1397; x_wconf 89' lang='lat' dir='ltr'>eidem</span> 
     </span>
     <span class='ocr_line' id='line_1_12' title="bbox 66 1407 1320 1476; baseline 0.001 0"><span class='ocrx_word' id='word_1_115' title='bbox 66 1413 138 1476; x_wconf 90' lang='lat' dir='ltr'>loco</span> <span class='ocrx_word' id='word_1_116' title='bbox 160 1431 223 1475; x_wconf 91' lang='lat' dir='ltr'>sua</span> <span class='ocrx_word' id='word_1_117' title='bbox 247 1413 316 1474; x_wconf 89' lang='lat' dir='ltr'>iura</span> <span class='ocrx_word' id='word_1_118' title='bbox 338 1409 543 1472; x_wconf 87' lang='lat' dir='ltr'>servantibus</span> <span class='ocrx_word' id='word_1_119' title='bbox 566 1455 574 1470; x_wconf 92' lang='lat'><strong>.</strong></span> <span class='ocrx_word' id='word_1_120' title='bbox 599 1457 605 1470; x_wconf 93' lang='lat'><strong>.</strong></span> <span class='ocrx_word' id='word_1_121' title='bbox 629 1455 637 1469; x_wconf 91' lang='lat'><strong>.</strong></span> <span class='ocrx_word' id='word_1_122' title='bbox 661 1408 833 1470; x_wconf 89' lang='lat' dir='ltr'>inveniant</span> <span class='ocrx_word' id='word_1_123' title='bbox 878 1407 998 1472; x_wconf 89' lang='lat' dir='ltr'>Amen.</span> <span class='ocrx_word' id='word_1_124' title='bbox 1021 1410 1110 1473; x_wconf 92' lang='lat' dir='ltr'>A-m.</span> <span class='ocrx_word' id='word_1_125' title='bbox 1133 1413 1252 1476; x_wconf 89' lang='lat' dir='ltr'>Amen.</span> <span class='ocrx_word' id='word_1_126' title='bbox 1276 1448 1320 1461; x_wconf 90' lang='lat'>-</span> 
     </span>
    </p>

    <p class='ocr_par' dir='ltr' id='par_1_3' title="bbox 279 1495 1341 1586">
     <span class='ocr_line' id='line_1_13' title="bbox 279 1495 1341 1586; baseline 0.006 -26"><span class='ocrx_word' id='word_1_127' title='bbox 279 1499 334 1577; x_wconf 85' lang='lat' dir='ltr'>(R)</span> <span class='ocrx_word' id='word_1_128' title='bbox 358 1499 431 1581; x_wconf 89' lang='lat' dir='ltr'>Ego</span> <span class='ocrx_word' id='word_1_129' title='bbox 454 1497 647 1560; x_wconf 86' lang='lat' dir='ltr'>Anastasius</span> <span class='ocrx_word' id='word_1_130' title='bbox 670 1495 831 1584; x_wconf 71' lang='lat' dir='ltr'>catholice</span> <span class='ocrx_word' id='word_1_131' title='bbox 854 1498 991 1586; x_wconf 72' lang='lat' dir='ltr'>ecclesie</span> <span class='ocrx_word' id='word_1_132' title='bbox 1014 1501 1191 1583; x_wconf 88' lang='lat' dir='ltr'>episcopus</span> <span class='ocrx_word' id='word_1_133' title='bbox 1214 1522 1255 1565; x_wconf 93' lang='lat' dir='ltr'>ss.</span> <span class='ocrx_word' id='word_1_134' title='bbox 1279 1504 1341 1581; x_wconf 81' lang='lat' dir='ltr'>(M)</span> 
     </span>
    </p>

    <p class='ocr_par' dir='ltr' id='par_1_4' title="bbox 280 1586 1123 1671">
     <span class='ocr_line' id='line_1_14' title="bbox 280 1586 1123 1671; baseline 0.001 -20"><span class='ocrx_word' id='word_1_135' title='bbox 280 1586 300 1671; x_wconf 91' lang='lat'><em>†</em></span> <span class='ocrx_word' id='word_1_136' title='bbox 323 1588 397 1669; x_wconf 87' lang='lat' dir='ltr'>Ego</span> <span class='ocrx_word' id='word_1_137' title='bbox 419 1586 560 1649; x_wconf 90' lang='lat' dir='ltr'>Ymarus</span> <span class='ocrx_word' id='word_1_138' title='bbox 583 1586 787 1650; x_wconf 89' lang='lat' dir='ltr'>Tusculanus</span> <span class='ocrx_word' id='word_1_139' title='bbox 810 1587 987 1669; x_wconf 91' lang='lat' dir='ltr'>episcopus</span> <span class='ocrx_word' id='word_1_140' title='bbox 1009 1608 1052 1650; x_wconf 92' lang='lat' dir='ltr'>ss.</span> <span class='ocrx_word' id='word_1_141' title='bbox 1076 1589 1123 1671; x_wconf 90' lang='lat'>(1)</span> 
     </span>
    </p>

    <p class='ocr_par' dir='ltr' id='par_1_5' title="bbox 279 1675 1062 1761">
     <span class='ocr_line' id='line_1_15' title="bbox 279 1675 1062 1761; baseline -0.003 -21"><span class='ocrx_word' id='word_1_142' title='bbox 279 1675 300 1760; x_wconf 86' lang='lat'><strong>†</strong></span> <span class='ocrx_word' id='word_1_143' title='bbox 323 1677 397 1759; x_wconf 91' lang='lat' dir='ltr'>Ego</span> <span class='ocrx_word' id='word_1_144' title='bbox 420 1676 518 1758; x_wconf 90' lang='lat' dir='ltr'>Hugo</span> <span class='ocrx_word' id='word_1_145' title='bbox 542 1675 725 1738; x_wconf 90' lang='lat' dir='ltr'>Hostiensis</span> <span class='ocrx_word' id='word_1_146' title='bbox 749 1676 925 1757; x_wconf 89' lang='lat' dir='ltr'>episcopus</span> <span class='ocrx_word' id='word_1_147' title='bbox 948 1697 990 1738; x_wconf 94' lang='lat' dir='ltr'>ss.</span> <span class='ocrx_word' id='word_1_148' title='bbox 1014 1676 1062 1761; x_wconf 87' lang='lat'>(9)</span> 
     </span>
    </p>

    <p class='ocr_par' dir='ltr' id='par_1_6' title="bbox 279 1762 1466 1851">
     <span class='ocr_line' id='line_1_16' title="bbox 279 1762 1466 1851; baseline 0.007 -24"><span class='ocrx_word' id='word_1_149' title='bbox 279 1801 324 1814; x_wconf 91' lang='lat'>—-</span> <span class='ocrx_word' id='word_1_150' title='bbox 347 1763 368 1848; x_wconf 86' lang='lat'>†</span> <span class='ocrx_word' id='word_1_151' title='bbox 391 1765 464 1847; x_wconf 89' lang='lat' dir='ltr'>Ego</span> <span class='ocrx_word' id='word_1_152' title='bbox 488 1762 762 1847; x_wconf 85' lang='lat' dir='ltr'>GG.(Gregorius)</span> <span class='ocrx_word' id='word_1_153' title='bbox 786 1764 946 1846; x_wconf 86' lang='lat' dir='ltr'>presbiter</span> <span class='ocrx_word' id='word_1_154' title='bbox 969 1768 1142 1831; x_wconf 90' lang='lat' dir='ltr'>cardinalis</span> <span class='ocrx_word' id='word_1_155' title='bbox 1161 1766 1190 1851; x_wconf 74' lang='lat' dir='ltr'>a)</span> <span class='ocrx_word' id='word_1_156' title='bbox 1214 1769 1260 1833; x_wconf 91' lang='lat' dir='ltr'>tit.</span> <span class='ocrx_word' id='word_1_157' title='bbox 1284 1770 1401 1834; x_wconf 88' lang='lat' dir='ltr'>Calixti</span> <span class='ocrx_word' id='word_1_158' title='bbox 1425 1793 1466 1835; x_wconf 91' lang='lat' dir='ltr'>ss.</span> 
     </span>
    </p>

    <p class='ocr_par' dir='ltr' id='par_1_7' title="bbox 278 1853 1399 1948">
     <span class='ocr_line' id='line_1_17' title="bbox 278 1853 1399 1948; baseline 0.007 -32"><span class='ocrx_word' id='word_1_159' title='bbox 278 1856 299 1939; x_wconf 92' lang='lat'>†</span> <span class='ocrx_word' id='word_1_160' title='bbox 321 1855 394 1937; x_wconf 87' lang='lat' dir='ltr'>Ego</span> <span class='ocrx_word' id='word_1_161' title='bbox 419 1853 608 1919; x_wconf 87' lang='lat' dir='ltr'>Mansredus</span> <span class='ocrx_word' id='word_1_162' title='bbox 631 1855 793 1937; x_wconf 88' lang='lat' dir='ltr'>presbiter</span> <span class='ocrx_word' id='word_1_163' title='bbox 817 1854 988 1917; x_wconf 89' lang='lat' dir='ltr'>cardinalis</span> <span class='ocrx_word' id='word_1_164' title='bbox 1012 1857 1057 1920; x_wconf 92' lang='lat' dir='ltr'>tit.</span> <span class='ocrx_word' id='word_1_165' title='bbox 1081 1865 1193 1946; x_wconf 68' lang='lat' dir='ltr'>sancte</span> <span class='ocrx_word' id='word_1_166' title='bbox 1215 1859 1336 1948; x_wconf 73' lang='lat' dir='ltr'>Savine</span> <span class='ocrx_word' id='word_1_167' title='bbox 1358 1881 1399 1924; x_wconf 91' lang='lat' dir='ltr'>ss.</span> 
     </span>
    </p>

    <p class='ocr_par' dir='ltr' id='par_1_8' title="bbox 279 1942 1437 2036">
     <span class='ocr_line' id='line_1_18' title="bbox 279 1942 1437 2036; baseline 0.006 -30"><span class='ocrx_word' id='word_1_168' title='bbox 279 1942 300 2027; x_wconf 86' lang='lat'>†</span> <span class='ocrx_word' id='word_1_169' title='bbox 323 1943 396 2026; x_wconf 90' lang='lat' dir='ltr'>Ego</span> <span class='ocrx_word' id='word_1_170' title='bbox 419 1943 593 2008; x_wconf 92' lang='lat' dir='ltr'>Aribertus</span> <span class='ocrx_word' id='word_1_171' title='bbox 617 1943 778 2025; x_wconf 88' lang='lat' dir='ltr'>presbiter</span> <span class='ocrx_word' id='word_1_172' title='bbox 801 1943 972 2006; x_wconf 91' lang='lat' dir='ltr'>cardinalis</span> <span class='ocrx_word' id='word_1_173' title='bbox 994 1946 1042 2008; x_wconf 92' lang='lat' dir='ltr'>tit.</span> <span class='ocrx_word' id='word_1_174' title='bbox 1065 1955 1177 2035; x_wconf 73' lang='lat' dir='ltr'>sancte</span> <span class='ocrx_word' id='word_1_175' title='bbox 1198 1946 1373 2036; x_wconf 70' lang='lat' dir='ltr'>Anastasie</span> <span class='ocrx_word' id='word_1_176' title='bbox 1396 1971 1437 2014; x_wconf 90' lang='lat' dir='ltr'>ss.</span> 
     </span>
    </p>

    <p class='ocr_par' dir='ltr' id='par_1_9' title="bbox 279 2031 1325 2116">
     <span class='ocr_line' id='line_1_19' title="bbox 279 2031 1325 2116; baseline 0.004 -20"><span class='ocrx_word' id='word_1_177' title='bbox 279 2031 300 2116; x_wconf 85' lang='lat'>†</span> <span class='ocrx_word' id='word_1_178' title='bbox 323 2033 395 2115; x_wconf 87' lang='lat' dir='ltr'>Ego</span> <span class='ocrx_word' id='word_1_179' title='bbox 419 2031 516 2096; x_wconf 91' lang='lat' dir='ltr'>lulius</span> <span class='ocrx_word' id='word_1_180' title='bbox 540 2033 701 2115; x_wconf 86' lang='lat' dir='ltr'>presbiter</span> <span class='ocrx_word' id='word_1_181' title='bbox 724 2032 896 2096; x_wconf 88' lang='lat' dir='ltr'>cardinalis</span> <span class='ocrx_word' id='word_1_182' title='bbox 918 2035 967 2096; x_wconf 86' lang='lat' dir='ltr'>tit.</span> <span class='ocrx_word' id='word_1_183' title='bbox 990 2035 1092 2097; x_wconf 85' lang='lat' dir='ltr'>sancti</span> <span class='ocrx_word' id='word_1_184' title='bbox 1114 2036 1261 2101; x_wconf 88' lang='lat' dir='ltr'>Marcelli</span> <span class='ocrx_word' id='word_1_185' title='bbox 1285 2057 1325 2101; x_wconf 90' lang='lat' dir='ltr'>ss.</span> 
     </span>
    </p>

    <p class='ocr_par' dir='ltr' id='par_1_10' title="bbox 279 2120 1398 2212">
     <span class='ocr_line' id='line_1_20' title="bbox 279 2120 1398 2212; baseline 0.005 -28"><span class='ocrx_word' id='word_1_186' title='bbox 279 2120 300 2205; x_wconf 80' lang='lat'><strong>†</strong></span> <span class='ocrx_word' id='word_1_187' title='bbox 323 2122 395 2204; x_wconf 91' lang='lat' dir='ltr'>Ego</span> <span class='ocrx_word' id='word_1_188' title='bbox 419 2120 592 2184; x_wconf 91' lang='lat' dir='ltr'>Hubaldus</span> <span class='ocrx_word' id='word_1_189' title='bbox 614 2121 778 2204; x_wconf 89' lang='lat' dir='ltr'>presbiter</span> <span class='ocrx_word' id='word_1_190' title='bbox 801 2121 973 2186; x_wconf 89' lang='lat' dir='ltr'>cardinalis</span> <span class='ocrx_word' id='word_1_191' title='bbox 995 2123 1041 2186; x_wconf 89' lang='lat' dir='ltr'>tit.</span> <span class='ocrx_word' id='word_1_192' title='bbox 1064 2120 1189 2209; x_wconf 72' lang='lat' dir='ltr'>slancte</span> <span class='ocrx_word' id='word_1_193' title='bbox 1212 2124 1333 2212; x_wconf 82' lang='lat' dir='ltr'>Crucis]</span> <span class='ocrx_word' id='word_1_194' title='bbox 1357 2147 1398 2191; x_wconf 92' lang='lat' dir='ltr'>ss.</span> 
     </span>
    </p>

    <p class='ocr_par' dir='ltr' id='par_1_11' title="bbox 278 2209 1472 2303">
     <span class='ocr_line' id='line_1_21' title="bbox 278 2209 1472 2303; baseline 0.004 -29"><span class='ocrx_word' id='word_1_195' title='bbox 278 2209 299 2294; x_wconf 86' lang='lat'><strong>†</strong></span> <span class='ocrx_word' id='word_1_196' title='bbox 322 2211 396 2293; x_wconf 91' lang='lat' dir='ltr'>Ego</span> <span class='ocrx_word' id='word_1_197' title='bbox 419 2210 578 2273; x_wconf 90' lang='lat' dir='ltr'>Iordanus</span> <span class='ocrx_word' id='word_1_198' title='bbox 601 2210 764 2294; x_wconf 89' lang='lat' dir='ltr'>presbiter</span> <span class='ocrx_word' id='word_1_199' title='bbox 787 2211 960 2274; x_wconf 90' lang='lat' dir='ltr'>cardinalis</span> <span class='ocrx_word' id='word_1_200' title='bbox 981 2214 1030 2276; x_wconf 90' lang='lat' dir='ltr'>tit.</span> <span class='ocrx_word' id='word_1_201' title='bbox 1052 2222 1163 2302; x_wconf 75' lang='lat' dir='ltr'>sancte</span> <span class='ocrx_word' id='word_1_202' title='bbox 1187 2211 1333 2303; x_wconf 70' lang='lat' dir='ltr'>Susanne</span> <span class='ocrx_word' id='word_1_203' title='bbox 1355 2237 1397 2279; x_wconf 88' lang='lat' dir='ltr'>ss.</span> <span class='ocrx_word' id='word_1_204' title='bbox 1422 2214 1472 2300; x_wconf 81' lang='lat'>(3)</span> 
     </span>
    </p>

    <p class='ocr_par' dir='ltr' id='par_1_12' title="bbox 278 2297 1731 2387">
     <span class='ocr_line' id='line_1_22' title="bbox 278 2297 1731 2387; baseline 0.005 -23"><span class='ocrx_word' id='word_1_205' title='bbox 278 2298 299 2383; x_wconf 87' lang='lat'>†</span> <span class='ocrx_word' id='word_1_206' title='bbox 322 2301 396 2382; x_wconf 86' lang='lat' dir='ltr'>Ego</span> <span class='ocrx_word' id='word_1_207' title='bbox 420 2297 586 2362; x_wconf 91' lang='lat' dir='ltr'>Gerardus</span> <span class='ocrx_word' id='word_1_208' title='bbox 617 2300 778 2382; x_wconf 87' lang='lat' dir='ltr'>presbiter</span> <span class='ocrx_word' id='word_1_209' title='bbox 808 2299 979 2363; x_wconf 89' lang='lat' dir='ltr'>cardinalis</span> <span class='ocrx_word' id='word_1_210' title='bbox 1008 2304 1056 2365; x_wconf 92' lang='lat' dir='ltr'>tit.</span> <span class='ocrx_word' id='word_1_211' title='bbox 1079 2304 1182 2367; x_wconf 88' lang='lat' dir='ltr'>sancti</span> <span class='ocrx_word' id='word_1_212' title='bbox 1204 2302 1361 2387; x_wconf 87' lang='lat' dir='ltr'>Stephani</span> <span class='ocrx_word' id='word_1_213' title='bbox 1385 2308 1417 2368; x_wconf 95' lang='lat' dir='ltr'>in</span> <span class='ocrx_word' id='word_1_214' title='bbox 1441 2306 1533 2370; x_wconf 89' lang='lat' dir='ltr'>Celio</span> <span class='ocrx_word' id='word_1_215' title='bbox 1556 2314 1668 2370; x_wconf 89' lang='lat' dir='ltr'>monte</span> <span class='ocrx_word' id='word_1_216' title='bbox 1690 2328 1731 2371; x_wconf 83' lang='lat' dir='ltr'>ss</span> 
     </span>
    </p>

    <p class='ocr_par' dir='ltr' id='par_1_13' title="bbox 278 2387 1643 2472">
     <span class='ocr_line' id='line_1_23' title="bbox 278 2387 1643 2472; baseline 0.004 -20"><span class='ocrx_word' id='word_1_217' title='bbox 278 2387 299 2472; x_wconf 86' lang='lat'>†</span> <span class='ocrx_word' id='word_1_218' title='bbox 322 2391 396 2471; x_wconf 89' lang='lat' dir='ltr'>Ego</span> <span class='ocrx_word' id='word_1_219' title='bbox 419 2387 580 2452; x_wconf 90' lang='lat' dir='ltr'>Henrieus</span> <span class='ocrx_word' id='word_1_220' title='bbox 604 2389 767 2470; x_wconf 88' lang='lat' dir='ltr'>presbiter</span> <span class='ocrx_word' id='word_1_221' title='bbox 789 2388 959 2452; x_wconf 89' lang='lat' dir='ltr'>cardinalis</span> <span class='ocrx_word' id='word_1_222' title='bbox 981 2391 1029 2453; x_wconf 86' lang='lat' dir='ltr'>tit</span> <span class='ocrx_word' id='word_1_223' title='bbox 1052 2400 1239 2457; x_wconf 90' lang='lat' dir='ltr'>sanctorum</span> <span class='ocrx_word' id='word_1_224' title='bbox 1263 2392 1361 2457; x_wconf 92' lang='lat' dir='ltr'>Nerei</span> <span class='ocrx_word' id='word_1_225' title='bbox 1384 2403 1417 2457; x_wconf 90' lang='lat' dir='ltr'>et</span> <span class='ocrx_word' id='word_1_226' title='bbox 1439 2393 1579 2459; x_wconf 91' lang='lat' dir='ltr'>Achillei</span> <span class='ocrx_word' id='word_1_227' title='bbox 1599 2415 1643 2458; x_wconf 93' lang='lat' dir='ltr'>ss.</span> 
     </span>
    </p>

    <p class='ocr_par' dir='ltr' id='par_1_14' title="bbox 277 2475 1651 2564">
     <span class='ocr_line' id='line_1_24' title="bbox 277 2475 1651 2564; baseline 0.005 -23"><span class='ocrx_word' id='word_1_228' title='bbox 277 2515 321 2525; x_wconf 95' lang='lat'>—</span> <span class='ocrx_word' id='word_1_229' title='bbox 343 2476 364 2561; x_wconf 85' lang='lat'>†</span> <span class='ocrx_word' id='word_1_230' title='bbox 387 2477 460 2560; x_wconf 88' lang='lat' dir='ltr'>Ego</span> <span class='ocrx_word' id='word_1_231' title='bbox 485 2475 562 2541; x_wconf 93' lang='lat' dir='ltr'>Odo</span> <span class='ocrx_word' id='word_1_232' title='bbox 586 2479 742 2542; x_wconf 90' lang='lat' dir='ltr'>diaconus</span> <span class='ocrx_word' id='word_1_233' title='bbox 766 2478 940 2542; x_wconf 91' lang='lat' dir='ltr'>cardinalis</span> <span class='ocrx_word' id='word_1_234' title='bbox 962 2483 1066 2543; x_wconf 88' lang='lat' dir='ltr'>sancti</span> <span class='ocrx_word' id='word_1_235' title='bbox 1090 2482 1223 2564; x_wconf 85' lang='lat' dir='ltr'>Georgii</span> <span class='ocrx_word' id='word_1_236' title='bbox 1246 2483 1286 2545; x_wconf 92' lang='lat' dir='ltr'>ad</span> <span class='ocrx_word' id='word_1_237' title='bbox 1309 2483 1429 2547; x_wconf 91' lang='lat' dir='ltr'>Velum</span> <span class='ocrx_word' id='word_1_238' title='bbox 1453 2505 1587 2549; x_wconf 87' lang='lat' dir='ltr'>aureum</span> <span class='ocrx_word' id='word_1_239' title='bbox 1609 2506 1651 2548; x_wconf 80' lang='lat' dir='ltr'>ss</span> 
     </span>
    </p>

    <p class='ocr_par' dir='ltr' id='par_1_15' title="bbox 277 2565 1437 2650">
     <span class='ocr_line' id='line_1_25' title="bbox 277 2565 1437 2650; baseline 0.007 -22"><span class='ocrx_word' id='word_1_240' title='bbox 277 2565 298 2650; x_wconf 86' lang='lat'>†</span> <span class='ocrx_word' id='word_1_241' title='bbox 321 2567 394 2650; x_wconf 89' lang='lat' dir='ltr'>Ego</span> <span class='ocrx_word' id='word_1_242' title='bbox 419 2565 528 2630; x_wconf 90' lang='lat' dir='ltr'>Guido</span> <span class='ocrx_word' id='word_1_243' title='bbox 551 2567 709 2631; x_wconf 91' lang='lat' dir='ltr'>diaconus</span> <span class='ocrx_word' id='word_1_244' title='bbox 731 2566 903 2630; x_wconf 88' lang='lat' dir='ltr'>cardinalis</span> <span class='ocrx_word' id='word_1_245' title='bbox 926 2576 1039 2632; x_wconf 89' lang='lat' dir='ltr'>sancte</span> <span class='ocrx_word' id='word_1_246' title='bbox 1062 2572 1165 2634; x_wconf 90' lang='lat' dir='ltr'>Marie</span> <span class='ocrx_word' id='word_1_247' title='bbox 1189 2573 1221 2633; x_wconf 92' lang='lat' dir='ltr'>in</span> <span class='ocrx_word' id='word_1_248' title='bbox 1244 2571 1373 2636; x_wconf 88' lang='lat' dir='ltr'>Porticu</span> <span class='ocrx_word' id='word_1_249' title='bbox 1396 2592 1437 2636; x_wconf 88' lang='lat' dir='ltr'>ss.</span> 
     </span>
    </p>

    <p class='ocr_par' dir='ltr' id='par_1_16' title="bbox 276 2655 1527 2746">
     <span class='ocr_line' id='line_1_26' title="bbox 276 2655 1527 2746; baseline 0.006 -28"><span class='ocrx_word' id='word_1_250' title='bbox 276 2658 297 2739; x_wconf 87' lang='lat'>†</span> <span class='ocrx_word' id='word_1_251' title='bbox 319 2655 393 2739; x_wconf 90' lang='lat' dir='ltr'>Ego</span> <span class='ocrx_word' id='word_1_252' title='bbox 416 2657 557 2719; x_wconf 88' lang='lat' dir='ltr'>lacintus</span> <span class='ocrx_word' id='word_1_253' title='bbox 581 2657 736 2720; x_wconf 87' lang='lat' dir='ltr'>diaconus</span> <span class='ocrx_word' id='word_1_254' title='bbox 760 2655 931 2720; x_wconf 89' lang='lat' dir='ltr'>cardinalis</span> <span class='ocrx_word' id='word_1_255' title='bbox 954 2667 1066 2721; x_wconf 88' lang='lat' dir='ltr'>sancte</span> <span class='ocrx_word' id='word_1_256' title='bbox 1089 2659 1193 2723; x_wconf 92' lang='lat' dir='ltr'>Marie</span> <span class='ocrx_word' id='word_1_257' title='bbox 1215 2661 1248 2723; x_wconf 91' lang='lat' dir='ltr'>in</span> <span class='ocrx_word' id='word_1_258' title='bbox 1272 2657 1464 2746; x_wconf 89' lang='lat' dir='ltr'>Cosmydyn</span> <span class='ocrx_word' id='word_1_259' title='bbox 1486 2683 1527 2725; x_wconf 89' lang='lat' dir='ltr'>ss.</span> 
     </span>
    </p>

    <p class='ocr_par' dir='ltr' id='par_1_17' title="bbox 276 2744 1536 2831">
     <span class='ocr_line' id='line_1_27' title="bbox 276 2744 1536 2831; baseline 0.005 -23"><span class='ocrx_word' id='word_1_260' title='bbox 276 2747 297 2828; x_wconf 87' lang='lat'>†</span> <span class='ocrx_word' id='word_1_261' title='bbox 320 2745 393 2828; x_wconf 88' lang='lat' dir='ltr'>Ego</span> <span class='ocrx_word' id='word_1_262' title='bbox 416 2744 578 2808; x_wconf 90' lang='lat' dir='ltr'>Iohannes</span> <span class='ocrx_word' id='word_1_263' title='bbox 603 2747 759 2810; x_wconf 89' lang='lat' dir='ltr'>diaconus</span> <span class='ocrx_word' id='word_1_264' title='bbox 782 2745 954 2809; x_wconf 89' lang='lat' dir='ltr'>cardinalis</span> <span class='ocrx_word' id='word_1_265' title='bbox 976 2756 1163 2811; x_wconf 90' lang='lat' dir='ltr'>sanctorum</span> <span class='ocrx_word' id='word_1_266' title='bbox 1187 2747 1292 2831; x_wconf 84' lang='lat' dir='ltr'>Sergii</span> <span class='ocrx_word' id='word_1_267' title='bbox 1317 2758 1350 2812; x_wconf 86' lang='lat' dir='ltr'>et</span> <span class='ocrx_word' id='word_1_268' title='bbox 1372 2751 1472 2814; x_wconf 90' lang='lat' dir='ltr'>Bachi</span> <span class='ocrx_word' id='word_1_269' title='bbox 1493 2772 1536 2814; x_wconf 88' lang='lat' dir='ltr'>ss.</span> 
     </span>
    </p>

    <p class='ocr_par' dir='ltr' id='par_1_18' title="bbox 276 2833 1510 2926">
     <span class='ocr_line' id='line_1_28' title="bbox 276 2833 1510 2926; baseline 0.007 -31"><span class='ocrx_word' id='word_1_270' title='bbox 276 2836 296 2918; x_wconf 90' lang='lat'>†</span> <span class='ocrx_word' id='word_1_271' title='bbox 320 2833 393 2917; x_wconf 91' lang='lat' dir='ltr'>Ego</span> <span class='ocrx_word' id='word_1_272' title='bbox 418 2833 582 2897; x_wconf 90' lang='lat' dir='ltr'>Gerardus</span> <span class='ocrx_word' id='word_1_273' title='bbox 604 2836 762 2899; x_wconf 91' lang='lat' dir='ltr'>diaconus</span> <span class='ocrx_word' id='word_1_274' title='bbox 786 2834 956 2898; x_wconf 90' lang='lat' dir='ltr'>cardinalis</span> <span class='ocrx_word' id='word_1_275' title='bbox 979 2845 1090 2925; x_wconf 68' lang='lat' dir='ltr'>sancte</span> <span class='ocrx_word' id='word_1_276' title='bbox 1113 2837 1215 2926; x_wconf 73' lang='lat' dir='ltr'>Marie</span> <span class='ocrx_word' id='word_1_277' title='bbox 1238 2840 1270 2901; x_wconf 91' lang='lat' dir='ltr'>in</span> <span class='ocrx_word' id='word_1_278' title='bbox 1293 2837 1357 2902; x_wconf 89' lang='lat' dir='ltr'>Via</span> <span class='ocrx_word' id='word_1_279' title='bbox 1379 2840 1446 2903; x_wconf 90' lang='lat' dir='ltr'>lata</span> <span class='ocrx_word' id='word_1_280' title='bbox 1468 2861 1510 2904; x_wconf 92' lang='lat' dir='ltr'>ss.</span> 
     </span>
    </p>

    <p class='ocr_par' dir='ltr' id='par_1_19' title="bbox 275 2922 1584 3012">
     <span class='ocr_line' id='line_1_29' title="bbox 275 2922 1584 3012; baseline 0.005 -25"><span class='ocrx_word' id='word_1_281' title='bbox 275 2924 297 3005; x_wconf 83' lang='lat'><em>†</em></span> <span class='ocrx_word' id='word_1_282' title='bbox 319 2925 393 3006; x_wconf 87' lang='lat' dir='ltr'>Ego</span> <span class='ocrx_word' id='word_1_283' title='bbox 416 2924 571 2986; x_wconf 89' lang='lat' dir='ltr'>diaconus</span> <span class='ocrx_word' id='word_1_284' title='bbox 594 2924 763 2988; x_wconf 89' lang='lat' dir='ltr'>cardinalis</span> <span class='ocrx_word' id='word_1_285' title='bbox 786 2924 887 2987; x_wconf 87' lang='lat' dir='ltr'>sancti</span> <span class='ocrx_word' id='word_1_286' title='bbox 910 2922 1062 2989; x_wconf 90' lang='lat' dir='ltr'>Nicholai</span> <span class='ocrx_word' id='word_1_287' title='bbox 1086 2928 1118 2990; x_wconf 92' lang='lat' dir='ltr'>in</span> <span class='ocrx_word' id='word_1_288' title='bbox 1141 2947 1271 2990; x_wconf 89' lang='lat' dir='ltr'>carcere</span> <span class='ocrx_word' id='word_1_289' title='bbox 1294 2928 1447 2992; x_wconf 92' lang='lat' dir='ltr'>Tulliano</span> <span class='ocrx_word' id='word_1_290' title='bbox 1471 2950 1512 2992; x_wconf 92' lang='lat' dir='ltr'>ss.</span> <span class='ocrx_word' id='word_1_291' title='bbox 1536 2925 1584 3012; x_wconf 81' lang='grc'>(5)</span> 
     </span>
    </p>

    <p class='ocr_par' dir='ltr' id='par_1_20' title="bbox 220 3011 1729 3106">
     <span class='ocr_line' id='line_1_30' title="bbox 220 3011 1729 3106; baseline 0.003 -32"><span class='ocrx_word' id='word_1_292' title='bbox 220 3011 300 3076; x_wconf 91' lang='lat' dir='ltr'>Dat.</span> <span class='ocrx_word' id='word_1_293' title='bbox 315 3013 478 3088; x_wconf 89' lang='lat' dir='ltr'>Laterani,</span> <span class='ocrx_word' id='word_1_294' title='bbox 502 3032 562 3094; x_wconf 90' lang='lat' dir='ltr'>per</span> <span class='ocrx_word' id='word_1_295' title='bbox 583 3033 714 3076; x_wconf 91' lang='lat' dir='ltr'>manum</span> <span class='ocrx_word' id='word_1_296' title='bbox 734 3013 882 3088; x_wconf 90' lang='lat' dir='ltr'>Rolandi,</span> <span class='ocrx_word' id='word_1_297' title='bbox 905 3023 1017 3078; x_wconf 92' lang='lat' dir='ltr'>sancte</span> <span class='ocrx_word' id='word_1_298' title='bbox 1032 3014 1181 3104; x_wconf 70' lang='lat' dir='ltr'>Romane</span> <span class='ocrx_word' id='word_1_299' title='bbox 1204 3016 1340 3106; x_wconf 71' lang='lat' dir='ltr'>ecclesie</span> <span class='ocrx_word' id='word_1_300' title='bbox 1364 3018 1535 3100; x_wconf 91' lang='lat' dir='ltr'>presbiteri</span> <span class='ocrx_word' id='word_1_301' title='bbox 1559 3016 1729 3080; x_wconf 92' lang='lat' dir='ltr'>cardinalis</span> 
     </span>
    </p>

    <p class='ocr_par' dir='ltr' id='par_1_21' title="bbox 69 3101 1729 3276">
     <span class='ocr_line' id='line_1_31' title="bbox 69 3101 1729 3172; baseline 0.006 -14"><span class='ocrx_word' id='word_1_302' title='bbox 69 3104 99 3158; x_wconf 88' lang='lat' dir='ltr'>et</span> <span class='ocrx_word' id='word_1_303' title='bbox 119 3101 311 3164; x_wconf 86' lang='lat' dir='ltr'>cancellarii.</span> <span class='ocrx_word' id='word_1_304' title='bbox 350 3115 400 3165; x_wconf 84' lang='lat' dir='ltr'>vn</span> <span class='ocrx_word' id='word_1_305' title='bbox 414 3101 461 3164; x_wconf 87' lang='lat' dir='ltr'>ld.</span> <span class='ocrx_word' id='word_1_306' title='bbox 478 3101 636 3165; x_wconf 90' lang='lat' dir='ltr'>Decemb.</span> <span class='ocrx_word' id='word_1_307' title='bbox 673 3102 856 3166; x_wconf 89' lang='lat' dir='ltr'>Indictione</span> <span class='ocrx_word' id='word_1_308' title='bbox 879 3105 1030 3167; x_wconf 89' lang='lat' dir='ltr'>secunda.</span> <span class='ocrx_word' id='word_1_309' title='bbox 1068 3104 1302 3169; x_wconf 88' lang='lat' dir='ltr'>Incarnationis</span> <span class='ocrx_word' id='word_1_310' title='bbox 1326 3108 1487 3172; x_wconf 89' lang='lat' dir='ltr'>dominice</span> <span class='ocrx_word' id='word_1_311' title='bbox 1509 3128 1593 3171; x_wconf 91' lang='lat' dir='ltr'>anno</span> <span class='ocrx_word' id='word_1_312' title='bbox 1609 3119 1729 3170; x_wconf 84' lang='lat' dir='ltr'>MCL111.</span> 
     </span>
     <span class='ocr_line' id='line_1_32' title="bbox 70 3184 1205 3276; baseline 0.01 -28"><span class='ocrx_word' id='word_1_313' title='bbox 70 3184 277 3253; x_wconf 85' lang='lat' dir='ltr'>Pontificatus</span> <span class='ocrx_word' id='word_1_314' title='bbox 298 3211 378 3254; x_wconf 90' lang='lat' dir='ltr'>vero</span> <span class='ocrx_word' id='word_1_315' title='bbox 401 3192 515 3254; x_wconf 92' lang='lat' dir='ltr'>domni</span> <span class='ocrx_word' id='word_1_316' title='bbox 538 3191 732 3255; x_wconf 79' lang='lat' dir='ltr'>ANASTASII</span> <span class='ocrx_word' id='word_1_317' title='bbox 754 3191 814 3254; x_wconf 89' lang='grc' dir='ltr'>ΡΡ.</span> <span class='ocrx_word' id='word_1_318' title='bbox 839 3206 892 3255; x_wconf 83' lang='lat'>1111</span> <span class='ocrx_word' id='word_1_319' title='bbox 913 3212 999 3256; x_wconf 90' lang='lat' dir='ltr'>anno</span> <span class='ocrx_word' id='word_1_320' title='bbox 1023 3195 1140 3276; x_wconf 89' lang='lat' dir='ltr'>primo.</span> <span class='ocrx_word' id='word_1_321' title='bbox 1165 3230 1205 3240; x_wconf 95' lang='lat'><em>-</em></span> 
     </span>
    </p>
   </div>
   <div class='ocr_carea' id='block_1_3' title="bbox 68 3303 1732 3873">
    <p class='ocr_par' dir='ltr' id='par_1_22' title="bbox 223 3303 762 3373">
     <span class='ocr_line' id='line_1_33' title="bbox 223 3303 762 3373; baseline 0.006 -19"><span class='ocrx_word' id='word_1_322' title='bbox 223 3305 268 3354; x_wconf 88' lang='lat' dir='ltr'>Or.</span> <span class='ocrx_word' id='word_1_323' title='bbox 287 3303 321 3355; x_wconf 83' lang='lat' dir='ltr'>im</span> <span class='ocrx_word' id='word_1_324' title='bbox 339 3305 453 3355; x_wconf 65' lang='lat' dir='ltr'>Archabis</span> <span class='ocrx_word' id='word_1_325' title='bbox 470 3305 498 3354; x_wconf 84' lang='lat' dir='ltr'>di</span> <span class='ocrx_word' id='word_1_326' title='bbox 513 3305 581 3354; x_wconf 77' lang='lat' dir='ltr'>Statu</span> <span class='ocrx_word' id='word_1_327' title='bbox 597 3322 627 3354; x_wconf 81' lang='lat' dir='ltr'>au</span> <span class='ocrx_word' id='word_1_328' title='bbox 645 3307 762 3373; x_wconf 83' lang='lat' dir='ltr'>Bologna.</span> 
     </span>
    </p>

    <p class='ocr_par' dir='ltr' id='par_1_23' title="bbox 68 3377 1732 3873">
     <span class='ocr_line' id='line_1_34' title="bbox 221 3377 1730 3448; baseline 0.003 -23"><span class='ocrx_word' id='word_1_329' title='bbox 221 3377 292 3442; x_wconf 83' lang='lat' dir='ltr'>Perg.</span> <span class='ocrx_word' id='word_1_330' title='bbox 312 3378 372 3437; x_wconf 81' lang='lat' dir='ltr'>ital,</span> <span class='ocrx_word' id='word_1_331' title='bbox 395 3377 429 3427; x_wconf 82' lang='lat' dir='ltr'>br.</span> <span class='ocrx_word' id='word_1_332' title='bbox 448 3378 534 3437; x_wconf 84' lang='lat'>0,595,</span> <span class='ocrx_word' id='word_1_333' title='bbox 558 3378 619 3443; x_wconf 77' lang='lat' dir='ltr'>lang</span> <span class='ocrx_word' id='word_1_334' title='bbox 635 3381 687 3438; x_wconf 84' lang='lat'>0,7,</span> <span class='ocrx_word' id='word_1_335' title='bbox 711 3386 786 3428; x_wconf 73' lang='lat' dir='ltr'>men</span> <span class='ocrx_word' id='word_1_336' title='bbox 803 3380 882 3439; x_wconf 83' lang='grc'><strong><em>0,038</em></strong></span> <span class='ocrx_word' id='word_1_337' title='bbox 906 3378 1102 3445; x_wconf 83' lang='lat' dir='ltr'>umgcschlagen,</span> <span class='ocrx_word' id='word_1_338' title='bbox 1127 3381 1205 3430; x_wconf 76' lang='lat' dir='ltr'>durch</span> <span class='ocrx_word' id='word_1_339' title='bbox 1222 3384 1239 3432; x_wconf 77' lang='lat'><em>2</em></span> <span class='ocrx_word' id='word_1_340' title='bbox 1258 3383 1349 3432; x_wconf 76' lang='lat' dir='ltr'>Lo&#39;cher</span> <span class='ocrx_word' id='word_1_341' title='bbox 1367 3381 1430 3448; x_wconf 82' lang='lat' dir='ltr'>gr&#39;ng</span> <span class='ocrx_word' id='word_1_342' title='bbox 1452 3381 1490 3431; x_wconf 79' lang='lat' dir='ltr'>die</span> <span class='ocrx_word' id='word_1_343' title='bbox 1513 3381 1617 3442; x_wconf 79' lang='lat' dir='ltr'>Srhrmr,</span> <span class='ocrx_word' id='word_1_344' title='bbox 1644 3382 1730 3431; x_wconf 81' lang='lat' dir='ltr'>welche</span> 
     </span>
     <span class='ocr_line' id='line_1_35' title="bbox 70 3443 1728 3519; baseline 0.004 -24"><span class='ocrx_word' id='word_1_345' title='bbox 70 3443 108 3492; x_wconf 67' lang='grc' dir='ltr'><em>ηυῖ</em></span> <span class='ocrx_word' id='word_1_346' title='bbox 129 3446 179 3495; x_wconf 83' lang='lat' dir='ltr'>dem</span> <span class='ocrx_word' id='word_1_347' title='bbox 205 3449 264 3497; x_wconf 81' lang='lat' dir='ltr'>Bler‘</span> <span class='ocrx_word' id='word_1_348' title='bbox 287 3451 401 3498; x_wconf 79' lang='lat' dir='ltr'>verlonn.</span> <span class='ocrx_word' id='word_1_349' title='bbox 448 3449 556 3514; x_wconf 82' lang='lat' dir='ltr'>Faltung</span> <span class='ocrx_word' id='word_1_350' title='bbox 578 3450 622 3498; x_wconf 83' lang='lat' dir='ltr'>der</span> <span class='ocrx_word' id='word_1_351' title='bbox 648 3451 744 3500; x_wconf 85' lang='lat' dir='ltr'>Bullen.</span> <span class='ocrx_word' id='word_1_352' title='bbox 782 3451 836 3499; x_wconf 84' lang='lat' dir='ltr'>Der</span> <span class='ocrx_word' id='word_1_353' title='bbox 867 3451 1036 3515; x_wconf 71' lang='lat' dir='ltr'>Hauprkurper</span> <span class='ocrx_word' id='word_1_354' title='bbox 1059 3452 1127 3516; x_wconf 70' lang='lat' dir='ltr'>srillt</span> <span class='ocrx_word' id='word_1_355' title='bbox 1154 3469 1205 3501; x_wconf 83' lang='lat' dir='ltr'>nur</span> <span class='ocrx_word' id='word_1_356' title='bbox 1231 3457 1318 3513; x_wconf 77' lang='grc'><strong><em>0,395.</em></strong></span> <span class='ocrx_word' id='word_1_357' title='bbox 1360 3453 1516 3519; x_wconf 76' lang='lat' dir='ltr'>Vererm&#39;gung</span> <span class='ocrx_word' id='word_1_358' title='bbox 1537 3454 1582 3504; x_wconf 81' lang='lat' dir='ltr'>Nr.</span> <span class='ocrx_word' id='word_1_359' title='bbox 1611 3454 1675 3518; x_wconf 75' lang='lat' dir='ltr'>2J¹¹</span> <span class='ocrx_word' id='word_1_360' title='bbox 1684 3454 1728 3502; x_wconf 83' lang='grc' dir='ltr'>ΡΙ.</span> 
     </span>
     <span class='ocr_line' id='line_1_36' title="bbox 69 3517 1732 3590; baseline 0.006 -27"><span class='ocrx_word' id='word_1_361' title='bbox 69 3517 124 3564; x_wconf 80' lang='lat' dir='ltr'>Rota</span> <span class='ocrx_word' id='word_1_362' title='bbox 144 3518 190 3566; x_wconf 87' lang='lat' dir='ltr'>Nr.</span> <span class='ocrx_word' id='word_1_363' title='bbox 210 3522 235 3579; x_wconf 89' lang='lat'>1,</span> <span class='ocrx_word' id='word_1_364' title='bbox 262 3520 295 3568; x_wconf 85' lang='lat' dir='ltr'>im</span> <span class='ocrx_word' id='word_1_365' title='bbox 318 3519 494 3569; x_wconf 76' lang='lat' dir='ltr'>Durchmesser</span> <span class='ocrx_word' id='word_1_366' title='bbox 515 3521 603 3580; x_wconf 85' lang='lat' dir='ltr'>0,0dl.</span> <span class='ocrx_word' id='word_1_367' title='bbox 640 3521 810 3588; x_wconf 80' lang='lat' dir='ltr'>Momgramm</span> <span class='ocrx_word' id='word_1_368' title='bbox 837 3521 934 3586; x_wconf 80' lang='lat' dir='ltr'>Gruppr</span> <span class='ocrx_word' id='word_1_369' title='bbox 953 3526 977 3582; x_wconf 76' lang='lat'>4,</span> <span class='ocrx_word' id='word_1_370' title='bbox 1004 3523 1064 3570; x_wconf 72' lang='lat' dir='ltr'>loch</span> <span class='ocrx_word' id='word_1_371' title='bbox 1089 3526 1181 3588; x_wconf 82' lang='lat'>0,062,</span> <span class='ocrx_word' id='word_1_372' title='bbox 1212 3525 1272 3574; x_wconf 78' lang='lat' dir='ltr'>dreit</span> <span class='ocrx_word' id='word_1_373' title='bbox 1295 3527 1382 3586; x_wconf 88' lang='lat' dir='ltr'>o‚033.</span> <span class='ocrx_word' id='word_1_374' title='bbox 1418 3525 1566 3590; x_wconf 75' lang='lat' dir='ltr'>Ringkrnca,</span> <span class='ocrx_word' id='word_1_375' title='bbox 1593 3525 1652 3574; x_wconf 87' lang='lat' dir='ltr'>Um·</span> <span class='ocrx_word' id='word_1_376' title='bbox 1675 3525 1732 3573; x_wconf 84' lang='lat' dir='ltr'>und</span> 
     </span>
     <span class='ocr_line' id='line_1_37' title="bbox 73 3586 1730 3662; baseline 0.005 -26"><span class='ocrx_word' id='word_1_377' title='bbox 73 3586 229 3654; x_wconf 76' lang='lat' dir='ltr'>Untrrsrkn&#39;ft</span> <span class='ocrx_word' id='word_1_378' title='bbox 245 3591 443 3642; x_wconf 79' lang='lat' dir='ltr'>drmklereDr&#39;nte</span> <span class='ocrx_word' id='word_1_379' title='bbox 460 3594 497 3640; x_wconf 78' lang='lat' dir='ltr'>atr</span> <span class='ocrx_word' id='word_1_380' title='bbox 515 3592 641 3658; x_wconf 76' lang='lat' dir='ltr'>Imchn&#39;fl,</span> <span class='ocrx_word' id='word_1_381' title='bbox 658 3593 794 3659; x_wconf 71' lang='lat' dir='ltr'>Ringkrms</span> <span class='ocrx_word' id='word_1_382' title='bbox 811 3593 939 3643; x_wconf 82' lang='lat' dir='ltr'>schwcrere</span> <span class='ocrx_word' id='word_1_383' title='bbox 955 3594 1039 3644; x_wconf 82' lang='lat' dir='ltr'>Hand.</span> <span class='ocrx_word' id='word_1_384' title='bbox 1058 3595 1187 3661; x_wconf 81' lang='lat' dir='ltr'>Datimng</span> <span class='ocrx_word' id='word_1_385' title='bbox 1201 3612 1256 3646; x_wconf 85' lang='lat' dir='ltr'>vom</span> <span class='ocrx_word' id='word_1_386' title='bbox 1273 3597 1561 3662; x_wconf 71' lang='lat' dir='ltr'>Haupikdrperschrer&#39;ber,</span> <span class='ocrx_word' id='word_1_387' title='bbox 1579 3598 1602 3646; x_wconf 91' lang='lat' dir='ltr'>R</span> <span class='ocrx_word' id='word_1_388' title='bbox 1621 3597 1730 3646; x_wconf 77' lang='lat' dir='ltr'>lr&#39;olands</span> 
     </span>
     <span class='ocr_line' id='line_1_38' title="bbox 69 3657 1729 3732; baseline 0.006 -24"><span class='ocrx_word' id='word_1_389' title='bbox 69 3657 134 3708; x_wconf 68' lang='lat' dir='ltr'>daria</span> <span class='ocrx_word' id='word_1_390' title='bbox 154 3662 347 3728; x_wconf 72' lang='lat' dir='ltr'>nachgetragm,</span> <span class='ocrx_word' id='word_1_391' title='bbox 372 3663 439 3712; x_wconf 79' lang='lat' dir='ltr'>wohl</span> <span class='ocrx_word' id='word_1_392' title='bbox 459 3679 507 3712; x_wconf 79' lang='lat' dir='ltr'>von</span> <span class='ocrx_word' id='word_1_393' title='bbox 524 3663 605 3713; x_wconf 79' lang='lat' dir='ltr'>Hand</span> <span class='ocrx_word' id='word_1_394' title='bbox 625 3664 681 3713; x_wconf 84' lang='lat' dir='ltr'>und</span> <span class='ocrx_word' id='word_1_395' title='bbox 695 3665 771 3714; x_wconf 74' lang='lat' dir='ltr'>Dinte</span> <span class='ocrx_word' id='word_1_396' title='bbox 789 3665 833 3714; x_wconf 87' lang='lat' dir='ltr'>der</span> <span class='ocrx_word' id='word_1_397' title='bbox 853 3665 994 3731; x_wconf 76' lang='lat' dir='ltr'>Unuchrifl.</span> <span class='ocrx_word' id='word_1_398' title='bbox 1031 3666 1211 3732; x_wconf 77' lang='lat' dir='ltr'>Zeugmſsrmen</span> <span class='ocrx_word' id='word_1_399' title='bbox 1231 3668 1324 3717; x_wconf 74' lang='lat' dir='ltr'>n&#39;thren</span> <span class='ocrx_word' id='word_1_400' title='bbox 1346 3668 1469 3718; x_wconf 73' lang='lat' dir='ltr'>theihoer&#39;se</span> <span class='ocrx_word' id='word_1_401' title='bbox 1485 3684 1533 3717; x_wconf 82' lang='lat' dir='ltr'>von</span> <span class='ocrx_word' id='word_1_402' title='bbox 1550 3668 1729 3718; x_wconf 77' lang='lat' dir='ltr'>verschiedenm</span> 
     </span>
     <span class='ocr_line' id='line_1_39' title="bbox 68 3728 1728 3806; baseline 0.004 -24"><span class='ocrx_word' id='word_1_403' title='bbox 68 3728 167 3780; x_wconf 63' lang='lat' dir='ltr'>Hindm</span> <span class='ocrx_word' id='word_1_404' title='bbox 184 3733 234 3784; x_wconf 75' lang='lat' dir='ltr'>ber.</span> <span class='ocrx_word' id='word_1_405' title='bbox 276 3735 353 3784; x_wconf 83' lang='lat' dir='ltr'>Unter</span> <span class='ocrx_word' id='word_1_406' title='bbox 374 3735 417 3784; x_wconf 79' lang='lat' dir='ltr'>der</span> <span class='ocrx_word' id='word_1_407' title='bbox 434 3735 563 3800; x_wconf 74' lang='lat' dir='ltr'>Datinorg</span> <span class='ocrx_word' id='word_1_408' title='bbox 585 3735 649 3784; x_wconf 81' lang='lat' dir='ltr'>links</span> <span class='ocrx_word' id='word_1_409' title='bbox 672 3736 735 3785; x_wconf 76' lang='lat' dir='ltr'>steht</span> <span class='ocrx_word' id='word_1_410' title='bbox 757 3735 794 3784; x_wconf 81' lang='lat' dir='ltr'>die</span> <span class='ocrx_word' id='word_1_411' title='bbox 811 3736 900 3786; x_wconf 81' lang='lat' dir='ltr'>Firma</span> <span class='ocrx_word' id='word_1_412' title='bbox 926 3737 966 3787; x_wconf 81' lang='lat' dir='ltr'>der</span> <span class='ocrx_word' id='word_1_413' title='bbox 986 3737 1121 3803; x_wconf 79' lang='lat' dir='ltr'>Presbyters</span> <span class='ocrx_word' id='word_1_414' title='bbox 1144 3738 1262 3788; x_wconf 74' lang='lat' dir='ltr'>Heinrich</span> <span class='ocrx_word' id='word_1_415' title='bbox 1285 3739 1347 3790; x_wconf 72' lang='lat' dir='ltr'>noch</span> <span class='ocrx_word' id='word_1_416' title='bbox 1372 3741 1464 3790; x_wconf 67' lang='lat' dir='ltr'>cml</span> <span class='ocrx_word' id='word_1_417' title='bbox 1484 3739 1650 3806; x_wconf 79' lang='lat' dir='ltr'>ringetragen,</span> <span class='ocrx_word' id='word_1_418' title='bbox 1674 3755 1728 3790; x_wconf 82' lang='lat' dir='ltr'>vcr-</span> 
     </span>
     <span class='ocr_line' id='line_1_40' title="bbox 69 3801 822 3873; baseline 0.012 -24"><span class='ocrx_word' id='word_1_419' title='bbox 69 3801 128 3851; x_wconf 76' lang='lat' dir='ltr'>deckt</span> <span class='ocrx_word' id='word_1_420' title='bbox 147 3820 201 3854; x_wconf 82' lang='lat' dir='ltr'>vom</span> <span class='ocrx_word' id='word_1_421' title='bbox 224 3805 450 3873; x_wconf 80' lang='lat' dir='ltr'>Umgeschlogerren,</span> <span class='ocrx_word' id='word_1_422' title='bbox 468 3807 535 3856; x_wconf 78' lang='lat' dir='ltr'>wohl</span> <span class='ocrx_word' id='word_1_423' title='bbox 549 3822 598 3857; x_wconf 82' lang='lat' dir='ltr'>von</span> <span class='ocrx_word' id='word_1_424' title='bbox 615 3810 720 3873; x_wconf 65' lang='lat' dir='ltr'>sperner</span> <span class='ocrx_word' id='word_1_425' title='bbox 736 3807 822 3861; x_wconf 81' lang='lat' dir='ltr'>Hand.</span> 
     </span>
    </p>
   </div>
   <div class='ocr_carea' id='block_1_4' title="bbox 804 4091 986 4168">
    <p class='ocr_par' dir='ltr' id='par_1_24' title="bbox 804 4091 986 4168">
     <span class='ocr_line' id='line_1_41' title="bbox 804 4091 986 4168; baseline 0.005 -1"><span class='ocrx_word' id='word_1_426' title='bbox 804 4091 871 4167; x_wconf 87' lang='lat' dir='ltr'>Nr.</span> <span class='ocrx_word' id='word_1_427' title='bbox 902 4095 986 4168; x_wconf 81' lang='lat'><strong>124.</strong></span> 
     </span>
    </p>
   </div>
   <div class='ocr_carea' id='block_1_5' title="bbox 70 4215 1731 4468">
    <p class='ocr_par' dir='ltr' id='par_1_25' title="bbox 70 4215 1731 4468">
     <span class='ocr_line' id='line_1_42' title="bbox 70 4215 1731 4312; baseline 0.007 -28"><span class='ocrx_word' id='word_1_428' title='bbox 70 4215 259 4286; x_wconf 81' lang='lat' dir='ltr'>Anastasius</span> <span class='ocrx_word' id='word_1_429' title='bbox 274 4222 298 4285; x_wconf 90' lang='lat' dir='ltr'><em>I</em></span> <span class='ocrx_word' id='word_1_430' title='bbox 304 4223 336 4286; x_wconf 91' lang='lat' dir='ltr'><em>V</em></span> <span class='ocrx_word' id='word_1_431' title='bbox 340 4221 457 4286; x_wconf 83' lang='lat' dir='ltr'>nimmt</span> <span class='ocrx_word' id='word_1_432' title='bbox 480 4223 542 4288; x_wconf 84' lang='lat' dir='ltr'>das</span> <span class='ocrx_word' id='word_1_433' title='bbox 564 4223 721 4309; x_wconf 80' lang='lat' dir='ltr'>Hospital</span> <span class='ocrx_word' id='word_1_434' title='bbox 738 4246 799 4288; x_wconf 85' lang='lat' dir='ltr'>von</span> <span class='ocrx_word' id='word_1_435' title='bbox 820 4222 1011 4307; x_wconf 80' lang='lat' dir='ltr'>Acqm‘dotto</span> <span class='ocrx_word' id='word_1_436' title='bbox 1034 4225 1093 4307; x_wconf 87' lang='lat' dir='ltr'>(D.</span> <span class='ocrx_word' id='word_1_437' title='bbox 1117 4227 1287 4307; x_wconf 77' lang='lat' dir='ltr'>Montana)</span> <span class='ocrx_word' id='word_1_438' title='bbox 1313 4228 1346 4292; x_wconf 87' lang='lat' dir='ltr'>in</span> <span class='ocrx_word' id='word_1_439' title='bbox 1368 4229 1599 4312; x_wconf 80' lang='lat' dir='ltr'>apostolisclren</span> <span class='ocrx_word' id='word_1_440' title='bbox 1613 4229 1731 4296; x_wconf 79' lang='lat' dir='ltr'>Schutz</span> 
     </span>
     <span class='ocr_line' id='line_1_43' title="bbox 72 4309 1731 4468; baseline 0.01 -100"><span class='ocrx_word' id='word_1_441' title='bbox 72 4309 131 4371; x_wconf 83' lang='lat' dir='ltr'>und</span> <span class='ocrx_word' id='word_1_442' title='bbox 149 4311 299 4396; x_wconf 78' lang='lat' dir='ltr'>bestiitigt</span> <span class='ocrx_word' id='word_1_443' title='bbox 320 4313 408 4377; x_wconf 70' lang='lat' dir='ltr'>seina</span> <span class='ocrx_word' id='word_1_444' title='bbox 430 4313 1124 4468; x_wconf 46' lang='lat' dir='ltr'>Besitatlrrimerlgcqqe{Zebeqlricrqqse‘zrhgq</span> <span class='ocrx_word' id='word_1_445' title='bbox 1135 4316 1287 4400; x_wconf 70' lang='lat' dir='ltr'>jdlrrliclr</span> <span class='ocrx_word' id='word_1_446' title='bbox 1316 4319 1423 4398; x_wconf 71' lang='lat' dir='ltr'>zwbls</span> <span class='ocrx_word' id='word_1_447' title='bbox 1445 4318 1576 4383; x_wconf 79' lang='lat' dir='ltr'>Denare</span> <span class='ocrx_word' id='word_1_448' title='bbox 1603 4341 1647 4384; x_wconf 84' lang='lat' dir='ltr'>an</span> <span class='ocrx_word' id='word_1_449' title='bbox 1676 4322 1731 4386; x_wconf 82' lang='lat' dir='ltr'>die</span> 
     </span>
    </p>
   </div>
   <div class='ocr_carea' id='block_1_6' title="bbox 646 4517 1151 4584">
    <p class='ocr_par' dir='ltr' id='par_1_26' title="bbox 646 4517 1151 4584">
     <span class='ocr_line' id='line_1_44' title="bbox 646 4517 1151 4584; baseline 0.002 -2"><span class='ocrx_word' id='word_1_450' title='bbox 646 4521 731 4582; x_wconf 82' lang='lat'><strong><em>1153</em></strong></span> <span class='ocrx_word' id='word_1_451' title='bbox 744 4517 926 4584; x_wconf 79' lang='lat' dir='ltr'>December</span> <span class='ocrx_word' id='word_1_452' title='bbox 938 4519 969 4582; x_wconf 87' lang='lat'>9.</span> <span class='ocrx_word' id='word_1_453' title='bbox 1001 4517 1151 4583; x_wconf 80' lang='lat' dir='ltr'>Lateran.</span> 
     </span>
    </p>
   </div>
   <div class='ocr_carea' id='block_1_7' title="bbox 72 4651 1730 5635">
    <p class='ocr_par' dir='ltr' id='par_1_27' title="bbox 72 4651 1730 5635">
     <span class='ocr_line' id='line_1_45' title="bbox 218 4651 1729 4735; baseline 0.004 -19"><span class='ocrx_word' id='word_1_454' title='bbox 218 4651 411 4716; x_wconf 83' lang='lat' dir='ltr'>Anastasius</span> <span class='ocrx_word' id='word_1_455' title='bbox 434 4653 618 4735; x_wconf 90' lang='lat' dir='ltr'>episcopus,</span> <span class='ocrx_word' id='word_1_456' title='bbox 641 4672 753 4716; x_wconf 92' lang='lat' dir='ltr'>servus</span> <span class='ocrx_word' id='word_1_457' title='bbox 775 4673 944 4716; x_wconf 85' lang='lat' dir='ltr'>seruorum</span> <span class='ocrx_word' id='word_1_458' title='bbox 966 4653 1029 4729; x_wconf 91' lang='lat' dir='ltr'>dei,</span> <span class='ocrx_word' id='word_1_459' title='bbox 1060 4653 1188 4716; x_wconf 88' lang='lat' dir='ltr'>dilectis</span> <span class='ocrx_word' id='word_1_460' title='bbox 1210 4653 1293 4730; x_wconf 91' lang='lat' dir='ltr'>filiis,</span> <span class='ocrx_word' id='word_1_461' title='bbox 1315 4654 1453 4719; x_wconf 89' lang='lat' dir='ltr'>Iohanni</span> <span class='ocrx_word' id='word_1_462' title='bbox 1475 4656 1569 4720; x_wconf 91' lang='lat' dir='ltr'>Bello</span> <span class='ocrx_word' id='word_1_463' title='bbox 1602 4665 1636 4721; x_wconf 91' lang='lat' dir='ltr'>et</span> <span class='ocrx_word' id='word_1_464' title='bbox 1658 4658 1729 4722; x_wconf 89' lang='lat' dir='ltr'>aliis</span> 
     </span>
     <span class='ocr_line' id='line_1_46' title="bbox 72 4734 1729 4828; baseline 0.009 -31"><span class='ocrx_word' id='word_1_465' title='bbox 72 4734 213 4803; x_wconf 87' lang='lat' dir='ltr'>iratribus</span> <span class='ocrx_word' id='word_1_466' title='bbox 229 4743 348 4804; x_wconf 92' lang='lat' dir='ltr'>domus</span> <span class='ocrx_word' id='word_1_467' title='bbox 370 4740 542 4823; x_wconf 91' lang='lat' dir='ltr'>hospitalis</span> <span class='ocrx_word' id='word_1_468' title='bbox 565 4743 608 4804; x_wconf 92' lang='lat' dir='ltr'>de</span> <span class='ocrx_word' id='word_1_469' title='bbox 621 4743 721 4823; x_wconf 91' lang='lat' dir='ltr'>Aqua</span> <span class='ocrx_word' id='word_1_470' title='bbox 744 4742 837 4817; x_wconf 89' lang='lat' dir='ltr'>duce,</span> <span class='ocrx_word' id='word_1_471' title='bbox 860 4750 927 4805; x_wconf 94' lang='lat' dir='ltr'>tam</span> <span class='ocrx_word' id='word_1_472' title='bbox 944 4743 1151 4825; x_wconf 88' lang='lat' dir='ltr'>presentibus</span> <span class='ocrx_word' id='word_1_473' title='bbox 1167 4763 1265 4823; x_wconf 89' lang='lat' dir='ltr'>quam</span> <span class='ocrx_word' id='word_1_474' title='bbox 1282 4743 1407 4824; x_wconf 88' lang='lat' dir='ltr'>futuris,</span> <span class='ocrx_word' id='word_1_475' title='bbox 1430 4746 1612 4828; x_wconf 86' lang='lat' dir='ltr'>regularem</span> <span class='ocrx_word' id='word_1_476' title='bbox 1622 4749 1729 4812; x_wconf 68' lang='lat' dir='ltr'>uitam</span> 
     </span>
     <span class='ocr_line' id='line_1_47' title="bbox 73 4827 1730 4915; baseline 0.008 -29"><span class='ocrx_word' id='word_1_477' title='bbox 73 4827 226 4906; x_wconf 82' lang='lat' dir='ltr'>professis,</span> <span class='ocrx_word' id='word_1_478' title='bbox 249 4843 288 4893; x_wconf 83' lang='lat' dir='ltr'>IN</span> <span class='ocrx_word' id='word_1_479' title='bbox 310 4843 387 4893; x_wconf 79' lang='grc' dir='ltr'><strong>ΡΡΜ.</strong></span> <span class='ocrx_word' id='word_1_480' title='bbox 410 4865 454 4877; x_wconf 92' lang='lat'><em>-</em></span> <span class='ocrx_word' id='word_1_481' title='bbox 474 4831 479 4911; x_wconf 88' lang='grc' dir='ltr'>Ι</span> <span class='ocrx_word' id='word_1_482' title='bbox 499 4830 670 4914; x_wconf 90' lang='lat' dir='ltr'>Religiosis</span> <span class='ocrx_word' id='word_1_483' title='bbox 694 4831 864 4894; x_wconf 90' lang='lat' dir='ltr'>desideriis</span> <span class='ocrx_word' id='word_1_484' title='bbox 888 4831 1023 4913; x_wconf 91' lang='lat' dir='ltr'>dignum</span> <span class='ocrx_word' id='word_1_485' title='bbox 1055 4840 1105 4894; x_wconf 91' lang='lat' dir='ltr'>est</span> <span class='ocrx_word' id='word_1_486' title='bbox 1136 4832 1267 4896; x_wconf 81' lang='lat' dir='ltr'>facilem</span> <span class='ocrx_word' id='word_1_487' title='bbox 1298 4835 1436 4915; x_wconf 87' lang='lat' dir='ltr'>prebere</span> <span class='ocrx_word' id='word_1_488' title='bbox 1459 4854 1663 4912; x_wconf 91' lang='lat' dir='ltr'>consensum,</span> <span class='ocrx_word' id='word_1_489' title='bbox 1696 4846 1730 4900; x_wconf 91' lang='lat' dir='ltr'>ut</span> 
     </span>
     <span class='ocr_line' id='line_1_48' title="bbox 73 4912 1729 5003; baseline 0.008 -28"><span class='ocrx_word' id='word_1_490' title='bbox 73 4912 165 4980; x_wconf 86' lang='lat' dir='ltr'>fidelis</span> <span class='ocrx_word' id='word_1_491' title='bbox 194 4919 328 4982; x_wconf 85' lang='lat' dir='ltr'>devotio</span> <span class='ocrx_word' id='word_1_492' title='bbox 359 4918 497 4983; x_wconf 87' lang='lat' dir='ltr'>celerem</span> <span class='ocrx_word' id='word_1_493' title='bbox 530 4922 684 4983; x_wconf 90' lang='lat' dir='ltr'>sortiatur</span> <span class='ocrx_word' id='word_1_494' title='bbox 713 4920 874 4984; x_wconf 82' lang='lat' dir='ltr'>effectum.</span> <span class='ocrx_word' id='word_1_495' title='bbox 924 4919 1119 5003; x_wconf 89' lang='lat' dir='ltr'>Eapropter,</span> <span class='ocrx_word' id='word_1_496' title='bbox 1149 4920 1259 4984; x_wconf 87' lang='lat' dir='ltr'>dilecti</span> <span class='ocrx_word' id='word_1_497' title='bbox 1290 4924 1323 4985; x_wconf 93' lang='lat' dir='ltr'>in</span> <span class='ocrx_word' id='word_1_498' title='bbox 1353 4924 1489 4988; x_wconf 93' lang='lat' dir='ltr'>domino</span> <span class='ocrx_word' id='word_1_499' title='bbox 1520 4923 1586 5002; x_wconf 86' lang='lat' dir='ltr'>filii,</span> <span class='ocrx_word' id='word_1_500' title='bbox 1615 4927 1729 4990; x_wconf 91' lang='lat' dir='ltr'>vestris</span> 
     </span>
     <span class='ocr_line' id='line_1_49' title="bbox 73 5004 1729 5094; baseline 0.009 -30"><span class='ocrx_word' id='word_1_501' title='bbox 73 5004 154 5068; x_wconf 90' lang='lat' dir='ltr'>iustis</span> <span class='ocrx_word' id='word_1_502' title='bbox 175 5007 449 5090; x_wconf 89' lang='lat' dir='ltr'>postulationibus</span> <span class='ocrx_word' id='word_1_503' title='bbox 472 5017 601 5091; x_wconf 89' lang='lat' dir='ltr'>gratum</span> <span class='ocrx_word' id='word_1_504' title='bbox 623 5010 846 5092; x_wconf 88' lang='lat' dir='ltr'>impertientes</span> <span class='ocrx_word' id='word_1_505' title='bbox 868 5029 1044 5085; x_wconf 90' lang='lat' dir='ltr'>assensum,</span> <span class='ocrx_word' id='word_1_506' title='bbox 1075 5010 1237 5092; x_wconf 84' lang='lat' dir='ltr'>prefatum</span> <span class='ocrx_word' id='word_1_507' title='bbox 1265 5007 1439 5094; x_wconf 88' lang='lat' dir='ltr'>hospitale,</span> <span class='ocrx_word' id='word_1_508' title='bbox 1470 5014 1504 5077; x_wconf 96' lang='lat' dir='ltr'>in</span> <span class='ocrx_word' id='word_1_509' title='bbox 1528 5033 1595 5094; x_wconf 93' lang='lat' dir='ltr'>quo</span> <span class='ocrx_word' id='word_1_510' title='bbox 1618 5016 1729 5080; x_wconf 91' lang='lat' dir='ltr'>divino</span> 
     </span>
     <span class='ocr_line' id='line_1_50' title="bbox 74 5097 1729 5188; baseline 0.008 -34"><span class='ocrx_word' id='word_1_511' title='bbox 74 5097 239 5178; x_wconf 89' lang='lat' dir='ltr'>mancipati</span> <span class='ocrx_word' id='word_1_512' title='bbox 278 5099 356 5160; x_wconf 88' lang='lat' dir='ltr'>estis</span> <span class='ocrx_word' id='word_1_513' title='bbox 386 5097 563 5177; x_wconf 90' lang='lat' dir='ltr'>obsequio,</span> <span class='ocrx_word' id='word_1_514' title='bbox 602 5099 644 5161; x_wconf 92' lang='lat' dir='ltr'>ad</span> <span class='ocrx_word' id='word_1_515' title='bbox 685 5098 855 5180; x_wconf 88' lang='lat' dir='ltr'>exemplar</span> <span class='ocrx_word' id='word_1_516' title='bbox 885 5100 1128 5180; x_wconf 91' lang='lat' dir='ltr'>predecessoris</span> <span class='ocrx_word' id='word_1_517' title='bbox 1158 5101 1277 5176; x_wconf 89' lang='lat' dir='ltr'>nostri,</span> <span class='ocrx_word' id='word_1_518' title='bbox 1307 5099 1408 5165; x_wconf 86' lang='lat' dir='ltr'>felicis</span> <span class='ocrx_word' id='word_1_519' title='bbox 1439 5106 1597 5167; x_wconf 89' lang='lat' dir='ltr'>memorie</span> <span class='ocrx_word' id='word_1_520' title='bbox 1642 5125 1729 5188; x_wconf 89' lang='lat' dir='ltr'>pape</span> 
     </span>
     <span class='ocr_line' id='line_1_51' title="bbox 74 5181 1728 5275; baseline 0.007 -30"><span class='ocrx_word' id='word_1_521' title='bbox 74 5181 212 5262; x_wconf 85' lang='lat' dir='ltr'>EUGenii,</span> <span class='ocrx_word' id='word_1_522' title='bbox 236 5186 297 5249; x_wconf 90' lang='lat' dir='ltr'>sub</span> <span class='ocrx_word' id='word_1_523' title='bbox 320 5186 410 5250; x_wconf 89' lang='lat' dir='ltr'>beati</span> <span class='ocrx_word' id='word_1_524' title='bbox 431 5187 516 5249; x_wconf 89' lang='lat' dir='ltr'>Petri</span> <span class='ocrx_word' id='word_1_525' title='bbox 539 5194 574 5250; x_wconf 93' lang='lat' dir='ltr'>et</span> <span class='ocrx_word' id='word_1_526' title='bbox 594 5193 706 5251; x_wconf 89' lang='lat' dir='ltr'>nostra</span> <span class='ocrx_word' id='word_1_527' title='bbox 729 5187 933 5270; x_wconf 89' lang='lat' dir='ltr'>protectione</span> <span class='ocrx_word' id='word_1_528' title='bbox 960 5189 1154 5271; x_wconf 89' lang='lat' dir='ltr'>suscipimus</span> <span class='ocrx_word' id='word_1_529' title='bbox 1177 5196 1212 5252; x_wconf 93' lang='lat' dir='ltr'>et</span> <span class='ocrx_word' id='word_1_530' title='bbox 1232 5197 1389 5272; x_wconf 89' lang='lat' dir='ltr'>tanquam</span> <span class='ocrx_word' id='word_1_531' title='bbox 1408 5195 1577 5275; x_wconf 91' lang='lat' dir='ltr'>propriam</span> <span class='ocrx_word' id='word_1_532' title='bbox 1593 5194 1728 5258; x_wconf 92' lang='lat' dir='ltr'>domum</span> 
     </span>
     <span class='ocr_line' id='line_1_52' title="bbox 74 5271 1728 5363; baseline 0.008 -31"><span class='ocrx_word' id='word_1_533' title='bbox 74 5271 164 5352; x_wconf 90' lang='lat' dir='ltr'>ipsius</span> <span class='ocrx_word' id='word_1_534' title='bbox 185 5274 410 5358; x_wconf 90' lang='lat' dir='ltr'>apostolorum</span> <span class='ocrx_word' id='word_1_535' title='bbox 435 5276 588 5359; x_wconf 90' lang='lat' dir='ltr'>principis</span> <span class='ocrx_word' id='word_1_536' title='bbox 611 5279 772 5359; x_wconf 90' lang='lat' dir='ltr'>presentis</span> <span class='ocrx_word' id='word_1_537' title='bbox 794 5276 905 5359; x_wconf 90' lang='lat' dir='ltr'>scripti</span> <span class='ocrx_word' id='word_1_538' title='bbox 927 5277 1047 5358; x_wconf 82' lang='lat' dir='ltr'>pagina</span> <span class='ocrx_word' id='word_1_539' title='bbox 1069 5277 1315 5342; x_wconf 86' lang='lat' dir='ltr'>communimus.</span> <span class='ocrx_word' id='word_1_540' title='bbox 1362 5278 1559 5360; x_wconf 89' lang='lat' dir='ltr'>Statuentes,</span> <span class='ocrx_word' id='word_1_541' title='bbox 1584 5290 1620 5345; x_wconf 92' lang='lat' dir='ltr'>ut</span> <span class='ocrx_word' id='word_1_542' title='bbox 1635 5302 1728 5363; x_wconf 91' lang='lat' dir='ltr'>quas·</span> 
     </span>
     <span class='ocr_line' id='line_1_53' title="bbox 75 5364 1729 5449; baseline 0.007 -27"><span class='ocrx_word' id='word_1_543' title='bbox 75 5378 201 5443; x_wconf 90' lang='lat' dir='ltr'>cumque</span> <span class='ocrx_word' id='word_1_544' title='bbox 224 5366 461 5447; x_wconf 90' lang='lat' dir='ltr'>possessiones,</span> <span class='ocrx_word' id='word_1_545' title='bbox 485 5385 691 5448; x_wconf 89' lang='lat' dir='ltr'>quecumque</span> <span class='ocrx_word' id='word_1_546' title='bbox 714 5365 803 5429; x_wconf 93' lang='lat' dir='ltr'>bona</span> <span class='ocrx_word' id='word_1_547' title='bbox 826 5365 913 5429; x_wconf 91' lang='lat' dir='ltr'>idem</span> <span class='ocrx_word' id='word_1_548' title='bbox 938 5364 1101 5448; x_wconf 91' lang='lat' dir='ltr'>hospitale</span> <span class='ocrx_word' id='word_1_549' title='bbox 1123 5369 1157 5429; x_wconf 94' lang='lat' dir='ltr'>in</span> <span class='ocrx_word' id='word_1_550' title='bbox 1173 5371 1409 5449; x_wconf 88' lang='lat' dir='ltr'>presentiarum</span> <span class='ocrx_word' id='word_1_551' title='bbox 1425 5372 1510 5435; x_wconf 92' lang='lat' dir='ltr'>iuste</span> <span class='ocrx_word' id='word_1_552' title='bbox 1526 5379 1559 5435; x_wconf 92' lang='lat' dir='ltr'>et</span> <span class='ocrx_word' id='word_1_553' title='bbox 1574 5372 1729 5435; x_wconf 89' lang='lat' dir='ltr'>canonice</span> 
     </span>
     <span class='ocr_line' id='line_1_54' title="bbox 76 5452 1729 5543; baseline 0.008 -31"><span class='ocrx_word' id='word_1_554' title='bbox 76 5452 208 5529; x_wconf 89' lang='lat' dir='ltr'>possidet</span> <span class='ocrx_word' id='word_1_555' title='bbox 231 5464 287 5517; x_wconf 89' lang='lat' dir='ltr'>aut</span> <span class='ocrx_word' id='word_1_556' title='bbox 305 5455 338 5517; x_wconf 94' lang='lat' dir='ltr'>in</span> <span class='ocrx_word' id='word_1_557' title='bbox 355 5453 498 5517; x_wconf 87' lang='lat' dir='ltr'>futurum</span> <span class='ocrx_word' id='word_1_558' title='bbox 519 5455 729 5519; x_wconf 88' lang='lat' dir='ltr'>concessione</span> <span class='ocrx_word' id='word_1_559' title='bbox 745 5455 946 5538; x_wconf 88' lang='lat' dir='ltr'>pontificum,</span> <span class='ocrx_word' id='word_1_560' title='bbox 966 5454 1141 5537; x_wconf 90' lang='lat' dir='ltr'>largitione</span> <span class='ocrx_word' id='word_1_561' title='bbox 1155 5475 1269 5538; x_wconf 89' lang='lat' dir='ltr'>regum</span> <span class='ocrx_word' id='word_1_562' title='bbox 1284 5458 1337 5521; x_wconf 88' lang='lat' dir='ltr'>vel</span> <span class='ocrx_word' id='word_1_563' title='bbox 1351 5461 1546 5543; x_wconf 90' lang='lat' dir='ltr'>principum,</span> <span class='ocrx_word' id='word_1_564' title='bbox 1563 5460 1729 5525; x_wconf 86' lang='lat' dir='ltr'>oblatione</span> 
     </span>
     <span class='ocr_line' id='line_1_55' title="bbox 75 5535 1729 5635; baseline 0.011 -36"><span class='ocrx_word' id='word_1_565' title='bbox 75 5535 203 5607; x_wconf 86' lang='lat' dir='ltr'>fidelium</span> <span class='ocrx_word' id='word_1_566' title='bbox 241 5563 299 5608; x_wconf 92' lang='lat' dir='ltr'>seu</span> <span class='ocrx_word' id='word_1_567' title='bbox 330 5542 398 5607; x_wconf 90' lang='lat' dir='ltr'>aliis</span> <span class='ocrx_word' id='word_1_568' title='bbox 426 5544 519 5607; x_wconf 89' lang='lat' dir='ltr'>iustis</span> <span class='ocrx_word' id='word_1_569' title='bbox 550 5544 657 5608; x_wconf 92' lang='lat' dir='ltr'>modis</span> <span class='ocrx_word' id='word_1_570' title='bbox 691 5544 756 5608; x_wconf 91' lang='lat' dir='ltr'>deo</span> <span class='ocrx_word' id='word_1_571' title='bbox 791 5544 933 5628; x_wconf 92' lang='lat' dir='ltr'>propitio</span> <span class='ocrx_word' id='word_1_572' title='bbox 963 5547 1087 5626; x_wconf 89' lang='lat' dir='ltr'>poterit</span> <span class='ocrx_word' id='word_1_573' title='bbox 1114 5545 1264 5630; x_wconf 84' lang='lat' dir='ltr'>adipisci,</span> <span class='ocrx_word' id='word_1_574' title='bbox 1300 5546 1394 5616; x_wconf 87' lang='lat' dir='ltr'>firma</span> <span class='ocrx_word' id='word_1_575' title='bbox 1422 5550 1518 5614; x_wconf 89' lang='lat' dir='ltr'>vobis</span> <span class='ocrx_word' id='word_1_576' title='bbox 1548 5551 1729 5635; x_wconf 88' lang='lat' dir='ltr'>vestrisque</span> 
     </span>
    </p>
   </div>
   <div class='ocr_carea' id='block_1_8' title="bbox 218 5717 1529 5876">
    <p class='ocr_par' dir='ltr' id='par_1_28' title="bbox 218 5717 1529 5876">
     <span class='ocr_line' id='line_1_56' title="bbox 218 5717 1529 5844; baseline 0 -72"><span class='ocrx_word' id='word_1_577' title='bbox 218 5720 245 5788; x_wconf 78' lang='lat' dir='ltr'>a)</span> <span class='ocrx_word' id='word_1_578' title='bbox 264 5719 397 5772; x_wconf 72' lang='lat' dir='ltr'>cardinalis</span> <span class='ocrx_word' id='word_1_579' title='bbox 414 5719 475 5772; x_wconf 76' lang='lat' dir='ltr'>steht</span> <span class='ocrx_word' id='word_1_580' title='bbox 490 5717 549 5772; x_wconf 76' lang='lat' dir='ltr'>nuci</span> <span class='ocrx_word' id='word_1_581' title='bbox 563 5720 623 5785; x_wconf 78' lang='lat' dir='ltr'>mal,</span> <span class='ocrx_word' id='word_1_582' title='bbox 641 5719 686 5771; x_wconf 80' lang='lat' dir='ltr'>das</span> <span class='ocrx_word' id='word_1_583' title='bbox 702 5717 780 5772; x_wconf 72' lang='lat' dir='ltr'>merie</span> <span class='ocrx_word' id='word_1_584' title='bbox 796 5723 851 5773; x_wconf 85' lang='lat' dir='ltr'>mal</span> <span class='ocrx_word' id='word_1_585' title='bbox 864 5719 1051 5773; x_wconf 76' lang='lat' dir='ltr'>durchstrichen.</span> <span class='ocrx_word' id='word_1_586' title='bbox 1512 5803 1529 5844; x_wconf 49' lang='grc' dir='ltr'>*Ι</span> 
     </span>
     <span class='ocr_line' id='line_1_57' title="bbox 1476 5817 1506 5876; baseline 0 0"><span class='ocrx_word' id='word_1_587' title='bbox 1476 5817 1506 5876; x_wconf 79' lang='lat'>¹7</span> 
     </span>
    </p>
   </div>
   <div class='ocr_carea' id='block_1_9' title="bbox 0 0 2068 6356">
    <p class='ocr_par' dir='ltr' id='par_1_29' title="bbox 0 0 2068 6356">
     <span class='ocr_line' id='line_1_58' title="bbox 0 0 2068 6356; baseline 0 0"><span class='ocrx_word' id='word_1_588' title='bbox 0 0 2068 6356; x_wconf 95' lang='lat' dir='ltr'> </span> 
     </span>
    </p>
   </div>
  </div>
 </body>
</html>
