4090 6358
284 359 303 406 2

285 534 318 596 id
343 541 393 596 est
423 531 556 596 fratrum
580 530 716 613 ignitum
741 530 912 606 iudicium,
941 548 1026 609 aque
1048 527 1170 610 frigide,
1195 537 1229 592 et
1252 539 1368 606 cetera,
1393 531 1419 592 si
1444 533 1621 595 necessitas
1645 531 1755 610 fuerit,
1774 543 1962 599 exerceant.

285 619 410 685 Omnes
434 623 537 684 eciam
561 619 788 683 malefactores
817 618 952 681 ecclesie
983 615 1258 681 anathematizent
1281 629 1323 696 et,
1347 627 1480 702 peracta
1503 623 1694 702 penitencia,
1717 623 1833 687 iterum
1853 626 1965 689 absol·

284 719 376 787 vant,
407 710 670 774 benedictionem
703 728 836 790 quoque
859 709 943 771 inter
965 727 1058 770 sacra
1094 709 1263 771 missarum
1296 709 1455 772 solemnia
1478 720 1511 772 et
1542 713 1800 793 predicationem
1828 716 1870 778 ad
1899 736 1963 796 po·

285 801 397 883 pulum
422 798 567 862 similiter
595 799 724 861 saciant.
770 797 806 860 In
831 799 939 880 capite
963 798 1066 859 eciam
1099 798 1204 860 ieiunii
1227 800 1411 880 penitentes
1435 798 1477 861 ab
1501 800 1639 865 ecclesia
1662 802 1839 884 expellant,
1871 806 1963 866 etin

285 891 337 953 die
360 889 576 952 absolucionis
608 889 724 950 iterum
750 889 974 950 intromittant.
1021 883 1207 961 StatuimuS,
1240 896 1275 949 ut
1305 890 1337 950 in
1361 889 1414 951 die
1438 888 1620 969 palmarum
1643 892 1695 954 vel
1727 892 1963 976 letan(i)arum,

285 1000 350 1042 non
384 999 457 1041 cum
489 977 612 1040 clericis
643 977 896 1059 metropolitane
928 974 1080 1049 ecclesie,
1112 976 1171 1039 sed
1195 996 1342 1039 seorsum
1376 977 1528 1041 monachi
1552 982 1743 1062 procedant.
1790 979 1825 1044 Si
1848 991 1962 1045 autem

285 1070 471 1151 contigerit,
502 1075 537 1129 ut
560 1075 616 1129 aut
639 1086 737 1149 prece
760 1064 978 1148 archiepisopi
1002 1064 1054 1127 vel
1077 1065 1207 1147 populi,
1238 1074 1294 1128 aut
1317 1066 1424 1146 aliqua
1447 1077 1542 1149 peste
1564 1071 1732 1152 ingarente
1755 1071 1799 1134 ab
1823 1072 1963 1135 ecclesia

284 1177 342 1220 sua
373 1179 445 1220 curn
476 1158 688 1238 processione
712 1157 859 1230 exierint,
892 1173 995 1236 usque
1019 1154 1060 1216 ad
1083 1153 1192 1230 altare,
1226 1174 1293 1235 quo
1315 1158 1443 1218 venturi
1466 1167 1549 1233 sunt,
1580 1161 1742 1222 cantando
1767 1162 1962 1242 procedant,

284 1255 318 1309 et
341 1248 491 1310 dextram
516 1253 643 1327 partem
667 1252 808 1319 teneant,
831 1252 899 1306 tam
915 1246 948 1305 in
963 1243 1034 1326 ipsa
1053 1243 1192 1306 ecclesia
1214 1245 1477 1327 metropolitana,
1502 1266 1600 1326 quam
1618 1250 1650 1310 in
1667 1249 1782 1312 ceteris
1806 1250 1964 1326 ecclesiiS,

285 1356 349 1417 que
372 1335 518 1398 subiecte
549 1343 624 1396 sunt
656 1334 771 1397 eidem.
817 1332 852 1395 ln
885 1332 1038 1396 exeundo
1061 1341 1170 1395 autem
1204 1342 1319 1396 cantor
1350 1333 1602 1414 monachorum,
1638 1357 1866 1419 quamcunque
1895 1340 1965 1402 sibi

284 1425 449 1507 placuerit,
474 1426 624 1507 primitus
658 1421 870 1506 antiphonam
907 1423 1056 1503 incipiat,
1091 1430 1192 1502 atque
1223 1424 1265 1485 ad
1301 1431 1412 1486 nutum
1448 1425 1576 1489 abbatis
1611 1435 1645 1489 et
1680 1431 1821 1492 cantoris
1852 1429 1965 1492 clerici

283 1513 456 1598 singantll)
482 1521 515 1575 et
539 1515 715 1595 processio,
740 1513 785 1574 uti
808 1513 969 1594 disposita
1000 1509 1104 1586 fuerit,
1138 1511 1202 1574 fiat.
1257 1510 1330 1575 Hec
1364 1515 1460 1593 igitur
1496 1517 1613 1592 omnia,
1649 1536 1713 1596 que
1747 1515 1964 1601 huius[modi]

284 1605 484 1666 auctoritatis
517 1602 699 1684 apostolice
730 1610 763 1664 et
792 1608 903 1663 nostre
927 1600 1148 1682 preceptionis
1179 1599 1349 1684 privilegio
1377 1606 1597 1680 continentur,
1631 1605 1747 1688 prefati
1771 1609 1964 1670 monasterii

286 1693 465 1756 rectoribus
489 1700 522 1754 et
545 1691 617 1753 frliis
650 1691 857 1773 presentibus
886 1697 919 1752 et
949 1689 1062 1751 futuris
1077 1689 1147 1752 'sub
1170 1690 1226 1753 tali
1251 1689 1457 1755 anathemate
1480 1703 1608 1758 servata
1641 1697 1879 1758 constituimus.
1927 1697 1964 1760 Si

285 1785 358 1863 quis
381 1789 490 1845 autem
515 1800 637 1861 regum,
661 1781 849 1855 antistitum,
875 1779 1016 1842 iudicum
1034 1777 1085 1840 vel
1108 1799 1389 1862 quarumcumque
1412 1782 1606 1846 secularium
1630 1804 1842 1866 personarum
1866 1783 1964 1848 huius

285 1872 467 1954 apostolice
490 1869 690 1932 auctoritatis
713 1870 845 1932 decreta
868 1867 1044 1944 violaverit,
1067 1868 1118 1932 vel
1141 1868 1257 1931 fratres
1281 1871 1516 1949 inquietaverit,
1539 1871 1664 1936 honore
1679 1893 1740 1936 suo
1763 1875 1795 1936 in
1819 1875 1964 1956 presenti

284 1961 394 2024 seculo
423 1963 576 2042 privetur,
609 1968 641 2020 et
671 1979 745 2021 cum
777 1959 857 2022 luda
880 1957 1037 2020 traditore
1060 1959 1092 2019 in
1124 1959 1216 2039 penis
1240 1961 1408 2041 perpetuis
1430 1962 1636 2044 dampnetur,
1667 1964 1725 2026 nisi
1748 1965 1848 2046 digna
1870 1967 1965 2046 peni·

284 2051 391 2114 tencia
410 2057 440 2128 a)
458 2049 576 2131 prefati
599 2051 701 2110 sancti
718 2047 804 2110 Petri
828 2047 890 2110 sibi
913 2048 1181 2130 repropiciaverit
1204 2047 1415 2112 clemenciam
1432 2059 1465 2113 et
1481 2051 1614 2115 fratrum
1639 2055 1825 2115 communie
1849 2073 1964 2116 recon-

286 2139 440 2202 ciliaverit
463 2138 683 2200 concordiam.
1482 2151 1485 2156 ·

444 2229 518 2309 Ego
542 2225 719 2309 Gregorius
742 2234 853 2289 sancte
875 2226 1024 2288 Romane
1047 2227 1135 2288 sedis
1158 2227 1292 2289 antistes
1315 2226 1390 2290 huic
1414 2229 1584 2312 privilegio
1604 2230 1791 2312 subscripsi.

657 2315 813 2378 Naulinus
837 2313 1097 2397 Sopannensium
1123 2315 1297 2397 episcopus
1320 2316 1522 2399 subscripsit.

659 2405 840 2468 Primenius
864 2404 1121 2468 Micerriensium
1146 2406 1323 2488 episcopus
1347 2407 1547 2490 subscripsit.

658 2494 856 2558 Marmianus
879 2493 1177 2557 Ravennatensium
1201 2495 1376 2579 episcopus
1399 2496 1603 2579 subscripsit.

658 2583 850 2647 Dominicus
873 2581 1173 2666 Carthaginensium
1199 2583 1373 2667 episcopus
1395 2586 1596 2668 subscripsit.

656 2672 836 2736 Venantius
860 2672 1018 2735 Lunensis
1042 2673 1218 2756 episcopus
1242 2675 1443 2756 subscripsit.

657 2762 855 2825 Fortunatus
870 2760 1164 2843 Neapolitanorum
1186 2764 1363 2846 episcopus
1385 2764 1586 2846 subscripsit.

657 2852 816 2934 Eulogius
839 2850 1040 2915 Alexandrie
1063 2851 1238 2934 episcopus
1261 2852 1457 2937 subscripsit.

656 2940 784 3003 Flavius
806 2941 985 3003 Remorum
1010 2940 1274 3023 archiepiscopus
1296 2943 1497 3025 subscripsit.

655 3029 817 3093 Iohannes
841 3027 1109 3093 Siracusanorum
1135 3031 1310 3113 episcopus
1333 3033 1532 3114 subscripsit.

656 3119 831 3182 Melantius
853 3118 1167 3200 Rothomagensium
1191 3118 1458 3204 archiepiscopus
1481 3119 1682 3202 subscripsit.

655 3206 850 3272 Sabinianus
874 3208 1127 3272 Tudertinorum
1152 3209 1329 3292 episcopus
1352 3212 1554 3294 subscripsit.

656 3298 870 3361 Constancius
894 3297 1188 3361 Mediolanensium
1212 3300 1389 3383 episcopus
1412 3300 1614 3382 subscripsit.

655 3385 881 3450 Theodericus
905 3406 964 3451 rex
986 3387 1187 3470 subscripsit

656 3475 879 3540 Brunechildis
895 3477 1013 3558 regina
1036 3477 1236 3558 subscripsit.

443 3565 516 3647 Ego
548 3565 671 3640 Petrus,
703 3567 847 3629 notarius
878 3573 993 3628 sancte
1015 3566 1166 3629 Romane
1195 3568 1292 3643 sediS,
1325 3568 1440 3649 scripsi
1472 3578 1505 3631 et
1536 3566 1643 3650 sigillo
1672 3567 1786 3629 domni
1812 3562 1962 3647 Gregorii

283 3677 371 3740 pape
394 3655 539 3739 sigillavi.
1555 3686 1556 3689 ¹

442 3770 567 3835 Abschrrfl
582 3786 636 3818 vom
656 3773 690 3819 14
707 3771 764 3819 oder
781 3773 812 3818 15
835 3770 936 3834 Jahrb,
955 3770 995 3818 des
1014 3769 1071 3820 MS.
1090 3771 1133 3820 lat.
1155 3773 1239 3820 12777
1252 3771 1304 3836 sol.
1324 3771 1382 3830 109,
1402 3770 1428 3820 ἶφι
1446 3771 1489 3818 der
1506 3770 1569 3819 Bibl.
1588 3770 1716 3818 Natrbnnle
1732 3785 1762 3818 zu
1782 3769 1862 3819 Paris.

442 3843 491 3891 Die
508 3842 647 3907 Eilschung
668 3842 699 3890 is!
720 3842 934 3908 augensclreinlr'cfr,
959 3843 992 3890 sr'e
1008 3841 1085 3906 lrdrrgt
1105 3842 1150 3891 mr't
1172 3843 1216 3890 der
1233 3842 1393 3902 Martimrsl,
1420 3843 1482 3890 Acta
1494 3842 1525 3890 II
1538 3842 1585 3890 Nr.
1606 3845 1648 3901 44,
1673 3856 1720 3906 mg
1735 3856 1878 3890 utrumnam.
1916 3843 1963 3889 Ars

287 3915 449 3978 Urberschrr'st
465 3918 531 3979 rrd‘gt
547 3914 590 3963 der
611 3913 684 3963 Text:
702 3913 862 3977 Privilegium
882 3913 1000 3978 Gregorii
1017 3928 1100 3977 papae
1120 3919 1144 3962 et
1162 3913 1335 3963 Brunechildis
1354 3914 1441 3978 regine
1461 3929 1489 3962 ac
1509 3914 1591 3976 neptis
1610 3913 1662 3961 eius
1680 3913 1841 3964 Theoderici.

1052 4197 1118 4273 Nr.
1150 4203 1185 4274 2.

316 4351 343 4404 aa
363 4332 527 4415 GregorI
546 4331 640 4395 rheilt
661 4329 734 4395 dem
751 4331 1015 4415 Frankenkb'mge
1042 4330 1229 4395 Childerirlr
1253 4331 1323 4409 mit,
1345 4331 1424 4395 dass
1446 4352 1484 4394 er
1505 4331 1567 4394 das
1584 4331 1715 4396 Kloster
1728 4330 1904 4396 sr-Pierre
1919 4331 1963 4396 de

400 4422 533 4486 Nantua
556 4421 616 4503 (D.
634 4421 738 4505 Lyon)
753 4421 936 4485 konsekrz'rt
948 4421 1030 4485 lzabe
1044 4421 1113 4484 und
1127 4420 1195 4484 ilem
1213 4419 1452 4484 Besitztlni'mer
1465 4420 1539 4484 und
1552 4420 1670 4484 Reclrte
1685 4420 1846 4503 bestatzgre.

1030 4540 1212 4600 590-604.

444 4653 630 4738 Gregorius,
652 4675 764 4728 servus
788 4675 955 4720 servorum
980 4655 1042 4730 dei,
1067 4654 1263 4730 Childerico,
1287 4654 1355 4735 regi
1378 4651 1578 4717 Francorum
1598 4654 1630 4734 ¹).
1678 4651 1844 4734 Quoniam
1869 4654 1961 4718 innu-

285 4743 495 4807 merabilibus
531 4746 669 4808 mundus
700 4745 853 4828 procellis
889 4747 1032 4825 quatitur
1055 4745 1149 4820 adeo,
1184 4751 1220 4806 ut
1251 4745 1382 4826 penitus
1415 4763 1483 4818 nos,
1519 4746 1574 4825 qui
1604 4744 1748 4824 regimen
1778 4745 1960 4807 animarum

284 4835 486 4915 suscepimus
510 4843 542 4897 et
573 4837 627 4914 qui
663 4836 705 4897 ad
742 4843 872 4917 portum
904 4843 1056 4897 aeternae
1080 4834 1309 4913 tranquilitatis
1337 4832 1417 4895 alios
1442 4832 1606 4895 deducere
1629 4832 1816 4908 debuimuS,
1849 4834 1962 4914 potius

284 4925 388 4986 maius
419 4924 593 4986 discrimen
624 4927 784 5005 patimur;
819 4924 877 4986 sed
906 4925 985 5003 quid
1017 4922 1112 4986 nobis
1144 4924 1323 5004 agendum,
1355 4921 1476 5001 quidve
1505 4922 1778 4985 considerandum
1802 4929 1866 4996 est,
1900 4923 1960 4985 nisi

285 5012 389 5074 divina
414 5013 636 5076 misericordia
666 5014 880 5096 imploranda.
925 5012 1043 5075 Infelix
1074 5015 1198 5094 quippe
1227 5012 1360 5086 animuS,
1392 5011 1616 5091 occupationis
1650 5011 1796 5093 pulsatus
1819 5010 1961 5088 vulnere,

284 5104 411 5184 magnis
445 5104 541 5165 maris
574 5101 725 5166 fluctibus
757 5105 936 5184 percutitur
966 5109 1065 5182 atque
1095 5101 1334 5164 immanissimis
1359 5099 1508 5181 procellis
1537 5103 1743 5182 tempestatis
1777 5100 1962 5178 includitur,

285 5211 425 5270 cumque
452 5193 642 5273 navigamus
673 5190 810 5274 longius,
842 5211 902 5253 nec
933 5199 1064 5273 portum
1099 5191 1217 5269 quietis
1248 5188 1463 5272 prevalemus.
1509 5187 1606 5252 Unde
1638 5211 1717 5253 vero
1748 5189 1806 5253 has
1836 5191 1960 5253 idcirco

284 5280 475 5355 dixerimus,
509 5282 608 5360 quod,
642 5283 717 5360 quia
741 5301 801 5343 nos
832 5301 852 5342 a
875 5279 970 5342 vobis
1003 5280 1102 5361 louge
1137 5281 1271 5361 repositi
1304 5281 1348 5341 ita
1383 5279 1527 5358 undique
1562 5282 1778 5360 percutimur,
1815 5280 1962 5361 undique

283 5369 554 5433 amaritudinibus
587 5371 765 5452 replemur,
799 5379 898 5451 atque
929 5368 1164 5431 innumerabile
1193 5388 1296 5451 genus
1326 5367 1504 5442 hominum,
1536 5369 1626 5447 quod
1659 5371 1691 5432 in
1724 5377 1835 5431 nostra
1865 5377 1960 5443 terra,

284 5480 346 5542 pro
370 5459 577 5522 multitudine
600 5462 707 5535 nimia,
731 5460 822 5542 quasi
838 5461 998 5541 spicatum
1021 5478 1113 5521 more
1136 5460 1257 5540 segetis
1280 5466 1474 5532 surrexerat,
1499 5458 1660 5520 succisum
1680 5459 1709 5538 b)
1733 5460 1832 5531 aruit,
1857 5458 1961 5539 depo·

284 5548 416 5631 pulatae
449 5568 591 5629 namque
622 5549 733 5625 urbes,
765 5569 878 5612 eversa
909 5556 1023 5624 castra,
1057 5556 1284 5611 concrematae
1304 5553 1331 5627 c)
1363 5546 1537 5623 ecclesiae,
1566 5548 1732 5611 destructa
1763 5547 1961 5611 monasteria

443 5710 469 5767 a)
488 5707 629 5771 penitencie
701 5709 729 5764 bl
748 5723 878 5758 succesum
949 5712 973 5774 c)
993 5713 1191 5757 concrematore.
1205 5743 1257 5750 --.
1270 5710 1307 5774 .1)
1330 5707 1497 5767 Childericlrl,
1517 5706 1601 5772 K'o'nig
1617 5707 1661 5755 der
1672 5705 1792 5767 stasim,
1812 5709 1961 5766 rto-481,

287 5779 422 5828 Ckr'lderich
436 5777 469 5838 II,
489 5778 573 5844 Ko'nr'g
589 5780 632 5830 der
648 5779 768 5840 Fronkm,
790 5783 938 5831 coo-674.
