4126 6356
1689 305 1748 370 113

74 472 196 538 dochio
221 475 263 540 de
287 473 380 539 Cuna
402 477 495 540 unius
519 477 602 540 cerei
627 497 734 553 censu,
768 498 867 559 quem
895 478 988 540 annis
1018 476 1152 561 singulis
1179 478 1338 560 episcopo
1361 475 1498 540 Senensi
1529 476 1658 540 debetis
1681 496 1753 560 per·

73 565 210 628 solvere.
255 562 313 627 Ad
336 565 492 628 indicium
516 577 624 629 autem
648 566 742 630 huius
766 588 786 629 a
801 568 880 630 sede
896 568 1081 650 apostolica
1100 577 1257 652 perceptq
1280 566 1496 647 protectionis
1520 565 1604 629 duos
1626 567 1752 629 solidos

72 654 232 716 Lucensis
248 665 380 740 monete
401 655 497 718 nobis
520 657 705 737 nostrisque
728 658 969 720 successoribus
992 658 1086 720 annis
1109 657 1243 738 singulis
1266 655 1468 736 persolvetis.
1515 653 1550 718 Si
1568 675 1633 736 qua
1656 657 1753 738 igitur

73 743 105 804 in
130 743 274 806 futurum
302 744 522 808 ecclesiastica
544 745 738 808 secularisve
761 767 910 828 persona,
942 745 1027 810 hanc
1051 755 1162 809 nostre
1185 745 1427 809 constitutionis
1459 745 1614 826 paginam
1638 747 1752 821 sciens,

74 843 190 894 contra
214 853 288 896 eam
310 841 434 896 temere
455 836 566 898 venire
588 837 806 916 temptaverit,
831 837 976 899 secundo
1000 836 1138 899 tertiove
1162 834 1374 910 commonita,
1397 833 1423 895 si
1448 853 1513 896 non
1530 836 1754 898 satisfactione

74 941 221 1003 congrua
252 923 487 1000 emendaverit,
526 925 700 1006 potestatis
729 924 931 1006 honorisque
959 927 1008 988 sui
1042 926 1202 1007 dignitate
1239 929 1349 987 careat
1388 943 1544 1004 reamque
1575 946 1611 988 se
1642 925 1753 987 divino

73 1011 197 1074 iudicio
220 1013 361 1076 existere
384 1013 426 1076 de
449 1023 638 1095 perpetrata
660 1014 833 1095 iniquitate
857 1024 1045 1097 cognoscat,
1070 1024 1103 1077 et
1118 1035 1138 1076 a
1152 1013 1371 1077 sacratissimo
1389 1033 1528 1094 corpore
1544 1034 1581 1077 ac
1597 1014 1755 1096 sanguine

74 1099 126 1163 dei
161 1111 195 1164 et
228 1102 362 1177 domini,
394 1102 611 1185 redemptoris
641 1104 743 1166 nostri
767 1105 838 1167 lesu
862 1104 990 1180 Christi,
1022 1104 1217 1179 alienafiat,
1250 1113 1349 1184 atque
1373 1102 1406 1164 in
1430 1113 1579 1167 extremo
1604 1105 1754 1167 examine

74 1189 222 1255 districte
245 1192 361 1254 ultioni
384 1192 562 1256 subiaceat.
608 1191 741 1257 Cunctis
764 1204 882 1270 autem,
906 1195 1016 1257 eidem
1038 1194 1113 1256 loco
1138 1193 1222 1256 iusta
1243 1192 1455 1267 servantibus
1480 1193 1522 1255 sit
1545 1215 1613 1276 pax
1630 1194 1754 1256 domini

74 1281 177 1343 nostri
193 1282 265 1345 Iesu
282 1279 411 1358 Christi,
436 1292 597 1363 quatenus
620 1292 654 1346 et
676 1283 729 1346 hic
753 1283 892 1346 fructum
916 1283 1004 1370 bone
1021 1283 1160 1346 actionis
1175 1283 1359 1365 percipiant
1382 1288 1414 1344 et
1439 1282 1528 1363 apud
1546 1279 1750 1366 districtum}

73 1368 218 1433 iudicem
240 1371 367 1453 premia
390 1378 500 1457 eterne
523 1372 614 1453 pacis
638 1373 814 1436 inveniant.
859 1371 980 1436 Amen.
1005 1371 1095 1436 A-m.
1119 1372 1239 1435 Amen.
1263 1407 1307 1418 —

290 1459 346 1540 (R)
370 1459 443 1542 Ego
466 1462 634 1542 Eugenius
657 1461 817 1550 catholice
839 1463 975 1550 ecclesie
999 1463 1175 1545 episcopus
1197 1483 1239 1526 ss.
1263 1461 1326 1543 (M)

289 1550 310 1628 †
332 1549 406 1631 Ego
429 1550 569 1613 Ymarus
592 1551 797 1615 Tusculanus
820 1553 997 1635 episcopus
1020 1574 1061 1616 ss.
1084 1549 1132 1636 (7)

289 1639 443 1721 -†Ego
452 1639 522 1704 GG.
532 1639 859 1729 (Gregorius)sancte
868 1644 1019 1728 Romane
1028 1642 1163 1729 ecclesie
1171 1637 1518 1724 presbitercardinalis
1527 1639 1575 1702 tit.
1585 1637 1704 1702 Calixti
1715 1659 1756 1701 ss

291 1724 312 1809 †
334 1727 408 1810 Ego
432 1729 607 1792 Hubaldus
630 1730 793 1812 presbiter
815 1732 989 1795 cardinalis
1012 1733 1061 1795 tit.
1084 1742 1197 1794 sancte
1220 1730 1379 1795 Praxedis
1402 1749 1444 1791 ss.

290 1814 311 1901 †
334 1817 407 1900 Ego
430 1819 622 1882 Manlredus
645 1821 808 1902 presbiter
831 1821 1005 1884 cardinalis
1028 1822 1077 1884 tit.
1102 1830 1215 1884 sancte
1239 1820 1360 1885 Savine
1383 1838 1424 1881 ss.
1448 1813 1502 1900 (1)

291 1903 312 1986 †
334 1907 408 1989 Ego
431 1907 531 1971 lulius
554 1909 716 1991 presbiter
739 1910 911 1973 cardinalis
933 1913 981 1974 tit.
1004 1913 1107 1973 sancti
1132 1909 1277 1973 Marcelli
1300 1929 1341 1972 ss.

291 1990 311 2076 †
335 1996 408 2079 Ego
431 1999 607 2061 Hubaldus
630 1999 794 2081 presbiter
816 2000 989 2064 cardinalis
1012 2001 1061 2063 tit.
1084 2007 1196 2087 sancte
1220 1998 1332 2063 Crucis
1355 2018 1396 2060 ss.

251 2105 253 2115 ·
291 2082 312 2169 †
335 2086 409 2168 Ego
433 2087 543 2151 Guido
566 2088 729 2170 presbiter
751 2089 925 2153 cardinalis
949 2090 997 2153 tit.
1020 2089 1163 2153 Pastoris
1186 2110 1227 2153 ss

291 2171 313 2258 †
334 2175 408 2258 Ego
432 2176 589 2241 Girardus
612 2178 775 2260 presbiter
804 2179 977 2242 cardinalis
1007 2180 1056 2242 tit.
1081 2180 1184 2243 sancti
1209 2176 1370 2260 Stephani
1402 2175 1435 2237 in
1459 2172 1552 2238 Celio
1581 2181 1694 2233 monte
1717 2190 1758 2232 ss.

238 2261 315 2326 Dat.
332 2261 453 2347 Signie,
477 2287 538 2349 per
553 2287 686 2330 manum
701 2269 867 2346 BOSONIS,
891 2278 1003 2354 sancte
1018 2270 1170 2354 Romane
1186 2267 1322 2354 ecclesie
1337 2265 1514 2346 scriptoris.
1552 2275 1592 2324 111
1607 2261 1653 2322 Id.
1670 2259 1758 2322 Maii.

73 2351 261 2504 {qdicdoue
283 2365 340 2417 xv.
378 2356 615 2420 incarnationis
638 2357 803 2446 dominicq
826 2379 914 2422 anno
939 2370 1046 2421 MCLII.
1084 2358 1298 2422 Pontificatus
1320 2375 1399 2419 vero
1424 2352 1538 2416 domni
1561 2350 1705 2413 EUGenii
1720 2361 1759 2410 111

130 2491 136 2504 .
162 2459 252 2504 anno
277 2455 348 2507 VIII.

241 2557 285 2608 Or.
303 2557 336 2606 im
355 2557 470 2609 Archiou
487 2559 661 2610 Arcivescovile
678 2578 708 2610 au
726 2561 807 2612 Sim.

239 2629 309 2694 Perg.
327 2629 387 2689 rial,
406 2631 443 2681 br.
461 2633 548 2692 0,575‚
566 2635 628 2699 lang
644 2636 731 2693 0‚685,
751 2641 825 2684 umen
845 2635 924 2695 0,033
942 2634 1131 2700 umgerclrlagm,
1152 2630 1229 2680 durch
1247 2628 1306 2679 mei
1315 2628 1408 2678 Lichcr
1422 2627 1484 2694 ging
1501 2625 1538 2676 die
1549 2625 1656 2686 Schnur,
1675 2624 1761 2674 welche

74 2697 121 2746 mi!
137 2697 191 2746 dem
212 2697 292 2766 Siegel
305 2704 421 2752 verloren.
458 2701 567 2768 Faltrmg
589 2705 633 2754 der
650 2707 747 2755 Balleia
785 2707 896 2756 Inih'ale:
921 2708 1033 2756 veram
1059 2705 1228 2768 Uncialfom,
1251 2709 1325 2751 unter
1346 2701 1403 2750 und
1424 2701 1483 2748 liber
1504 2699 1545 2748 dle
1562 2697 1623 2746 2⁶70
1641 2697 1760 2745 '‘l‘d‘ffl·

81 2770 243 2838 Vmwigmg
259 2773 306 2822 ab.
326 2775 386 2834 5⁶⁶,
405 2774 579 2841 starkstriclrig,
591 2777 660 2839 siillt
677 2779 760 2835 0‚115.
798 2778 892 2843 Sckn'st
908 2779 949 2828 des
966 2777 1108 2842 Konsm'ffls
1123 2776 1179 2825 sehr
1195 2773 1297 2833 rr'erlich,
1317 2774 1354 2822 die
1372 2787 1389 2838 g
1406 2772 1452 2821 mit
1474 2769 1693 2820 Wickelschnilrkel
1707 2767 1763 2816 und

77 2839 224 2900 Halsstricd,
253 2841 393 2910 Majuskeln
411 2845 474 2895 naci
496 2847 602 2897 starkem
623 2849 721 2898 Punite
744 2851 828 2900 belant.
864 2849 1009 2900 Zeilenweite
1027 2850 1116 2909 0,016.
1153 2847 1231 2896 Leirie
1249 2846 1311 2895 Zeile
1327 2843 1452 2894 schlicsrm
1470 2843 1522 2892 drei
1538 2844 1614 2890 Amen
1633 2840 1680 2889 Nr.
1696 2837 1760 2889 Μ’.

75 2915 140 2962 Rota
159 2912 209 2962 Nr.
228 2919 251 2975 1,
270 2917 447 2967 Durchmcsser
464 2919 551 2978 0,062,
576 2935 623 2969 von
642 2921 686 2970 der
702 2922 783 2970 letrten
802 2921 865 2970 Zcr‘lc
883 2924 970 2980 0,007.
1005 2920 1175 2986 Monogramm
1194 2919 1241 2968 Nr.
1262 2921 1299 2978 20,
1325 2914 1432 2965 riemlich
1449 2914 1593 2979 drinnlimg,
1612 2911 1672 2961 doch
1690 2914 1760 2971 020⁶,

76 2985 137 3033 dni!
153 2986 242 3046 0,033‚
270 2988 407 3054 Ringkreur
431 2991 487 3039 und
505 2991 671 3057 Unterscbn'ft
689 2993 780 3057 gleiche
804 2993 894 3043 dunkle
911 2994 987 3042 Dinre
1011 2992 1059 3057 (die
1081 2991 1156 3040 heller
1179 2989 1319 3040 schaeimnde
1344 2988 1419 3037 Diale
1441 2987 1481 3036 des
1499 2987 1521 3034 E
1538 2984 1605 3034 wird
1621 2984 1715 3032 durans
1732 2999 1761 3031 zu

76 3056 190 3105 rrkldrm
213 3060 273 3118 sein,
300 3061 357 3109 dass
379 3061 448 3110 nicht
460 3063 590 3128 grrriigend
602 3063 679 3112 Dinte
695 3064 722 3112 in
740 3065 783 3113 der
800 3065 875 3113 Feder
891 3081 957 3124 zuar,
987 3065 1032 3114 das
1048 3067 1057 3114 l
1074 3079 1122 3112 von
1147 3063 1272 3125 catholice
1291 3062 1323 3110 ist
1345 3059 1443 3124 chorso).
1479 3057 1528 3107 Die
1545 3057 1621 3106 Dinte
1638 3057 1682 3104 der
1702 3055 1762 3105 Um-

75 3127 165 3194 schn'fl
182 3131 314 3196 entspn'cht
332 3133 376 3182 der
392 3134 432 3182 des
448 3133 639 3199 Hauptk'o'rpm.
673 3136 802 3201 Datimrig
823 3151 878 3186 vom
897 3137 1020 3186 Schreiber
1036 3137 1077 3186 des
1093 3138 1214 3194 lctrterm,
1241 3149 1289 3182 von
1307 3131 1415 3196 Eugenii
1440 3146 1475 3180 an
1498 3145 1523 3178 so
1546 3128 1707 3178 nucinander
1720 3142 1762 3192 ge-

76 3203 154 3258 stelit,
179 3203 238 3252 dass
255 3203 288 3253 sr'e
305 3205 365 3264 0‚17
389 3205 527 3266 einninrmt,
553 3223 595 3256 um
619 3207 655 3255 dit
673 3207 736 3256 Zeile
759 3223 788 3256 ru
805 3209 899 3271 srillen.
938 3208 1045 3257 Bosonis
1068 3207 1155 3256 kinnu
1178 3204 1355 3271 nachgetragm
1372 3202 1435 3261 sein,
1463 3217 1534 3250 cumn
1552 3200 1615 3249 auct
1633 3199 1701 3248 wohl
1714 3215 1762 3248 von

73 3273 181 3338 gleicher
194 3276 276 3325 Dr'nte.
313 3275 361 3325 Die
380 3276 561 3343 Zeugmfirmm
579 3278 624 3328 mit
634 3278 774 3328 Aumahme
791 3279 835 3328 der
850 3287 927 3329 ersten
947 3281 1142 3346 Resbyterfirma
1154 3279 1269 3342 (Gregor)
1289 3278 1336 3325 alle
1353 3290 1402 3323 von
1415 3273 1522 3340 gleicher
1537 3272 1672 3320 schwaner
1687 3269 1763 3319 Dinia

76 3345 134 3392 und
147 3347 274 3396 rhcilweise
290 3362 338 3396 von
352 3347 458 3413 gleicher
474 3349 565 3409 Hand,
591 3351 628 3400 die
648 3367 689 3398 am
715 3351 867 3400 dmtlicluien
885 3352 984 3400 beiden
1002 3354 1084 3400 letrten
1106 3351 1186 3398 beiden
1207 3349 1348 3414 stesbytm
1373 3345 1520 3395 minuit.
1556 3343 1703 3410 Auffallend
1724 3342 1761 3400 ist,

76 3417 135 3466 dass
167 3419 236 3468 keim
261 3418 388 3468 Diakonen
421 3421 637 3483 untemichnetm,
670 3423 737 3472 wohl
757 3423 814 3472 wer?
840 3423 877 3473 die
903 3423 1020 3474 Urhmdc
1048 3423 1189 3489 ausgegaebm
1215 3420 1311 3480 wurdt,
1345 3420 1416 3468 bevor
1438 3416 1471 3466 sie
1496 3416 1578 3475 berra,
1593 3415 1643 3464 r'lrre
1669 3415 1763 3463 Bevoll-

77 3490 224 3557 michiigten
242 3507 297 3539 mni
316 3491 430 3557 Signiren
447 3493 542 3544 kamm.

829 3824 896 3899 Nr.
929 3826 1015 3899 109.

82 3970 199 4057 Eugen
217 3971 283 4036 III
300 3973 418 4038 nimmt
439 3973 501 4038 das
519 3971 649 4038 Kloster
663 3973 756 4039 Saul
774 3973 909 4038 Andrea
932 3973 971 4037 di
992 3971 1148 4035 Mantova
1171 3972 1204 4036 in
1227 3967 1458 4055 apostolisclzen
1482 3966 1599 4032 Schutz
1624 3965 1693 4029 und
1713 3962 1762 4028 be·

687 4065 802 4147 stdtigt
815 4065 902 4127 seina
918 4061 1164 4126 Besitzthumer.

721 4208 808 4270 1152
831 4205 908 4268 Mai
920 4207 979 4268 22.
1015 4202 1125 4287 Segni.

243 4356 410 4438 Eugenius
433 4358 619 4440 episcopus
642 4378 754 4421 servus
776 4376 944 4422 servorum
968 4357 1030 4432 dei,
1055 4354 1181 4418 dilectis
1205 4351 1278 4416 filiis
1301 4351 1419 4424 Azoni,
1444 4349 1556 4415 abbati
1574 4349 1762 4412 monasterii

80 4446 185 4508 sancti
209 4445 354 4531 Andrqe,
387 4448 478 4528 quod
508 4449 542 4510 in
564 4447 722 4511 suburbio
746 4448 926 4510 Mantuane
958 4447 1097 4509 civitatis
1120 4446 1218 4508 sitnm
1247 4451 1305 4518 est,
1337 4443 1472 4522 eiusque
1505 4439 1663 4516 fratribus,
1695 4448 1763 4501 tam

80 4535 290 4616 presentibus
307 4556 405 4617 quam
430 4536 552 4612 futuris,
583 4537 764 4618 regularem
787 4537 890 4599 vitam
913 4535 1078 4617 professis,
1094 4546 1133 4598 IN
1148 4544 1226 4595 ΡΡΜ.
1243 4565 1287 4578 -
1308 4530 1312 4610 Ι
1334 4529 1497 4611 Quotiens
1520 4528 1599 4590 illud
1623 4548 1642 4590 a
1665 4527 1763 4591 nobis

80 4625 212 4705 petitur,
244 4625 335 4706 quod
365 4626 513 4707 religioni
544 4635 578 4688 et
609 4625 772 4688 honestati
806 4625 981 4688 convenire
1011 4625 1193 4687 dinoscitur
1210 4623 1254 4697 ²),
1287 4621 1398 4683 animo
1429 4639 1490 4682 nos
1522 4619 1617 4680 decet
1648 4616 1763 4679 libenti

81 4713 266 4776 concedere
296 4721 330 4776 et
360 4717 543 4796 petentium
573 4715 742 4778 desideriis
775 4735 955 4797 congruum
983 4714 1140 4795 impertiri
1173 4711 1370 4792 suffragium
1425 4709 1620 4790 Eapropter,
1653 4704 1763 4768 dilecti

82 4803 114 4865 in
138 4803 277 4865 domino
302 4801 367 4879 filii,
392 4805 506 4868 vestris
530 4805 621 4868 iustis
637 4804 914 4886 postulationibus
937 4804 1115 4867 clementer
1134 4799 1139 4886 Ι
1161 4801 1333 4864 annuimus
1351 4797 1391 4882 b),
1416 4809 1449 4862 et
1464 4797 1629 4880 prelatum
1652 4815 1763 4858 mona-

81 4893 226 4966 sterium,
259 4893 291 4954 in
315 4913 382 4974 quo
406 4895 517 4958 divino
542 4894 720 4976 mancipati
745 4895 823 4956 estis
846 4894 1017 4975 obsequio,
1049 4891 1110 4955 sub
1135 4890 1223 4954 beati
1246 4890 1333 4953 Petri
1367 4896 1400 4951 et
1423 4895 1536 4950 nostra
1558 4885 1765 4967 protectione

80 4981 278 5062 suscipimus
316 4992 349 5045 et
379 4984 568 5065 presenti(s)
600 4985 712 5065 scripti
744 4983 915 5065 privilegio
948 4982 1197 5045 communimus.
1244 4977 1442 5054 Statuentes‚
1474 4986 1511 5039 ut
1541 4994 1765 5057 quascumque

80 5071 316 5150 possessiones
342 5091 547 5154 quecumque
570 5073 660 5135 bona
684 5072 772 5135 idem
796 5073 971 5135 cenobium
994 5071 1028 5134 in
1052 5070 1290 5153 presentiarum
1306 5068 1389 5131 iuste
1406 5078 1439 5130 et
1455 5065 1600 5148 legitime
1616 5064 1766 5146 possidet

81 5169 136 5221 aut
152 5159 347 5223 infuturum
363 5164 575 5226 concessione
590 5160 793 5244 pontificum,
818 5162 991 5244 largitione
1008 5180 1122 5242 regum
1137 5159 1189 5222 vel
1205 5159 1401 5240 principum,
1425 5156 1595 5220 oblatione
1618 5152 1764 5215 fidelium

79 5267 136 5312 seu
160 5249 233 5312 aliis
257 5251 348 5313 iustis
372 5252 480 5315 modis
504 5251 568 5314 deo
592 5252 738 5334 propitio
762 5253 885 5333 poterit
908 5251 1056 5332 adipisci,
1088 5249 1182 5312 firma
1204 5247 1301 5310 vobis
1316 5247 1499 5328 vestrisque
1522 5242 1766 5308 successoribus

81 5348 113 5400 et
136 5337 264 5401 illibata
279 5351 502 5420 permaneant.
539 5342 576 5405 ln
594 5342 712 5423 quibus
728 5340 789 5403 hec
805 5341 947 5423 propriis
964 5337 1117 5402 duximus
1139 5337 1357 5420 exprimenda
1372 5335 1560 5399 vocabulis:
1594 5331 1766 5395 ecclesiam

80 5435 194 5491 sancte
211 5427 315 5518 Marie
338 5429 380 5494 de
396 5431 591 5513 Formigosa
613 5450 689 5494 cum
712 5430 866 5495 omnibus
889 5430 954 5493 suis
978 5428 1243 5511 possessionibus
1267 5433 1300 5490 et
1317 5435 1433 5508 quarta
1454 5435 1548 5508 parte
1566 5421 1767 5485 decimarum

244 5679 270 5744 a)
289 5677 349 5743 Ares
361 5679 445 5728 Ranrr
516 5679 543 5744 b)
562 5691 594 5728 an
611 5679 663 5742 auf
676 5680 767 5728 Ramr.

137 5785 158 5814 v.
174 5770 465 5824 elingit-fluum,
481 5773 537 5815 Acte
551 5775 592 5815 111.
