4126 6356
1680 341 1738 390 121

73 497 167 562 firma
197 501 293 564 vobis
321 504 504 584 vestrisque
536 503 775 566 successoribus
805 511 838 567 et
869 503 994 568 illibata
1026 515 1246 586 permaneant.
1291 507 1328 569 In
1357 507 1473 589 quibus
1504 508 1566 572 hec
1598 511 1741 592 propriis

72 589 229 652 duximus
252 592 465 672 exprimenda
487 592 670 655 vocabulis:
712 613 810 656 omne
833 593 890 668 ius,
914 595 1003 674 quod
1028 593 1155 658 habetis
1178 597 1209 657 in
1233 595 1370 658 ecclesia
1399 599 1501 660 sancti
1524 598 1676 674 Cassiani,
1708 602 1741 663 in

72 677 215 741 ecclesia
236 682 339 743 sancti
362 679 530 744 Laurentii
559 683 600 743 de
620 683 819 745 Pecciorano
844 692 876 744 et
900 685 931 746 in
956 683 1092 746 ecclesia
1115 685 1216 747 sancti
1240 685 1317 747 lusti
1341 687 1382 747 ad
1407 685 1539 748 Arcum.
1587 685 1742 751 Obeunte

72 787 152 830 vero
175 776 218 843 te,
242 789 328 832 nunc
352 771 497 833 eiusdem
522 771 585 834 loci
610 773 727 852 priore,
750 771 802 834 vel
825 780 955 834 tuorum
979 773 1127 852 quolibet
1142 793 1376 848 successorum,
1401 775 1507 837 nullus
1530 776 1573 839 ibi
1597 778 1743 858 qualibet

72 856 295 939 subreptionis
318 862 438 922 astutia
459 880 517 923 seu
540 859 694 922 violentia
718 869 927 942 preponatur,
957 864 1017 923 nisi
1043 883 1139 942 quem
1164 863 1277 924 fratres
1302 867 1465 927 communi
1489 885 1658 940 consensu,
1690 868 1742 931 vel

72 965 150 1027 pars
174 947 300 1010 consilli
323 950 460 1011 sanioris
482 950 662 1012 secundum
686 950 784 1012 deum
809 948 975 1031 elegerint;
999 951 1121 1013 electus
1142 961 1250 1014 autem
1275 952 1317 1014 de
1340 972 1431 1015 more
1451 955 1477 1034 α)
1503 964 1744 1037 representetur

73 1036 235 1118 episcopo
266 1044 299 1099 et
328 1039 493 1101 canonicis
524 1039 656 1101 maioris
687 1037 823 1123 ecclesie
855 1039 1104 1102 confirmandus.
1158 1039 1370 1103 Prohibemus
1402 1043 1513 1116 etiarn,
1554 1053 1588 1106 ut
1621 1047 1742 1107 nemini

73 1122 181 1198 liceat,
196 1124 417 1207 parrochianis
432 1129 557 1202 vestris,
580 1127 675 1191 vobis
691 1127 890 1203 inconsultis
915 1130 1106 1210 penitentias
1122 1131 1208 1203 dare,
1225 1130 1284 1190 nisi
1300 1130 1384 1192 forte
1399 1131 1430 1192 in
1445 1140 1536 1195 tanta
1551 1135 1743 1197 necessitate

71 1212 201 1289 fuerint,
226 1215 315 1296 quod
339 1216 382 1279 ad
408 1237 468 1279 nos
491 1236 657 1280 recurrere
681 1237 746 1278 non
770 1219 906 1297 possint.
954 1217 1042 1280 Nulli
1067 1237 1199 1298 quoque
1223 1219 1335 1280 abbati
1359 1219 1411 1282 vel
1435 1221 1597 1283 monacho
1621 1223 1669 1284 sas
1692 1225 1743 1298 sit,

71 1303 168 1365 vobis
201 1305 434 1386 ignorantibus,
465 1305 752 1388 parrochianorum
783 1315 963 1369 vestrorum
1000 1307 1140 1389 aliquem
1173 1307 1366 1370 monachum
1402 1308 1523 1383 lacere,
1563 1311 1622 1372 nisi
1654 1313 1744 1374 salva

72 1392 212 1478 ecclesie
234 1401 341 1478 vestre
372 1396 505 1458 iusticia.
552 1393 815 1458 Celebrationem
848 1393 1017 1476 baptismi,
1056 1417 1118 1482 que
1149 1396 1191 1459 ab
1223 1399 1382 1478 episcopo
1410 1407 1443 1460 et
1471 1400 1631 1461 canonicis
1654 1400 1742 1463 beati

73 1482 206 1544 Martini
243 1483 275 1545 in
302 1492 410 1547 vestra
440 1487 610 1548 consuevit
639 1483 775 1547 ecclesia
804 1486 835 1546 in
867 1484 920 1546 die
950 1487 1054 1547 sancti
1084 1485 1209 1548 sabbati
1241 1485 1325 1560 fieri3
1360 1489 1510 1568 antiquas
1541 1491 1639 1550 etiarn
1670 1510 1744 1570 pro·

72 1573 242 1634 cessiones
272 1593 311 1635 ac
340 1575 498 1636 stationes
529 1583 562 1637 et
592 1576 706 1638 missas
738 1575 884 1648 maiores,
917 1593 980 1653 que
1005 1576 1036 1636 in
1061 1575 1179 1637 eadem
1201 1575 1346 1648 ecclesia,
1378 1576 1511 1656 prefixis
1542 1577 1667 1652 diebus,
1699 1578 1741 1641 ab

72 1661 201 1723 eisdem
233 1663 396 1724 canonicis
426 1662 583 1726 celebrari
612 1662 727 1737 solent,
757 1662 852 1725 vobis
884 1669 917 1724 et
950 1682 1008 1744 per
1039 1684 1097 1724 vos
1121 1662 1256 1743 ecclesie
1280 1671 1386 1748 vestre
1415 1664 1643 1728 nichilominus
1667 1688 1742 1730 con·

72 1747 249 1812 firmamus
294 1749 509 1814 Decernimus
533 1771 621 1835 ergo,
653 1760 688 1814 ut
710 1751 787 1814 nulli
812 1751 944 1814 omnino
967 1751 1133 1814 hominum
1157 1751 1259 1827 liceat,
1291 1752 1450 1834 prefatam
1475 1754 1647 1817 ecclesiam
1673 1806 1679 1818 .
1704 1804 1742 1818 ..

71 1839 185 1901 usibus
218 1841 417 1902 omnimodis
441 1841 618 1923 profutura,
650 1839 740 1903 salva
770 1841 799 1902 in
831 1840 980 1903 omnibus
1011 1842 1192 1927 apostolice
1223 1843 1308 1906 sedis
1339 1845 1532 1905 auctoritate
1564 1852 1598 1906 et
1620 1843 1742 1907 Lucani

72 1930 224 2010 episcopi
241 1931 398 1992 canonica
413 1933 603 1994 reverentia.
649 1930 684 1994 Si
709 1949 774 2010 qua
797 1932 894 2011 igitur
919 1977 973 1992 ...
997 1930 1128 1994 Cunctis
1152 1940 1261 1994 autem
1280 1981 1286 1994 .
1303 1979 1310 1993 .
1327 1979 1334 1992 .
1352 1934 1524 1994 inveniant.
1563 1931 1682 1996 Amen.
1699 1970 1743 1980 —

72 2015 162 2080 Α-ω.
188 2053 233 2063 -
256 2016 375 2082 Amen.
399 2056 442 2068 -

288 2107 342 2184 (R)
367 2106 440 2190 Ego
464 2109 658 2171 Anastasius
682 2106 842 2170 catholice
866 2106 1003 2171 ecclesie
1027 2109 1203 2191 episcopus
1225 2129 1266 2170 ss.
1289 2106 1351 2193 (M)

287 2195 307 2278 †
330 2196 403 2278 Ego
427 2196 526 2278 Hugo
550 2196 733 2260 Hostiensis
757 2197 933 2278 episcopus
956 2218 997 2259 ss.
1022 2203 1068 2276 (3)

287 2321 331 2332 -
353 2286 373 2366 †
395 2287 470 2368 Ego
495 2283 769 2367 GG.(Gregorius)
793 2285 956 2367 presbiter
979 2286 1148 2350 cardinalis
1171 2288 1218 2347 tit.
1243 2284 1361 2348 Calixti
1383 2305 1424 2348 ss.

287 2374 308 2454 †
331 2374 403 2456 Ego
429 2372 563 2460 Gui(do)
587 2374 748 2456 presbiter
772 2375 941 2436 cardinalis
964 2377 1012 2437 tit.
1037 2376 1137 2438 sancti
1163 2372 1337 2455 Grisogoni
1360 2395 1401 2437 ss.

288 2463 308 2543 †
332 2463 403 2546 Ego
427 2463 599 2526 Hubaldus
622 2463 785 2546 presbiter
808 2464 979 2526 cardinalis
1002 2467 1049 2527 tit.
1075 2473 1186 2527 sancte
1211 2462 1364 2527 Praxedis
1388 2484 1429 2526 ss

288 2552 308 2632 †
331 2552 404 2634 Ego
429 2553 618 2616 Manlredus
642 2553 803 2635 presbiter
824 2553 995 2615 cardinalis
1018 2557 1066 2617 tit.
1089 2562 1201 2636 sancte
1224 2553 1342 2634 Savine
1365 2573 1406 2614 ss

287 2677 331 2688 -
354 2642 374 2722 †
397 2641 469 2724 Ego
494 2638 596 2705 Oddo
625 2643 783 2705 diaconus
815 2641 985 2704 cardinalis
1014 2644 1117 2706 sancti
1142 2641 1271 2723 Georgii
1304 2644 1345 2704 ad
1369 2641 1489 2705 Velum
1513 2637 1521 2728 ss
1545 2663 1677 2706 aureum
1701 2665 1743 2706 ss,

288 2731 308 2811 †
331 2729 404 2812 Ego
428 2731 565 2794 lacintus
588 2731 745 2794 diaconus
769 2730 942 2793 cardinalis
965 2740 1077 2794 sancte
1101 2733 1204 2795 Marie
1229 2734 1261 2792 in
1285 2730 1477 2811 Cosmydyn
1502 2751 1543 2794 ss

287 2821 309 2898 †
331 2821 404 2902 Ego
427 2820 591 2885 Gerardus
614 2821 774 2884 diaconus
796 2818 964 2882 cardinalis
986 2831 1098 2906 sancte
1123 2822 1225 2884 Marie
1248 2822 1280 2882 in
1302 2819 1365 2884 Via
1388 2820 1453 2883 lata
1476 2839 1518 2882 ss.

286 2911 307 2988 †
331 2907 402 2991 Ego
428 2908 506 2971 Odo
528 2911 685 2973 diaconus
709 2908 882 2972 cardinalis
905 2913 1008 2972 sancti
1031 2908 1180 2973 Nicholai
1204 2912 1235 2972 in
1259 2929 1388 2973 carcere
1411 2908 1562 2972 Tulliano
1586 2928 1627 2972 ss.
1651 2907 1698 2992 (Ι)

232 2996 309 3060 Dat.
324 2998 482 3074 Laterani,
506 3019 565 3081 per
588 3019 719 3062 manum
735 2997 883 3072 Rolandi,
908 3007 1017 3084 sancte
1040 2999 1187 3084 Romane
1211 2998 1347 3084 ecclesie
1372 2998 1545 3080 presbiteri
1569 2997 1742 3062 cardinalis

69 3093 104 3147 et
134 3084 328 3150 cancellarii.
374 3085 460 3150 Non.
492 3086 611 3151 Octub.
664 3089 845 3152 Indictione
878 3088 990 3168 prima.
1044 3087 1275 3152 lncarnationis
1307 3089 1471 3172 dominice
1503 3108 1589 3150 anno
1622 3099 1743 3151 MCLIII.

71 3174 286 3238 Pontificatus
309 3197 387 3239 vero
411 3178 524 3240 domni
546 3178 740 3241 ANASTASII
763 3178 839 3238 unti
862 3175 922 3239 ΡΡ.
946 3197 1032 3239 anno
1057 3179 1173 3260 primo.
1194 3205 1241 3222 *-

237 3291 281 3340 Or.
299 3291 355 3340 wid
370 3307 453 3341 ιιιιιιιι
470 3291 546 3354 Kopie
565 3291 602 3354 (S.
625 3289 748 3340 Giovanni
764 3291 778 3338 7
795 3290 847 3338 Oct.
868 3291 950 3356 1153),
970 3289 1003 3338 im
1021 3291 1178 3340 Archimedi
1194 3292 1261 3340 Sento
1277 3307 1307 3340 ru
1325 3291 1408 3340 Lucra

237 3363 306 3428 Perg.
324 3363 385 3423 ital,
402 3364 438 3413 br.
453 3365 522 3423 0,54,
539 3365 600 3428 lang
616 3379 635 3410 ι.
650 3365 719 3422 0,64,
738 3369 812 3410 untm
830 3375 849 3408 ι.
863 3363 942 3421 0,048
959 3363 1148 3428 mergeschlagen,
1168 3363 1244 3410 durch
1262 3367 1278 3412 2
1298 3363 1390 3411 Lo'clrer
1403 3361 1465 3427 ging
1482 3360 1518 3410 die
1537 3360 1640 3422 Schnur,
1660 3361 1746 3411 welche

71 3432 116 3481 neit
133 3433 187 3480 dem
209 3433 331 3500 Bleiriegel
345 3437 460 3494 verloren,
480 3434 587 3500 Fallung
604 3434 647 3483 der
664 3435 762 3483 Bullen.
798 3432 929 3496 Konscript
945 3433 1000 3482 sehr
1015 3434 1087 3482 schin
1101 3434 1257 3499 gesclm'eben.
1294 3433 1429 3498 Ringkreus
1446 3433 1501 3480 und
1520 3432 1682 3498 Untersclrrisl
1698 3449 1746 3482 von

68 3505 176 3569 gkieher
197 3521 291 3570 greum
315 3507 391 3555 Diale
415 3507 472 3554 und
492 3506 610 3555 schwerer
633 3505 719 3565 Hand,
747 3504 784 3553 die
810 3503 947 3567 Umschnfl
969 3505 995 3552 ιἰι
1022 3505 1077 3554 sehr
1102 3505 1224 3554 sierlichen
1243 3505 1392 3554 Buchstaben
1418 3503 1574 3569 mssgesiihrt,
1602 3503 1668 3554 wohl
1690 3520 1745 3553 vore

72 3575 335 3640 Kmm'ptsckreiber;
351 3593 399 3627 von
416 3577 465 3626 ihm
483 3577 557 3626 n'ihrt
574 3577 637 3626 orech
655 3577 692 3626 die
709 3576 838 3640 Datimng
852 3575 901 3636 ker,
921 3576 958 3624 die
974 3577 1031 3625 aber
1046 3577 1163 3625 vr'elleiclre
1180 3577 1224 3625 mit
1241 3577 1370 3625 dunilerer
1386 3576 1462 3624 Dinte
1480 3575 1636 3640 eingetragen,
1662 3575 1705 3624 das
1723 3577 1745 3625 R

71 3649 184 3696 helenes
202 3650 260 3715 ser'gt
277 3649 437 3698 abweiehende
450 3665 536 3716 graue,
553 3649 590 3699 die
608 3649 651 3698 der
668 3647 843 3711 Unterschn'fl;
860 3649 906 3694 mit
922 3647 963 3696 ihr
979 3648 1037 3695 nied
1051 3648 1113 3696 aucle
1132 3649 1169 3697 die
1185 3647 1279 3696 meislen
1298 3648 1392 3713 Zeugen
1406 3647 1562 3711 gesckrieben,
1581 3646 1685 3696 Hubald
1699 3663 1747 3695 von

71 3720 115 3767 der
132 3720 211 3768 Dino
235 3721 291 3769 mid
305 3719 385 3770 Hand
407 3723 448 3770 des
465 3722 614 3785 Konsmpts.
651 3720 700 3769 Die
718 3717 921 3784 Presbyterkreuee
943 3719 1021 3768 stelen
1045 3719 1112 3768 dicht
1132 3737 1165 3768 ιιι
1189 3721 1232 3768 der
1252 3720 1334 3768 linken
1351 3719 1439 3778 Καιιιι,
1469 3719 1507 3768 die
1525 3719 1581 3781 Ego
1605 3734 1687 3767 messer
1703 3719 1748 3767 das

71 3790 188 3840 lhebalds
202 3793 291 3857 soloen
312 3793 466 3842 unmritelbar
489 3793 605 3854 daritim,
632 3808 658 3842 so
681 3792 738 3840 dass
761 3791 798 3840 ein
821 3805 916 3855 grosser
936 3789 1007 3839 Tlm'l
1024 3791 1068 3840 der
1085 3791 1220 3856 Signirung
1235 3791 1297 3839 lieris
1319 3807 1366 3839 von
1391 3792 1434 3838 der
1450 3789 1585 3838 Seitmlinie
1601 3790 1672 3850 steht,
1703 3791 1748 3839 das

72 3864 131 3929 Ego
149 3862 265 3913 Hubalds
281 3864 342 3913 steht
359 3864 434 3914 rechts
450 3881 498 3914 von
516 3865 596 3916 dieser.

821 4199 887 4274 Nr.
919 4203 1004 4274 116.

74 4330 270 4396 Anastasius
287 4331 310 4396 I
316 4329 344 4395 V
364 4332 482 4395 nimmt
501 4332 564 4396 das
581 4330 710 4395 Kloster
731 4331 800 4396 San
815 4331 983 4397 Salvatore
1003 4331 1060 4395 del
1072 4327 1287 4395 Montame'ata
1311 4329 1345 4393 in
1367 4327 1597 4414 apostolisclzen
1620 4326 1746 4406 Scleutz,

75 4419 227 4504 besteitigt
247 4422 334 4485 seina
352 4421 454 4485 Ge'e'ter
471 4421 548 4484 und
560 4421 677 4484 Reclete
692 4421 762 4485 und
773 4421 911 4484 verleiht
928 4422 1002 4485 dem
1018 4421 1098 4484 Abte
1116 4421 1171 4484 die
1192 4418 1414 4503 bischeflz'cleen
1429 4418 1613 4497 Abzez'clun,
1636 4417 1748 4495 wofeir

423 4509 574 4596 jdlzrlicli
588 4507 673 4574 awee'
685 4509 865 4593 Byeonae'er
878 4531 921 4574 an
935 4511 990 4574 die
1007 4508 1109 4574 Kure'e
1123 4530 1164 4572 ιιι
1178 4508 1292 4572 zallen
1306 4508 1391 4572 sind.

663 4648 746 4708 1153
769 4642 899 4708 October
911 4646 966 4706 23.
1013 4644 1161 4706 Lateran.

236 4775 429 4842 Anastasius
442 4779 625 4861 episcopus,
637 4776 772 4864 (servus)
785 4799 952 4841 servorum
961 4778 1023 4851 dei,
1033 4777 1161 4840 dilectis
1175 4775 1248 4839 filiis
1257 4776 1418 4850 Raineri0,
1432 4774 1544 4838 abbati
1553 4771 1746 4836 venerabilis

77 4869 266 4930 monasterii
289 4868 390 4929 sancti
412 4865 589 4930 Salvatoris
613 4870 655 4930 de
679 4869 792 4931 Monte
815 4869 960 4942 Amiat0,
985 4869 1118 4946 eiusque
1142 4865 1301 4942 fratribus
1325 4875 1392 4928 tam
1421 4863 1624 4946 presentibus
1648 4882 1746 4943 quam

76 4955 198 5030 suturis,
228 4956 409 5038 regularem
433 4958 533 5019 vitam
559 4957 719 5039 professis
753 4959 785 5018 in
810 4965 1014 5038 perpetuum.
1061 4953 1153 5018 Sicut
1176 4956 1320 5017 omnium
1346 4953 1555 5016 ecclesiarum
1578 4961 1628 5014 est
1651 4951 1747 5015 nobis

76 5046 185 5108 adeo
208 5065 286 5107 cura
310 5053 343 5108 et
365 5045 550 5108 sollicitudo
579 5047 760 5120 commissa,
791 5048 836 5108 ita
860 5065 920 5128 pro
945 5045 1097 5107 omnibus
1120 5044 1247 5107 solliciti
1272 5062 1342 5106 esse
1367 5041 1598 5124 compellimur,
1629 5049 1662 5101 et
1686 5061 1746 5122 pro

77 5133 136 5196 illis
160 5135 325 5217 precipue,
357 5153 421 5214 que
450 5135 493 5198 ad
525 5135 572 5197 ius
596 5135 683 5198 beati
708 5134 793 5197 Petri
826 5135 958 5217 proprie
991 5135 1153 5214 pertinere
1181 5142 1365 5195 noscuntur.
1412 5129 1605 5213 Eapropter,
1637 5128 1746 5192 dilecti

76 5223 107 5284 in
131 5225 270 5286 domino
294 5222 359 5298 filii,
389 5225 504 5286 vestris
536 5225 627 5287 iustis
651 5224 860 5306 petitionibus
884 5222 1061 5285 clementer
1091 5223 1270 5296 annuimus,
1301 5230 1334 5283 et
1364 5221 1603 5302 predecessoris
1636 5220 1746 5292 nostri,

76 5311 163 5374 bone
196 5314 354 5375 memorie
384 5311 535 5375 Celestini
568 5333 654 5395 pape
673 5314 705 5394 ¹),
736 5313 878 5393 vestigiis
908 5310 1106 5386 inherenteS‚
1140 5311 1300 5392 prefatum
1335 5311 1585 5382 monasterium,
1615 5307 1646 5370 in
1679 5326 1746 5387 quo

76 5401 188 5463 divino
216 5403 392 5483 mancipati
423 5404 500 5464 estis
533 5402 701 5484 obsequie,
732 5402 792 5464 sub
821 5401 907 5464 beati
935 5400 1021 5463 Petri
1053 5409 1085 5463 et
1116 5408 1228 5462 nostra
1258 5399 1462 5482 protectione
1492 5397 1684 5478 suscipimus
1715 5404 1747 5458 et

77 5493 238 5571 presentis
259 5491 373 5572 scripti
395 5491 566 5574 privilegio
590 5493 837 5554 communimus.
882 5487 1079 5566 Statuentes,
1109 5497 1143 5552 ut
1167 5507 1389 5571 quascumque
1412 5487 1645 5570 possessiones,
1670 5503 1748 5564 que·

238 5689 263 5746 a)
289 5683 401 5733 domore.
419 5723 470 5730 ,-
489 5686 526 5749 .1)
548 5684 608 5734 Uele.
627 5701 681 5734 vom
700 5687 734 5734 23
753 5683 861 5734 ltbnear
883 5687 956 5734 1144.

130 5793 150 5819 v.
165 5780 457 5832 Priuer-neretum.
474 5782 530 5823 Actu
544 5783 586 5823 111.
1509 5761 1540 5810 16
