4090 6358
307 313 349 402 56

302 513 431 594 absque
452 519 563 574 vestro
587 530 720 573 assensu
751 509 953 592 presbiteros
978 510 1161 584 collocent,
1192 505 1317 588 quibus,
1349 509 1376 570 si
1408 508 1518 570 idonei
1550 507 1679 587 suerint,
1713 530 1787 572 cum
1812 510 1995 574 eorundem

302 601 538 665 monachorum
569 619 731 662 consensu
765 597 923 687 parochie
954 619 1065 662 curam
1099 599 1291 674 comittatis,
1323 607 1359 659 ut
1389 598 1550 660 eiusmodi
1583 599 1773 662 sacerdotes
1807 600 1849 661 de
1884 600 1996 682 plebis

303 694 436 772 quidem
462 709 539 752 cura
562 689 658 750 vobis
683 689 914 768 respondeant,
949 687 1120 752 monachis
1151 707 1230 750 vero
1264 708 1325 769 pro
1358 687 1455 750 rebus
1479 688 1720 768 temporalibus
1744 689 1890 752 debitam
1919 690 1995 752 sub-

303 781 474 843 iectionem
500 777 685 840 exhibeant.
732 777 818 840 Nulli
842 798 922 860 ergo
954 777 1126 841 hominum
1159 777 1265 847 liceat,
1296 777 1386 856 quod
1411 798 1429 840 a
1453 785 1486 839 te
1511 797 1610 859 super
1630 779 1841 841 institucione
1864 779 1995 860 prefate

304 869 440 932 ecclesie
464 866 586 929 factum
617 876 668 930 est
700 875 733 930 et
757 889 776 929 a
800 868 896 930 nobis
926 867 1105 943 firmatum,
1132 866 1305 947 infringere
1328 865 1380 927 vel
1413 875 1538 929 mutare
1562 887 1619 928 seu
1644 866 1793 946 qualibet
1818 871 1995 931 occasione

304 957 487 1022 convellere
511 976 571 1018 nec
596 957 663 1018 cius
694 957 918 1039 possessiones
953 957 1082 1019 auferre
1106 955 1158 1018 vel
1190 955 1316 1018 ablatas
1347 956 1493 1032 retinere,
1525 957 1671 1019 minuere
1701 977 1758 1020 seu
1792 957 1995 1039 quibuslibet

304 1046 586 1112 molestationibus
603 1045 748 1128 fatigare,
773 1047 831 1109 sed
849 1047 959 1109 omnia
975 1048 1100 1128 integra
1116 1052 1349 1108 conserventur
1366 1065 1489 1120 eorum,
1513 1067 1574 1127 pro
1596 1065 1736 1125 quorum
1753 1046 1994 1127 gubernatione

305 1147 338 1200 et
360 1137 596 1200 sustentatione
620 1156 778 1198 concessa
800 1145 885 1211 sunt,
910 1136 1023 1198 usibus
1048 1135 1248 1198 omnimodis
1273 1134 1451 1216 profutura,
1477 1135 1565 1197 salva
1589 1137 1620 1197 in
1638 1135 1790 1198 omnibus
1806 1137 1994 1218 apostolice

304 1228 391 1289 sedis
422 1227 624 1287 auctoritate.
676 1222 709 1288 Si
743 1245 807 1305 qua
835 1226 931 1307 igitur
962 1225 992 1287 in
1024 1233 1195 1307 posterum
1226 1224 1449 1287 ecclesiastica
1479 1224 1675 1287 secularisve
1709 1245 1868 1307 persona,
1907 1225 1994 1288 hanc

306 1325 415 1378 nostre
448 1315 691 1376 constitutionis
716 1319 869 1397 paginam
901 1317 1018 1390 sciens,
1051 1323 1166 1376 contra
1195 1333 1267 1376 eam
1301 1321 1427 1375 temere
1450 1317 1560 1376 venire
1591 1317 1811 1396 temptaverit,
1844 1316 1992 1378 secundo

305 1409 444 1469 tertiove
475 1407 685 1480 commonita,
718 1407 744 1466 si
778 1425 843 1467 non
875 1412 1000 1466 reatum
1033 1423 1127 1465 suum
1157 1423 1302 1484 congrua
1333 1403 1553 1466 satisfactione
1586 1406 1782 1479 correxerit,
1816 1407 1993 1487 potestatis

305 1494 506 1573 honorisque
530 1494 579 1554 sui
608 1494 767 1575 dignitate
798 1502 915 1569 careat,
949 1503 981 1556 et
1005 1515 1024 1556 a
1047 1494 1266 1556 sacratissimo
1298 1513 1439 1574 corpore
1469 1502 1503 1555 et
1526 1495 1682 1574 sanguine
1715 1494 1768 1556 dei
1805 1503 1838 1556 et
1869 1496 1993 1558 domini

305 1587 407 1646 nostri
430 1584 503 1646 lesu
529 1580 645 1644 Christi
678 1583 781 1645 aliena
814 1582 888 1660 fiat,
922 1591 1021 1663 atque
1052 1585 1084 1644 in
1117 1588 1268 1644 extremo
1302 1584 1453 1645 examine
1486 1583 1631 1645 districte
1664 1584 1778 1646 ultioni
1813 1584 1992 1647 subiaceat

307 1673 439 1737 Cunctis
463 1691 550 1744 ver0,
582 1673 690 1735 eidem
716 1671 853 1735 ecclesie
876 1693 935 1735 sua
963 1677 1032 1736 iura
1062 1671 1277 1745 servantibus
1310 1671 1350 1734 sit
1381 1693 1448 1754 pax
1479 1673 1603 1735 domini
1636 1675 1738 1736 nostri
1762 1670 1835 1736 Iesu
1860 1673 1991 1748 Christi,

307 1769 524 1843 quatenuset
511 1759 598 1823 thic
622 1762 762 1824 fructum
794 1762 881 1824 bone
914 1771 966 1825 ac
968 1782 1051 1824 roms
1083 1763 1269 1844 percipiant
1301 1770 1334 1823 et
1366 1763 1454 1843 apud
1487 1763 1671 1825 districtum
1698 1762 1841 1825 iudicem
1866 1764 1992 1846 premia

307 1861 420 1915 eterne
444 1851 533 1971 pacis
557 1851 726 1913 inveniant.
773 1850 893 1914 Amen.
918 1852 1035 1914 Amen.
1060 1851 1180 1914 Amen.

521 1937 575 2022 (R)
599 1940 672 2022 Ego
696 1940 816 2003 Lucius
841 1940 1000 2004 catholice
1025 1939 1163 2002 ecclesie
1187 1941 1365 2021 episcopus
1389 1959 1430 2000 ss
1455 1939 1517 2019 (Μ)

520 2027 541 2109 †
564 2027 637 2110 Ego
663 2028 832 2092 Conradus
856 2027 1045 2094 Sabinensis
1070 2032 1247 2112 episcopus
1271 2048 1312 2089 ss.

521 2117 540 2198 †
563 2120 637 2200 Ego
661 2118 895 2182 Theodevinus
919 2130 1032 2183 sancte
1054 2118 1187 2204 Ruifine
1211 2120 1389 2199 episcopus
1413 2137 1454 2180 ss

521 2206 541 2286 †
565 2208 637 2288 Ego
662 2208 835 2271 Albericus
859 2208 1042 2272 Hostiensis
1066 2210 1245 2291 episcopus
1268 2227 1309 2269 ss.

522 2297 542 2376 †
566 2295 638 2378 Ego
662 2297 785 2360 Imarus
809 2298 1014 2361 Tusculanus
1038 2297 1214 2380 episcopus
1238 2317 1278 2359 ss

520 2383 541 2466 †
565 2384 638 2468 Ego
664 2386 776 2449 Petrus
801 2387 999 2451 Albanensis
1023 2389 1200 2470 episcopus
1222 2406 1265 2448 ss

522 2472 542 2555 †
566 2475 639 2557 Ego
665 2473 841 2559 Gregorius
865 2479 1029 2560 presbiter
1051 2476 1225 2539 cardinalis
1249 2471 1326 2556 (tit.)
1350 2476 1455 2537 sancti
1480 2473 1600 2537 Calixti
1623 2495 1665 2536 ss.

522 2563 543 2645 †
566 2564 639 2646 Ego
663 2565 843 2648 Raynerius
868 2568 1030 2650 presbiter
1054 2565 1221 2629 cardinalis
1244 2565 1291 2627 tit.
1315 2573 1427 2627 sancte
1451 2564 1559 2626 Prisce
1582 2584 1622 2626 ss.

523 2653 542 2734 †
566 2653 639 2736 Ego
664 2654 778 2719 Petrus
802 2657 963 2739 presbiter
987 2655 1157 2720 cardinalis
1180 2656 1225 2717 tit
1250 2655 1352 2718 sancti
1375 2653 1466 2716 Pauli
1490 2674 1531 2716 ss.

523 2740 544 2821 †
568 2742 640 2825 Ego
664 2745 810 2808 Thomas
835 2747 996 2828 presbiter
1020 2744 1193 2809 cardinalis
1216 2744 1262 2809 tit.
1286 2751 1398 2806 sancte
1421 2741 1559 2806 Vestine
1582 2764 1623 2804 ss

524 2831 543 2912 †
567 2833 640 2914 Ego
664 2834 814 2898 Ubaldus
838 2836 998 2919 presbiter
1022 2832 1194 2898 cardinalis
1217 2834 1264 2896 tit.
1287 2842 1402 2896 sancte
1425 2834 1583 2897 Praxedis
1605 2851 1646 2895 ss.

524 2921 544 3000 †
568 2921 640 3004 Ego
665 2923 835 2987 Rainerius
859 2926 1019 3007 presbiter
1042 2923 1210 2987 cardinalis
1233 2925 1281 2986 tit.
1306 2925 1410 2986 sancti
1435 2921 1595 3005 Stephani
1626 2923 1658 2983 in
1684 2920 1775 2985 Celio
1807 2930 1921 2986 monte
1949 2944 1987 2986 ss.

525 3010 545 3090 †
568 3011 641 3093 Ego
666 3011 843 3095 Gregorius
868 3015 1022 3077 diaconus
1046 3013 1215 3076 cardinalis
1239 3022 1424 3076 sanctorum
1450 3009 1556 3094 Sergii
1581 3020 1614 3074 et
1637 3011 1737 3074 Bachi
1760 3031 1802 3073 ss.

525 3101 546 3178 †
569 3103 642 3182 Ego
667 3099 749 3165 Otto
773 3105 945 3167 cardinalis
970 3104 1126 3166 diaconus
1149 3105 1252 3164 sancti
1277 3100 1412 3183 Georgii
1436 3103 1479 3164 ad
1502 3100 1622 3164 Velum
1647 3121 1780 3163 aureum
1805 3121 1845 3164 ss.

524 3187 545 3270 †
569 3189 641 3272 Ego
667 3189 774 3254 Guido
799 3193 957 3255 diaconus
980 3191 1152 3256 cardinalis
1176 3201 1360 3254 sanctorum
1386 3189 1507 3254 Cosme
1531 3199 1564 3253 et
1587 3189 1738 3252 Damiani
1762 3212 1803 3254 ss.

526 3278 546 3358 †
570 3279 643 3361 Ego
668 3279 777 3344 Guido
802 3285 833 3344 in
856 3283 1005 3345 Romana
1030 3282 1169 3344 ecclesia
1192 3281 1302 3344 altaris
1327 3281 1470 3342 minister
1493 3280 1642 3361 indignus
1666 3299 1707 3341 ss.

526 3367 546 3446 †
570 3369 642 3450 Ego
666 3369 826 3433 Iohannes
850 3373 1007 3435 diaconus
1031 3370 1202 3433 cardinalis
1226 3380 1340 3433 sancte
1364 3371 1468 3433 Marie
1491 3367 1586 3432 Nove
1609 3389 1650 3431 ss.

474 3455 550 3518 Dat.
574 3457 742 3535 Laterani,
773 3481 832 3543 per
856 3482 986 3524 manum
1010 3461 1162 3534 Batonis,
1193 3459 1352 3542 capellani
1376 3468 1409 3520 et
1432 3459 1607 3540 scriptoris.
1654 3457 1740 3520 Non.
1764 3457 1899 3540 Aprilis,
1945 3461 1990 3522 In-

315 3545 458 3607 dictione
489 3558 545 3608 v11.
608 3509 841 3613 Incarnaltionis
874 3551 1039 3636 dominice
1070 3569 1156 3612 anno
1188 3561 1346 3612 MCXLHII
1402 3548 1612 3659 Pontificatus
1644 3567 1724 3610 vero
1759 3549 1874 3612 domni
1904 3548 1992 3614 Lucii

315 3635 450 3696 secundi
475 3634 533 3699 ΡΡ.
557 3656 642 3701 anno
667 3641 783 3720 primo.

476 3750 601 3818 Absehrr'ft
625 3769 680 3802 vom
710 3757 741 3802 17
769 3753 862 3818 Jahrb.
889 3756 928 3803 des
955 3755 1027 3803 Liber
1051 3753 1132 3818 Niger
1157 3759 1183 3816 p.
1204 3757 1219 3802 2
1248 3751 1300 3814 (A),
1327 3754 1353 3802 in
1381 3752 1535 3802 Prr'vatbesitz
1558 3769 1587 3800 zu
1615 3753 1709 3811 Niaeer,·
1745 3751 1934 3817 Theilabselm'fl
1958 3749 1993 3798 des

319 3823 352 3868 18
375 3820 466 3885 Jahrb.
488 3821 533 3888 (B)
557 3825 671 3909 (Abbazia
689 3826 757 3874 dr'S.
779 3825 883 3884 Pontici,
902 3825 1067 3875 imArrhr'vio
1085 3825 1243 3873 distarem
1266 3825 1351 3874 Turia.

478 3893 508 3942 In
527 3897 549 3943 Α
576 3897 607 3944 ist
632 3898 681 3946 eine
703 3899 764 3945 lr'ola
782 3897 828 3945 nr.
850 3901 863 3946 t
882 3897 1045 3964 beigereichnet
1070 3896 1125 3945 und
1145 3896 1182 3944 ein
1202 3895 1371 3962 Morwgramm
1394 3896 1438 3944 der
1459 3895 1557 3960 Gruppe
1579 3895 1626 3943 Nr.
1653 3899 1737 3947 4.-
1767 3895 1792 3943 T
1789 3892 1994 3959 herlabsclmflB

316 3962 445 4012 selliesst'
436 3981 462 4013 m
477 3966 521 4014 der
537 3968 637 4016 Adresse
655 3971 699 4017 mit
716 3969 837 4032 episcopo
856 3970 912 4016 und
926 3970 1021 4034 beginnt
1038 3969 1105 4016 demn
1123 3975 1172 4016 erst
1187 3969 1277 4016 wieder
1293 3969 1339 4016 mit
1349 3969 1500 4032 Eapropter.
1537 3967 1740 4032 Schlusssermeln
1757 3982 1805 4015 von
1824 3967 1899 4016 liceat
1910 3965 1992 4032 sehlm

317 4035 372 4082 und
387 4052 438 4084 mer
446 4038 521 4102 seins
536 4039 715 4106 Zeugenfirmen
733 4040 789 4088 und
803 4040 840 4088 die
859 4041 1045 4105 Dalumsormel
1057 4039 1117 4088 sind
1126 4046 1217 4105 gesem.

1074 4325 1140 4401 Nr.
1172 4330 1233 4402 57.

321 4471 441 4536 Lucius
457 4473 501 4537 ΙΙ
523 4472 641 4540 nz'rnmt
664 4478 719 4540 die
745 4473 1018 4559 Kollegiatkr'rclee
1041 4477 1109 4542 San
1134 4478 1279 4541 Martiae
1301 4471 1340 4539 di
1365 4475 1445 4538 Pisa
1471 4476 1504 4538 in
1528 4473 1761 4558 apostolischen
1788 4473 1909 4540 Schutz
1934 4469 1994 4538 und

775 4567 925 4650 beste'ite'gt
939 4567 1010 4631 z'lere
1025 4567 1263 4631 Besitatlnimer
1278 4565 1347 4629 und
1360 4564 1479 4628 Rechte
1496 4567 1533 4642 1).

945 4687 1028 4746 1144
1044 4684 1121 4747 Mai
1135 4686 1184 4747 10.
1217 4683 1372 4746 Lateran.

482 4811 606 4875 Lucius
630 4817 815 4899 episcopus,
839 4837 951 4881 servus
974 4838 1141 4881 servorum
1166 4818 1229 4892 dei,
1253 4817 1382 4879 dilectis
1397 4815 1469 4878 filiis
1484 4815 1596 4888 Leoni
1622 4816 1720 4897 priori
1742 4813 1879 4900 ecclesie
1895 4809 1990 4876 sancti

324 4901 453 4964 Martini
477 4905 518 4964 de
543 4901 696 4967 Guinzica
716 4907 754 4984 a),
779 4908 913 4988 eiusque
936 4908 999 4970 frat
1001 4908 1089 4970 ribus
1113 4915 1178 4969 tam
1204 4914 1337 4989 present
1324 4907 1411 4967 tibus
1431 4926 1530 4986 quam
1555 4904 1678 4977 suturis
1702 4904 1885 4984 regularem
1901 4906 1990 4966 vitam

324 4991 480 5072 professis
511 5005 549 5055 IN
581 5005 724 5055 PPM.-
752 4995 757 5070 l
787 4994 843 5057 Ad
877 4995 942 5060 hoc
972 4995 1159 5059 universalis
1191 4997 1328 5081 ecclesie
1362 5014 1437 5056 cura
1468 4994 1562 5056 nobis
1598 5015 1617 5055 a
1647 4995 1820 5076 provisore
1854 4995 1989 5054 omnium

323 5080 484 5143 bonorum
509 5082 574 5144 deo
599 5087 775 5146 commissa
799 5093 856 5160 est,
890 5095 925 5147 ut
955 5087 1125 5167 religiosas
1154 5086 1327 5168 diligamus
1352 5104 1509 5164 personas
1542 5093 1575 5144 et
1606 5083 1691 5145 bene
1720 5083 1907 5164 placentem
1936 5081 1990 5142 deo

325 5170 515 5251 religionem
546 5173 735 5236 studeamus
770 5175 875 5236 modis
909 5175 1062 5238 omnibus
1094 5195 1286 5256 propagare.
1315 5172 1319 5252 l
1347 5171 1419 5235 Nec
1452 5173 1536 5235 enim
1577 5174 1643 5234 deo
1679 5180 1751 5253 grat
1754 5192 1790 5233 us
1823 5169 1989 5252 aliquando

324 5259 497 5322 famulatus
529 5263 743 5344 impenditur,
776 5265 844 5338 nisi,
876 5284 919 5326 ex
949 5267 1091 5327 caritatis
1122 5263 1232 5326 radice
1263 5263 1461 5345 procedenS,
1495 5263 1680 5345 apuritate
1709 5261 1875 5342 religionis
1906 5260 1990 5324 suerit

326 5358 543 5412 conservatus.
591 5351 639 5413 Ea
663 5361 762 5434 propt
764 5372 807 5427 er,
836 5353 974 5416 dilecti'
968 5374 998 5416 m
1022 5354 1157 5415 domino
1180 5351 1246 5428 filii,
1270 5355 1385 5414 vestris
1409 5354 1501 5415 iustis
1525 5349 1800 5433 postulationibus
1823 5351 1990 5413 clementer

326 5441 504 5514 annuimus,
529 5448 562 5501 et
585 5441 748 5522 prefatam
774 5442 985 5546 ecclesiam,
979 5464 1010 5505 in
1026 5461 1091 5522 qua
1107 5442 1217 5504 divino
1234 5443 1410 5524 mancipati
1428 5444 1505 5504 estis
1523 5440 1693 5519 obsequio,
1716 5439 1777 5502 sub
1803 5439 1893 5502 beati
1916 5433 1989 5502 Petri

327 5536 360 5589 et
383 5537 491 5592 nostra
514 5533 722 5611 protectione
742 5532 936 5614 suscipimus
960 5539 993 5596 et
1013 5533 1174 5613 presentis
1197 5533 1310 5614 scripti
1334 5530 1502 5614 privilegio
1526 5531 1772 5592 communimus.
1805 5525 1989 5594 Statuentes,

485 5692 511 5757 a)
531 5650 779 5758 Imp..·1l(inthi)ce.
804 5731 849 5736 ...
869 5692 906 5758 .1)
931 5693 1008 5756 Vergl.
1027 5691 1064 5740 die
1086 5691 1201 5741 Urkunde
1218 5707 1273 5739 vom
1292 5693 1327 5742 30
1340 5691 1397 5741 Mai
1410 5692 1474 5741 1135
1494 5691 1550 5740 und
1564 5706 1619 5739 vom
1637 5691 1653 5739 2
1672 5689 1801 5740 December
1820 5691 1897 5742 1153.
