4090 6358
1714 347 1753 398 21

73 512 237 595 principis
260 515 349 597 apud
366 517 514 579 Montem
532 517 692 580 Maiorem
717 517 749 579 in
772 516 957 580 Arelatensi
981 519 1138 599 parochia
1160 520 1258 582 situm
1282 527 1340 595 est,
1365 520 1498 601 eiusque
1514 521 1756 585 successoribus

73 603 269 685 regulariter
290 605 525 669 substituendis
549 607 582 668 in
604 613 808 689 perpetuum.
855 604 912 669 Ad
935 607 999 670 hoc
1023 610 1314 691 nos,·disponente
1331 608 1476 686 domino,
1500 609 1534 672 in
1554 611 1756 692 apostolicae

73 693 165 756 sedis
188 695 355 757 servitium
377 705 551 777 promotos
578 697 816 778 cognoscimur,
848 704 883 759 ut
907 698 975 760 eius
999 697 1080 774 filiis,
1111 699 1265 761 auxilium
1290 698 1549 780 implorantibus
1581 700 1757 765 efficaciter

73 781 252 846 subvenire
275 793 308 846 et
331 785 360 846 ei
385 785 578 849 obedientes
602 785 682 849 tueri
706 806 745 848 ac
777 797 958 868 protegere,
990 797 1089 869 prout
1112 787 1264 850 dominus
1295 787 1429 863 dederit,
1460 788 1647 852 debeamus
1693 791 1755 854 Ea·

74 881 216 954 propter
245 873 461 955 petitionibus
491 875 570 951 tuis,
602 875 647 938 fili
680 876 713 938 in
737 874 866 938 Christo
898 873 1101 952 charissime,
1136 877 1309 942 Guilielme
1340 876 1460 954 abbaS,
1493 898 1560 940 non
1591 879 1755 943 immerito

74 961 289 1024 annuendum
314 965 506 1040 censuimus,
538 974 573 1028 ut
597 965 722 1028 Montis
746 965 879 1028 Maioris
904 967 1145 1041 monasterium,
1178 967 1228 1029 cui
1254 966 1317 1029 deo
1342 965 1478 1030 authore
1501 969 1677 1048 praesides,
1712 969 1755 1032 ad

73 1051 347 1132 predecessorum
380 1063 564 1116 nostrorum
589 1054 748 1136 Gregorii,
777 1055 900 1118 Leonis
928 1075 966 1118 ac
990 1054 1142 1118 Nicholai
1172 1065 1206 1118 et
1229 1055 1355 1119 Urbani
1388 1056 1557 1139 exemplar
1584 1057 1755 1140 privilegio

72 1141 164 1204 sedis
187 1142 369 1223 apostolice
393 1143 600 1206 muniremus.
646 1145 707 1207 Per
728 1145 909 1226 praesentis
932 1145 1030 1226 igitur
1046 1145 1166 1207 decreti
1182 1145 1338 1226 paginam
1355 1145 1538 1227 apostolica
1558 1147 1755 1211 authoritate

73 1230 258 1306 statuimus,
291 1241 326 1294 ut
350 1252 576 1315 quaecumque
606 1233 706 1297 hodie
730 1233 817 1296 idem
843 1235 1039 1297 coenobium
1064 1235 1146 1296 iuste
1168 1233 1325 1315 possidet,
1356 1235 1481 1298 sivein
1514 1235 1655 1298 futurum
1679 1257 1754 1300 con·

74 1320 227 1384 cessione
250 1320 458 1402 pontificum,
490 1322 684 1386 liberalitate
707 1324 890 1405 principum
923 1324 974 1386 vel
1002 1323 1170 1386 oblatione
1199 1322 1342 1386 fidelium
1367 1324 1449 1388 iuste
1477 1332 1575 1406 atque
1598 1327 1756 1389 canonice

75 1409 201 1491 poterit
222 1409 368 1492 adipisci,
386 1410 479 1474 firma
494 1412 554 1475 tibi
570 1413 700 1494 tuisque
715 1413 955 1476 successoribus
972 1420 1005 1475 et
1021 1413 1145 1476 illibata
1160 1420 1382 1495 permaneant.
1413 1413 1450 1475 In
1467 1413 1598 1494 quibus:
1615 1425 1754 1478 castrum

73 1498 219 1575 Biduini,
243 1499 334 1580 quod
356 1500 586 1566 iurisdictionis
609 1510 741 1565 sanctae
765 1509 895 1565 nostrae
918 1504 1088 1565 Romanae
1110 1502 1249 1565 habetur
1264 1502 1428 1578 ecclesiae,
1445 1502 1623 1566 secundum
1639 1505 1754 1586 prede·

74 1608 244 1651 cessorum
268 1599 453 1653 nostrorum
478 1592 659 1657 institutum
682 1591 778 1655 vobis
794 1592 974 1674 vestrisque
997 1592 1238 1655 successoribus
1258 1591 1436 1672 regendum
1452 1593 1755 1676 possidendumque

74 1677 302 1741 contradimus
334 1699 408 1742 cum
439 1680 582 1744 ecclesiis
612 1691 745 1744 sanctae
769 1681 900 1758 Mariae,
930 1683 1034 1744 sancti
1058 1673 1205 1756 A'ntonii,
1237 1682 1340 1744 sancti
1363 1681 1449 1743 Petri
1482 1681 1523 1744 de
1547 1681 1754 1747 Monistrolio

73 1786 150 1831 cum
180 1768 337 1832 universis
369 1769 515 1834 eiusdem
548 1771 643 1834 castri
671 1771 892 1852 pertinentiis;
931 1792 974 1833 ex
1005 1791 1070 1852 qua
1097 1770 1251 1833 videlicet
1284 1771 1494 1851 possessione
1525 1770 1623 1834 libras
1652 1771 1754 1836 thuris

73 1877 136 1938 per
160 1858 419 1940 quinquennium
442 1868 523 1936 tres,
555 1881 598 1923 ex
621 1862 693 1943 ipso
717 1881 795 1923 vero
819 1861 1007 1923 monasterii
1030 1860 1137 1941 capite
1160 1880 1220 1941 per
1242 1860 1388 1941 singulos
1410 1880 1514 1922 annos
1530 1861 1755 1942 Merguliensis

74 1954 231 2012 monetae
260 1948 386 2011 solidos
425 1956 565 2030 quatuor
593 1950 806 2013 Lateranensi
836 1950 959 2032 palatio
991 1949 1192 2032 persolvetis.
1251 1948 1490 2013 Confirmamus
1528 1950 1626 2012 etiam
1659 1951 1755 2014 vobis

75 2037 311 2100 monasterium
342 2039 446 2100 sancti
472 2039 603 2102 Martini
634 2039 676 2102 de
698 2039 878 2102 Alamonte
901 2047 934 2102 et
956 2039 1076 2115 villam,
1104 2059 1188 2119 quae
1219 2039 1337 2101 dicitur
1359 2038 1495 2120 Septem
1527 2039 1625 2114 furni,
1657 2046 1691 2102 et
1721 2040 1754 2103 in

74 2126 236 2188 comitatu
267 2126 454 2190 Bederense
485 2128 595 2191 villam
627 2130 655 2192 F
657 2130 786 2205 onneti,
826 2136 858 2191 et
896 2129 928 2191 in
969 2128 1125 2192 comitatu
1156 2128 1298 2209 Regensi
1336 2138 1476 2190 castrum
1513 2127 1604 2209 quod
1635 2136 1756 2192 vocant

74 2214 258 2291 Crisellum,
283 2223 315 2278 et
338 2219 571 2281 monasterium
595 2217 748 2283 Stubloni
772 2239 847 2281 cum
871 2218 1023 2281 omnibus
1046 2217 1251 2299 pertinentiis
1266 2236 1388 2280 eorum.
1434 2217 1649 2280 Decemimus
1665 2237 1754 2300 ergo,

74 2312 111 2366 ut
134 2302 212 2367 nulli
236 2306 373 2369 omnino
403 2305 570 2370 hominum
594 2308 700 2383 liceat,
732 2307 882 2371 eamdem
914 2307 1085 2370 ecclesiam
1116 2314 1243 2370 temere
1272 2305 1464 2388 perturbare
1494 2314 1551 2369 aut
1579 2307 1648 2369 eius
1679 2326 1755 2388 pos·

74 2393 239 2457 sessiones
261 2394 388 2458 auferre
418 2396 471 2459 vel
498 2395 624 2460 ablatas
652 2398 790 2460 retinere
813 2395 864 2459 vel
888 2398 1006 2460 iniuste
1034 2396 1128 2460 datas
1159 2398 1226 2459 suis
1257 2395 1367 2458 usibus
1396 2396 1578 2470 vendicare,
1610 2397 1754 2459 minuere

75 2483 128 2546 vel
154 2486 335 2547 temerariis
357 2486 585 2549 vexationibus
608 2485 752 2568 fatigare,
775 2487 834 2549 sed
858 2487 970 2549 omnia
992 2489 1119 2568 integra
1133 2492 1367 2548 conserventur
1389 2505 1512 2560 eorum,
1534 2506 1597 2567 pro
1613 2505 1753 2566 quorum

75 2575 317 2637 sustentatione
341 2582 375 2636 et
397 2575 636 2657 gubernatione
660 2595 817 2639 concessa
839 2583 921 2651 sunt,
951 2575 1063 2640 usibus
1088 2575 1286 2638 omnimodis
1309 2575 1486 2657 profutura.
1534 2571 1689 2638 Obeunte
1712 2583 1754 2650 te,

77 2684 164 2726 nunc
187 2663 256 2726 eius
279 2663 343 2727 loci
366 2664 497 2739 abbate,
522 2664 573 2727 vel
597 2673 727 2730 tuorum
751 2664 899 2744 quolibet
921 2684 1156 2736 successorum,
1181 2664 1287 2727 nullus
1310 2663 1355 2726 ibi
1378 2663 1526 2744 qualibet
1540 2665 1755 2746 surreptionis

75 2754 197 2817 astutia
221 2773 278 2816 seu
302 2753 457 2818 violentia
479 2764 708 2838 praeponatur,
733 2756 794 2818 nisi
818 2774 915 2835 quem
940 2754 1055 2817 fratres
1079 2755 1245 2817 communi
1270 2773 1430 2816 consensu
1446 2751 1498 2816 vel
1522 2753 1656 2816 fratrum
1680 2774 1755 2836 pars

76 2842 206 2907 consilii
229 2843 365 2906 sanioris
387 2843 569 2907 secundum
593 2844 647 2907 dei
670 2843 821 2907 timorem
838 2852 872 2906 et
887 2844 976 2907 beati
992 2843 1162 2907 Benedicti
1178 2843 1322 2925 regulam
1339 2842 1542 2923 providerint
1558 2841 1755 2924 eligendum;

75 2934 133 3012 qui
157 2931 313 2995 videlicet
335 2941 392 2996 aut
413 2933 456 2995 ab
480 2933 663 3016 apostolice
686 2933 774 2996 sedis
798 2933 962 3016 pontifice,
986 2942 1042 2996 aut
1063 2932 1106 2996 ab
1130 2953 1180 3007 en,
1205 2935 1256 2995 cui
1272 2933 1344 3014 ipse
1360 2933 1553 3013 permiserit,
1578 2932 1758 2995 ordinetur.¹

76 3021 240 3098 chrisma,
250 3020 359 3085 oleum
369 3030 526 3098 sanctum,
539 3024 806 3088 consecrationes
815 3022 963 3086 altarium
975 3025 1044 3086 sive
1056 3021 1270 3097 basilicarum,
1279 3020 1499 3084 ordinationes
1509 3019 1755 3096 monachorum,

75 3113 133 3192 qui
156 3110 202 3174 ad
225 3131 335 3174 sacros
359 3111 478 3176 fuerint
502 3114 633 3176 ordines
657 3111 882 3196 promovendi,
907 3112 949 3175 ab
973 3115 1141 3194 episcop0‚
1165 3113 1198 3173 in
1221 3114 1311 3174 cuius
1328 3109 1451 3174 diocesi
1467 3111 1555 3186 estis,
1577 3110 1754 3193 accipietis,

74 3203 103 3264 si
127 3201 263 3281 quidem
288 3199 469 3264 catholicus
492 3200 590 3264 fuerit
613 3209 646 3264 et
669 3204 807 3284 gratiam
831 3210 930 3282 atque
954 3201 1216 3265 communionem
1244 3199 1445 3283 apostolicae
1477 3199 1565 3262 sedis
1596 3197 1756 3276 habuerit,

74 3299 111 3354 et
132 3292 160 3353 si
178 3309 218 3353 ea
233 3292 333 3371 gratis
356 3311 395 3354 ac
418 3293 487 3354 sine
510 3293 671 3373 pravitate
693 3291 835 3355 voluerit
857 3288 1021 3368 exhibere,
1046 3289 1190 3372 alioquin
1207 3290 1305 3352 liceat
1327 3289 1433 3364 vobis,
1455 3309 1473 3351 a
1494 3308 1560 3369 quo
1577 3288 1755 3352 malueritis

73 3378 242 3444 catholico
265 3379 425 3462 episcopo
444 3381 633 3444 earumdem
649 3381 934 3445 consecrationum
955 3387 1158 3444 sacramenta
1172 3381 1347 3461 suscipere.
1378 3377 1492 3442 Missas
1513 3398 1592 3441 sane
1607 3378 1755 3460 publicas

72 3471 106 3532 in
130 3469 252 3533 eodem
277 3471 477 3532 monasterio
501 3490 562 3553 per
584 3473 778 3553 episcopum
804 3470 969 3546 celebrari,
1000 3471 1159 3532 stationes
1190 3468 1259 3531 fieri
1291 3477 1346 3531 aut
1377 3469 1598 3532 ordinationes
1629 3467 1755 3548 aliquas

72 3567 209 3642 praeter
231 3558 361 3621 abbatis
385 3567 419 3622 et
442 3558 575 3623 fratrum
600 3561 802 3622 voluntatem
826 3560 950 3623 institui
973 3558 1196 3642 prohibemus
1228 3559 1279 3621 cui
1303 3558 1400 3621 etiam
1426 3556 1563 3620 facultas
1593 3555 1679 3620 nulla
1702 3558 1755 3632 sit,

72 3647 145 3711 sine
161 3646 305 3716 Romani.
326 3647 493 3731 pontificis
520 3658 577 3712 aut
604 3648 704 3732 legati
729 3651 798 3712 eius
821 3649 988 3713 audientia
1011 3647 1216 3731 saepefatum
1235 3647 1367 3710 Maioris
1383 3646 1506 3709 Montis
1523 3646 1754 3709 monasterium

72 3737 406 3801 excommunicationi
429 3737 482 3800 vel
511 3738 730 3802 interdictioni
758 3737 917 3802 subicere.
965 3736 1172 3820 Sepulturam
1197 3756 1329 3819 quoque
1352 3737 1499 3798 eiusdem
1532 3735 1595 3798 loci
1619 3737 1754 3798 omnino

72 3827 214 3890 liberam
237 3847 309 3890 esse
332 3827 547 3903 decernimus,
570 3835 744 3903 uteorum,
769 3829 823 3908 qui
839 3829 904 3891 illic
919 3827 1047 3910 sepeliri
1064 3827 1323 3901 deliberaverint,
1346 3825 1516 3888 devotioni
1538 3832 1571 3888 et
1587 3832 1754 3888 extremae

72 3915 253 3992 voluntati,
284 3918 344 3979 nisi
376 3915 461 3980 forte
494 3919 770 3981 excommunicati
793 3920 867 3994 sint,
897 3917 1002 3980 nullus
1033 3917 1180 3980 obsistat
1232 3913 1267 3979 Si
1299 3916 1372 3997 quis
1404 3934 1483 3997 ergo
1514 3915 1547 3976 in
1579 3915 1754 3976 crastinum

72 4003 347 4089 archiepiscopus
369 4015 427 4069 aut
448 4009 636 4091 episcopus
667 4009 846 4090 imperator
875 4015 931 4070 aut
954 4027 1022 4082 rex,
1053 4007 1206 4089 princeps
1230 4012 1286 4067 aut
1309 4004 1386 4080 dux,
1418 4023 1538 4079 comes,
1562 4003 1754 4078 vicecomes,

72 4094 179 4158 iudex
195 4103 251 4158 aut
272 4095 492 4159 ecclesiastica
508 4095 674 4179 quaelibet
696 4096 912 4178 secularisque
929 4116 1077 4180 persona,
1101 4095 1184 4158 hanc
1201 4103 1331 4157 nostrae
1346 4094 1586 4157 constitutionis
1602 4092 1754 4176 paginam

72 4186 193 4259 sciens,
216 4192 331 4248 contra
355 4205 427 4249 eam
450 4194 575 4249 temere
598 4189 708 4250 venire
731 4188 913 4262 tentaverit,
940 4186 1086 4249 secundo
1109 4186 1249 4248 tertiove
1277 4185 1487 4259 commonita,
1518 4184 1544 4244 si
1574 4202 1641 4245 non
1663 4183 1754 4244 satis·

73 4273 221 4337 factione
245 4293 388 4356 congrua
417 4275 650 4351 emendaverit,
680 4277 854 4359 potestatis
885 4273 1084 4356 honorisque
1114 4276 1163 4337 sui
1193 4274 1353 4356 dignitate
1383 4281 1500 4347 careat,
1532 4291 1688 4354 reamque
1718 4291 1755 4336 se

72 4363 189 4426 divino
211 4363 333 4427 iudicio
358 4364 497 4428 existere
521 4364 563 4428 de
587 4373 777 4448 perpetrata
798 4365 967 4446 iniquitate
991 4373 1178 4447 cognoscat,
1210 4371 1243 4427 et
1266 4385 1286 4426 a
1308 4362 1524 4436 sacratissimo
1553 4381 1754 4444 corporeae

72 4452 233 4534 sanguine
256 4453 310 4516 dei
335 4461 369 4516 et
390 4454 526 4530 domini,
556 4455 777 4538 redemptoris
801 4457 902 4518 nostri
926 4456 998 4519 Iesu
1023 4453 1151 4528 Christi,
1183 4451 1377 4527 alienafiat,
1409 4461 1509 4533 atque
1540 4452 1572 4514 in
1603 4458 1754 4515 extremo

71 4543 231 4605 examine
254 4543 423 4606 districtae
446 4543 558 4607 ultioni
580 4543 757 4608 subiaceat.
805 4543 938 4608 Cunctis
965 4551 1086 4619 autem,
1116 4543 1221 4606 eidem
1246 4542 1322 4605 loco
1354 4544 1436 4604 iusta
1467 4540 1681 4614 servantibus,
1713 4541 1756 4602 sit

71 4651 146 4715 pax
162 4631 285 4695 domini
301 4635 403 4696 nostri
420 4635 491 4698 Iesu
509 4631 637 4710 Christi,
661 4635 812 4716 quatinus
825 4633 886 4716 (et)
902 4632 955 4695 hic
971 4632 1109 4696 fructum
1126 4633 1233 4696 bonae
1248 4633 1386 4695 actionis
1403 4631 1593 4714 percipiant,
1617 4637 1651 4692 et
1666 4629 1754 4713 apud

71 4721 257 4784 districtum
275 4722 417 4786 iudicem
435 4725 582 4805 praemia
597 4731 750 4787 aeternae
766 4725 857 4806 pacis
873 4722 1045 4786 inveniant.
1084 4722 1202 4785 Amen.
1241 4720 1359 4784 Amen.
1392 4719 1511 4783 Amen.
1528 4717 1754 4802 -,Scriptum

72 4831 138 4894 per
161 4830 294 4874 manum
316 4811 410 4886 Petri,
435 4814 561 4888 notarii,
585 4815 760 4895 regionarii
785 4809 829 4898 [et
852 4809 1006 4898 scrinarii]
1028 4813 1112 4875 sacri
1135 4811 1255 4893 palatii.

238 4901 294 4980 (R)
316 4902 391 4984 Ego
414 4901 577 4965 Paschalis
600 4901 759 4966 catholice
784 4902 922 4965 ecclesie
946 4903 1122 4985 episcopus
1141 4900 1170 4980 ὃ)
1194 4921 1235 4962 ss.
1259 4900 1322 4978 (M)

238 4989 362 5053 Datum
385 5011 446 5073 per
469 5011 601 5055 manum
617 4991 780 5067 Iohannis,
804 5000 917 5054 sancte
941 4991 1089 5054 Romane
1113 4989 1251 5053 ecclesie
1266 4989 1397 5052 diaconi
1422 4985 1603 5050 cardinalis.
1649 4983 1756 5050 vKa·

68 5076 190 5143 lendas
223 5081 339 5144 Martii.
389 5080 568 5145 Indictione
592 5095 624 5145 x.
677 5081 910 5145 incarnationis
943 5082 1129 5144 dominicae
1159 5093 1251 5142 annu
1269 5092 1354 5142 Men.
1401 5076 1612 5143 Pontificatus
1643 5084 1753 5141 autem

70 5171 191 5234 domni
215 5168 382 5233 Paschalis
404 5190 512 5254 papae
535 5185 583 5233 111.

236 5285 362 5352 Abschrfst
378 5287 419 5336 des
437 5285 494 5336 MS.
513 5287 557 5336 fal.
577 5288 664 5338 13916
674 5287 725 5352 jol.
746 5288 804 5346 138,
823 5285 849 5335 fn
867 5286 910 5335 der
928 5287 990 5336 Bul.
1010 5285 1138 5336 Nationale
1154 5301 1184 5333 au
1205 5283 1283 5334 Pan's.

236 5360 300 5408 Rota
317 5360 373 5408 und
388 5359 558 5424 Morwgramm
576 5357 636 5408 sind
650 5359 818 5428 begmfcdnct.
856 5361 918 5408 Rota
936 5359 984 5408 Nr.
1004 5361 1019 5407 5
1038 5359 1069 5408 B.
1107 5357 1275 5424 Monogramm
1293 5357 1340 5407 Nr.
1364 5359 1385 5406 l.

267 5505 421 5511 —.--.—-..
430 5505 446 5508 -
453 5503 502 5510 --ι

239 5595 264 5656 ²)
284 5605 359 5657 1³²9&
