4126 6366
309 315 374 414 386

1053 515 1119 598 Nr.
1146 521 1237 598 452.

312 651 533 718 celestium
543 662 711 717 verstattet
723 653 783 717 dee
798 651 1071 737 Kollegiatke‘rclre
1087 655 1189 718 Senta
1204 655 1319 718 Maria
1334 654 1373 717 di
1390 651 1496 718 Galdo
1510 653 1571 734 (D.
1589 651 1773 738 Bene-vent),
1790 647 1994 716 Besitee'e'ber-

635 743 821 826 weisueegen
835 743 1063 818 aneunelemen,
1080 743 1293 808 unbescleadet
1306 744 1367 807 der
1381 743 1500 807 Rechte
1514 743 1662 807 anderer.

930 861 1016 922 1192
1030 858 1111 932 Juli
1123 863 1176 923 30.
1210 859 1360 922 Lateran.

467 971 688 1038 CELESTINUS
712 975 897 1057 episcopus,
922 996 1033 1040 servus
1056 996 1223 1039 servorum
1247 975 1310 1051 dei,
1341 974 1469 1039 dilectis
1492 973 1566 1036 filiis
1590 1023 1596 1036 .
1622 1022 1628 1035 .
1654 973 1753 1055 priori
1777 982 1810 1036 et
1834 971 1996 1035 fratribus

306 1072 419 1126 sancte
443 1063 546 1126 Marie
570 1064 612 1126 de
635 1063 775 1140 Guald0,
803 1065 943 1128 salutem
964 1061 969 1148 Ι
989 1075 1023 1128 et
1044 1065 1260 1147 apostolicam
1283 1063 1558 1128 benedictionem.
1605 1062 1640 1127 Si
1664 1063 1801 1125 naturali
1824 1063 1884 1124 iuri
1912 1079 1995 1122 con·

305 1153 417 1214 venire
447 1151 641 1228 dinoscitur,
679 1163 783 1216 ratam
814 1152 927 1217 haberi
961 1153 1086 1216 domini
1115 1154 1338 1229 voluntatem,
1377 1173 1446 1216 rem
1477 1172 1571 1215 suam
1601 1146 1788 1235 transiierre
1820 1153 1854 1213 in
1884 1150 1995 1211 alium

307 1241 476 1321 cupientis,
500 1240 599 1322 longe
622 1243 727 1324 magis
750 1243 998 1306 convenientius
1021 1253 1189 1325 reputatur
1212 1243 1409 1307 desiderium
1425 1243 1494 1304 eius
1509 1253 1668 1323 perpetua
1684 1239 1838 1304 firmitate
1852 1239 1996 1312 subniti,

307 1330 361 1412 qui
388 1338 515 1413 partem
546 1349 679 1393 suorum
709 1331 873 1394 bonorum
896 1333 925 1395 ei
944 1330 974 1416 *Ι
997 1335 1159 1396 censuerit
1188 1331 1440 1406 conferendam,
1473 1351 1493 1392 a
1526 1350 1591 1411 quo
1625 1331 1770 1393 noscitur
1799 1329 1917 1392 omnia
1951 1327 1997 1389 de
2036 1359 2040 1366 ·

307 1419 397 1483 dono
420 1440 478 1482 sue
499 1421 789 1502 gratierecepisse
807 1417 844 1504 b).
890 1420 972 1484 Inde
995 1429 1053 1498 est,
1086 1422 1177 1504 quod
1200 1441 1274 1498 nos,
1306 1421 1498 1503 religionem
1521 1429 1672 1494 vestram,
1700 1419 1995 1482 conversationem

306 1517 340 1570 et
354 1509 505 1572 ordinem
520 1510 737 1586 attendentes,
758 1511 1003 1574 considerantes
1019 1511 1128 1587 etiam,
1153 1511 1443 1592 quemadmodum,
1467 1509 1551 1572 curis
1566 1508 1765 1572 secularibus
1789 1507 1997 1590 postpositis

306 1597 474 1673 uuiversiS,
514 1598 575 1660 soli
613 1599 677 1660 deo
710 1599 839 1679 placere
869 1607 902 1662 et
932 1601 961 1663 ei
993 1600 1113 1663 devote
1152 1602 1271 1663 servire
1302 1599 1363 1662 sub
1396 1598 1550 1680 regularis
1580 1597 1743 1678 elegeritis
1774 1596 1997 1660 observantia

306 1687 493 1770 discipline,
525 1686 754 1750 nichilominus
787 1709 920 1770 quoque
951 1690 1130 1763 credentes,
1162 1689 1406 1752 universitatem
1434 1698 1577 1750 vestram
1596 1686 1623 1773 c)
1653 1686 1798 1750 fidelium
1827 1685 1996 1748 subsidiis

306 1777 460 1858 indigere,
483 1777 509 1838 si
534 1778 668 1858 quando
693 1779 875 1858 contigerit,
908 1777 1022 1842 fideles
1045 1779 1173 1860 aliquos
1197 1779 1368 1853 debonis,
1399 1777 1461 1840 sibi
1485 1796 1505 1838 a
1528 1777 1592 1838 deo
1617 1777 1752 1852 collatis,
1783 1777 1866 1838 inter
1888 1775 1995 1836 vivos

304 1865 357 1927 vel
381 1866 414 1928 in
438 1865 553 1928 ultima
573 1866 744 1929 voluntate
767 1867 877 1948 aliqua
898 1867 995 1930 vobis
1018 1888 1073 1931 seu
1097 1869 1297 1931 monasterio
1321 1876 1429 1929 vestro
1454 1867 1586 1941 donare,
1611 1877 1648 1928 ut
1669 1886 1709 1928 ea
1732 1865 1863 1947 possitis
1878 1863 1997 1927 libere

305 1964 339 2016 et
368 1955 438 2018 sine
469 1954 691 2036 quorumlibet
723 1957 982 2020 contradictione
1005 1958 1159 2038 recipere,
1183 1956 1389 2038 indulgemus
1411 1955 1508 2018 vobis
1531 1950 1752 2040 au(c)toritate
1781 1955 1996 2035 presentium

305 2043 501 2116 facultatem,
525 2042 614 2106 nullo
637 2051 749 2107 tamen
773 2064 816 2108 ex
838 2044 904 2108 hoc
926 2047 1107 2127 preiudicio
1131 2045 1321 2128 generando
1344 2045 1490 2107 ecclesiis
1511 2044 1564 2107 vel
1588 2044 1656 2107 aliis
1680 2044 1836 2126 personis,
1866 2044 1895 2106 si
1925 2062 1996 2124 que

305 2133 353 2195 ius
378 2133 512 2214 aliquod
536 2134 568 2195 in
593 2134 717 2196 eisdem
736 2131 766 2220 d)
790 2134 886 2197 bonis
909 2155 944 2197 se
968 2135 1206 2199 rationabiliter
1228 2135 1350 2198 habere
1372 2133 1594 2216 probaverint.
1639 2134 1728 2196 Nulli
1752 2153 1829 2215 ergo
1846 2134 1996 2195 omnino

304 2221 476 2285 hominum
507 2221 610 2295 liceat,
641 2222 726 2285 hanc
758 2224 914 2305 paginam
947 2235 1059 2287 nostre
1090 2224 1312 2288 concessionis
1343 2223 1519 2304 infringere
1556 2222 1608 2286 vel
1639 2224 1667 2284 ei
1700 2243 1779 2286 ausu
1810 2223 1996 2285 temerario

305 2312 475 2374 contraire.
521 2311 555 2374 Si
581 2312 654 2393 quis
682 2319 791 2375 autern
822 2313 885 2376 hoc
916 2320 1114 2394 attemptare
1145 2313 1395 2396 presumpserit,
1428 2312 1688 2392 indignationem
1714 2309 1719 2394 Ι
1746 2311 1997 2392 omnipotentis

306 2400 358 2463 dei
382 2411 416 2463 et
439 2400 611 2464 beatorum
628 2401 714 2464 Petri
731 2409 764 2464 et
778 2401 878 2478 Pauli,
902 2403 1129 2484 apostolorum
1146 2404 1223 2477 eius,
1246 2423 1282 2465 se
1298 2402 1426 2464 noverit
1442 2402 1652 2464 incursurum.
1671 2436 1710 2448 -
1729 2399 1805 2464 Dat.
1820 2399 1996 2474 Laterani,

305 2503 344 2553 111
364 2486 369 2574 Ι
389 2490 462 2553 Kal.
482 2487 510 2573 e)
533 2488 619 2571 Aug.
665 2490 879 2554 Pontificatus
901 2492 1003 2554 nostri
1028 2512 1114 2554 anno
1139 2493 1294 2555 secundo.

468 2603 511 2657 Oe.
532 2603 691 2668 (Pergameae
707 2603 735 2652 di
754 2603 830 2652 Ceeer'ee
848 2606 903 2655 eccl.
923 2605 961 2670 I),
980 2604 1014 2654 im
1032 2606 1147 2656 Archivio
1165 2606 1192 2653 di
1208 2605 1276 2654 State
1294 2621 1324 2654 ree
1341 2605 1439 2668 Mapel.

467 2675 537 2741 Perg.
553 2675 616 2735 irat,
635 2677 670 2725 br.
690 2676 776 2736 0208,
794 2677 857 2744 lang
873 2678 940 2738 0,19‚
959 2683 1034 2726 metere
1052 2679 1129 2737 0,017
1148 2677 1337 2744 rengesclelagen,
1365 2677 1443 2727 durch
1461 2679 1477 2726 2
1497 2676 1590 2725 deher
1609 2675 1675 2742 ging
1698 2676 1736 2725 die
1762 2675 1869 2733 Selene,
1898 2675 1997 2722 welche

305 2745 351 2795 neit
368 2745 420 2796 dene
438 2747 565 2813 Bler'se'egel
579 2749 695 2807 vertoren,
715 2746 823 2812 Faetung
839 2748 884 2796 dee
901 2748 1003 2798 Breveee.

1049 3141 1115 3215 Nr.
1145 3144 1236 3216 453.

312 3267 452 3334 Cie'leste'n
466 3267 534 3332 ΙΙΙ
546 3269 695 3353 bestdtegt
711 3267 857 3334 Konsuln
878 3272 947 3335 und
970 3270 1046 3337 Vale
1068 3295 1131 3337 von
1157 3271 1269 3336 Alaeri
1293 3272 1348 3337 die
1374 3271 1518 3338 terente
1545 3295 1618 3337 vom
1643 3271 1856 3355 Domkapitel
1876 3293 1995 3354 vorge·

740 3381 903 3425 nemmem
928 3361 1026 3426 Walrl
1035 3363 1093 3428 des
1117 3361 1289 3427 Thaddeus
1303 3384 1379 3428 eum
1395 3362 1558 3450 Bruchofe.

911 3480 997 3541 1192
1018 3476 1150 3543 October
1163 3482 1212 3542 11.
1246 3479 1396 3544 Lateran.

467 3591 649 3656 Celestinus
672 3593 862 3675 episcopus,
893 3614 1004 3658 servus
1034 3614 1202 3658 servorum
1225 3595 1295 3672 dei,
1327 3595 1455 3658 dilectis
1482 3594 1565 3673 filiis,
1589 3594 1779 3658 consulibus
1802 3603 1835 3656 et
1859 3593 1995 3675 populo

308 3681 448 3743 civitatis
471 3691 504 3744 et
527 3683 589 3745 toti
609 3678 614 3762 Ι
635 3683 761 3764 populo
784 3681 925 3746 Aletrini
945 3681 973 3769 s)
996 3685 1216 3766 episcopatus,
1248 3684 1387 3747 salutem
1411 3694 1444 3746 et
1468 3684 1686 3766 apostolicam
1709 3683 1996 3746 benedictionem.

308 3768 393 3834 Cum
416 3769 533 3834 electio
558 3771 667 3833 dilecti
698 3771 755 3834 filii
778 3767 971 3857 T(haddei),
1002 3773 1195 3836 subdiaconi
1229 3773 1348 3848 nostri,
1379 3793 1485 3854 nuper
1507 3795 1527 3836 a
1549 3773 1694 3857 capitulo
1714 3769 1744 3856 e)
1766 3769 1945 3834 Alaetrino
1965 3770 1996 3855 h)

309 3859 404 3936 facta,
429 3859 525 3922 nobis
548 3861 591 3922 sit
613 3859 679 3922 iam
701 3859 823 3941 pluries
845 3871 1041 3944 presentata,
1073 3882 1134 3925 nos
1161 3862 1203 3924 ad
1229 3862 1440 3925 devotionem
1462 3873 1605 3926 vestram
1629 3869 1663 3924 et
1684 3880 1862 3944 personam
1885 3861 1997 3942 ipsius

308 3947 403 4010 electi
420 3945 451 4034 i)
474 3949 601 4012 ratione
623 3969 680 4013 sue
704 3949 863 4013 bonitatis
885 3958 918 4013 et
940 3953 1053 4034 gratie,
1088 3971 1187 4032 quam
1219 3951 1307 4033 apud
1335 3971 1395 4014 nos
1419 3959 1452 4013 et
1475 3963 1602 4015 ceteros
1626 3949 1740 4014 iratres
1763 3959 1894 4012 nostros
1922 3971 1995 4014 uon

308 4037 473 4100 modicam
496 4038 715 4119 promeruisse
739 4039 927 4115 dinoscitur,
952 4041 1129 4123 benignum
1152 4040 1312 4103 habentes
1336 4051 1523 4122 respectum
1546 4051 1579 4103 et
1600 4039 1758 4115 volentes,
1789 4046 1825 4101 ut
1848 4039 1996 4102 ecclesia

306 4135 414 4189 vestra
437 4128 579 4208 pastoris
598 4127 723 4208 proprii
740 4129 929 4208 provisione
943 4131 1087 4210 gaudere
1103 4129 1233 4205 debeat,
1257 4129 1452 4192 electionem
1469 4131 1575 4212 ipsam
1592 4129 1634 4192 de
1649 4127 1784 4192 fratrum
1801 4137 1997 4191 nostrorum

307 4214 444 4278 consilio
469 4216 621 4278 duximus
645 4213 907 4279 confirmandam
924 4215 957 4302 ¹).
1002 4216 1114 4301 Ipsum
1137 4219 1249 4300 itaque
1272 4219 1315 4281 ad
1330 4237 1390 4281 vos
1414 4227 1447 4281 et
1462 4219 1568 4300 ipsam
1584 4218 1756 4281 ecclesiam
1772 4218 1995 4293 remittentes,

307 4304 552 4367 universitatem
574 4314 718 4367 vestram
741 4324 894 4386 rogamus
918 4309 1073 4371 attentius
1096 4316 1130 4370 et
1152 4327 1325 4371 monemus
1348 4318 1381 4370 et
1404 4328 1464 4389 per
1486 4307 1671 4390 apostolica
1693 4307 1816 4387 scripta
1839 4306 1996 4370 districte

307 4393 521 4474 precipiendo
545 4392 747 4468 mandamus,
772 4395 925 4475 quatinus
947 4397 1056 4478 ipsum
1080 4398 1112 4460 in
1136 4397 1225 4459 omui
1250 4396 1434 4460 humilitate
1457 4408 1491 4461 et
1514 4397 1691 4460 devotione
1712 4396 1826 4459 debita
1841 4395 1996 4476 recipere

307 4482 488 4562 procuretis
512 4482 721 4564 benigneque
741 4492 880 4546 tractare
895 4496 929 4547 et
944 4487 1013 4549 eius
1029 4487 1070 4550 de
1087 4495 1196 4549 cetero
1212 4485 1396 4550 salubribus
1413 4488 1545 4550 monitis
1562 4497 1595 4548 et
1611 4485 1775 4549 mandatis
1791 4484 1995 4549 obedientes

308 4571 522 4634 reverentiam
554 4573 583 4634 ei
603 4571 608 4656 Ι
630 4571 778 4635 debitam
809 4573 1016 4655 impendatis.
1040 4610 1083 4622 -
1107 4573 1183 4638 Dat.
1215 4575 1379 4652 Laterani,
1410 4587 1433 4636 v
1463 4574 1541 4640 Idus
1571 4574 1710 4640 Octobr.
1737 4570 1743 4660 Ι
1771 4572 1995 4638 Pontificatus

308 4659 411 4721 nostri
435 4679 522 4722 anno
546 4660 702 4724 secundo.

470 4772 514 4824 Oe.
534 4774 568 4824 im
585 4773 700 4825 Arder'eio
722 4774 855 4840 capitolare
872 4792 902 4825 ue
919 4777 1007 4826 Alatee'.

470 4845 540 4911 Perg.
559 4846 620 4906 eiad,
638 4847 674 4896 br.
695 4847 720 4906 0,
727 4849 783 4906 168,
803 4849 866 4913 lang
875 4849 940 4909 0,16,
957 4855 1034 4898 emlere
1046 4851 1240 4912 0,022-0,026
1257 4851 1450 4916 umgeschlagm,
1470 4850 1549 4900 durch
1562 4851 1578 4898 2
1590 4851 1683 4902 Lb'ehee
1695 4849 1753 4915 geht
1763 4848 1801 4898 dr'e
1813 4848 1994 4914 Hanssclruue,

307 4929 394 4964 weron
411 4915 456 4964 das
474 4917 601 4983 Bleise'egel
615 4919 699 4984 lrdngt,
719 4917 830 4984 Fallung
845 4919 888 4969 der
904 4920 1006 4970 Beevm.

467 5201 493 5268 a)
511 5199 670 5265 AufRasur
740 5202 767 5268 b)
788 5217 805 5268 p
824 5203 877 5269 neef
889 5203 974 5252 Raner
1044 5205 1069 5268 c)
1087 5205 1140 5268 enes
1153 5207 1238 5253 Reme
1309 5201 1337 5266 d)
1356 5202 1364 5252 i
1382 5205 1435 5270 aees
1449 5205 1534 5253 Rasur
1604 5207 1629 5260 el
1648 5205 1701 5270 aees
1714 5206 1801 5254 Rosur
1872 5207 1893 5264 n
1912 5207 1994 5258 tenen

307 5267 333 5317 ni
352 5269 437 5319 Remee
518 5283 546 5336 g)
565 5273 607 5337 api
625 5273 678 5336 aus
689 5275 776 5324 Raner
857 5275 884 5338 h)
904 5291 937 5325 an
955 5276 1000 5325 das
1017 5275 1203 5340 urspntngliche
1221 5291 1236 5324 a
1254 5275 1292 5325 ein
1313 5284 1432 5340 egerent,
1452 5291 1468 5324 0
1487 5276 1540 5341 (κγ’
1554 5279 1639 5325 Raner
1721 5277 1740 5340 i)
1752 5277 1823 5344 fhlgt
1840 5279 1928 5327 Ram
1944 5295 1992 5328 vere

308 5341 626 5480 ἓθὲἔιὶἐηέιωῶμὲ)
645 5344 716 5397 Nacle
733 5345 818 5396 diesem
836 5347 915 5396 Breve
940 5345 971 5396 ist
1000 5347 1098 5413 Ugleelli
1114 5349 1133 5397 I
1140 5355 1169 5412 p.
1188 5350 1239 5398 289
1268 5361 1298 5396 eee
1324 5347 1556 5413 vervollstie'ndigen,
1588 5349 1676 5409 Gens,
1705 5348 1782 5398 Series
1817 5349 1992 5414 Episcopum
