4126 6356
1686 336 1745 415 183

822 522 889 597 Nr.
921 525 1005 595 172.

80 652 233 718 Hadrian
256 653 281 717 J
287 651 319 717 V
331 655 449 718 nimmt
470 653 533 720 das
557 650 688 717 Kloster
709 652 777 718 San
800 652 875 716 Siro
903 655 942 718 di
967 653 1095 718 Genava
1127 656 1160 718 in
1187 655 1419 738 apostolisclzen
1451 654 1567 719 Schuta
1598 653 1670 718 und
1699 653 1748 718 be·

543 743 658 826 stritz'gt
677 743 791 807 dassen
814 743 1048 808 Besitztlzumer
1069 743 1137 806 und
1157 744 1281 809 Recita.

612 861 697 922 1157
718 857 1028 942 Januar-August.
1070 859 1220 922 Lateran.

238 991 403 1056 Adrianus
433 995 625 1076 episcopus,
655 1013 767 1056 servus
797 1013 963 1056 servorum
995 993 1065 1068 dei,
1097 991 1224 1056 dilectis
1255 991 1327 1056 filiis
1358 991 1601 1070 Bartholomeo,
1635 994 1747 1057 abbati

80 1083 268 1146 monasterii
300 1084 404 1144 sancti
435 1082 509 1162 Syri
540 1083 722 1157 lanuensis,
762 1083 895 1162 eiusque
927 1082 1098 1157 fratribus,
1139 1088 1207 1144 tam
1240 1082 1445 1164 presentibus
1485 1103 1581 1164 quarn
1624 1082 1749 1158 futuris

80 1172 262 1253 regularem
293 1174 394 1234 vitam
426 1173 590 1254 professis,
620 1185 659 1234 ΙΝ
688 1184 764 1234 ΡΡΜ.
791 1172 796 1250 Ι
825 1171 986 1234 Effectum
1018 1174 1101 1234 iusta
1131 1170 1371 1253 postulantibus
1402 1172 1569 1254 indulgere
1602 1181 1636 1234 et
1656 1173 1749 1254 vigor

79 1262 229 1340 equitatis
255 1270 288 1324 et
310 1261 393 1323 ordo
409 1262 511 1342 exigit
533 1263 676 1337 rationis,
700 1263 890 1343 praesertim
917 1262 1049 1341 quando
1071 1260 1252 1343 petentium
1268 1260 1467 1323 voluntatem
1492 1264 1596 1343 pietas
1619 1261 1750 1338 adiuvat

80 1359 112 1412 et
125 1353 248 1413 veritas
271 1370 336 1412 non
359 1349 517 1431 relinquit.
562 1351 756 1433 Eapropter,
777 1348 781 1434 Ι
803 1350 912 1413 dilecti
937 1351 968 1411 in
985 1350 1120 1412 domino
1143 1348 1209 1426 filii,
1231 1353 1348 1412 vestris
1363 1350 1452 1412 iustis
1476 1349 1749 1432 postulationibus

80 1439 260 1502 clementer
288 1441 476 1516 annuimus,
507 1448 540 1502 et
572 1439 734 1522 prefatum
766 1439 867 1501 sancti
891 1437 964 1518 Syri
995 1441 1242 1515 monasterium,
1273 1441 1305 1501 in
1336 1460 1403 1521 quo
1433 1439 1542 1502 divino
1574 1439 1749 1521 mancipati

80 1529 153 1590 estis
177 1530 351 1610 obsequio,
375 1529 417 1590 ad
440 1529 612 1611 exemplar
627 1528 728 1591 lelicis
744 1529 900 1591 memorie
921 1547 1008 1610 pape
1023 1528 1115 1590 Lucii
1134 1525 1165 1612 ¹),
1189 1528 1429 1609 predecessoris
1452 1527 1560 1602 nostri,
1584 1529 1644 1590 sub
1661 1529 1748 1591 beati

79 1615 165 1680 Petri
202 1627 238 1680 et
276 1626 387 1680 nostra
424 1618 630 1700 protectione
661 1617 851 1700 suscipimus
891 1625 923 1680 et
961 1620 1120 1700 presentis
1151 1617 1263 1701 scripti
1293 1617 1464 1699 privilegio
1503 1619 1748 1681 communimus.

79 1703 280 1783 StatuenteS,
311 1715 355 1780 ut,
379 1726 601 1788 quascumque
624 1707 856 1790 possessiones,
889 1726 1094 1788 quecumque
1117 1707 1204 1769 bona
1234 1707 1322 1769 idem
1354 1707 1586 1769 monasterium
1617 1707 1648 1768 in
1678 1727 1749 1788 pre-

79 1798 257 1859 sentiarum
280 1798 364 1858 iuste
387 1803 421 1858 et
443 1796 599 1859 canonice
622 1796 772 1878 possidet
801 1798 911 1859 autin
946 1795 1086 1860 futurum
1111 1797 1323 1859 concessione
1347 1794 1548 1878 pontificum,
1578 1795 1750 1877 largitione

10 1935 11 1938 ,
79 1905 192 1966 regum
216 1885 270 1948 vel
294 1886 494 1967 principum,
526 1885 691 1949 oblatione
713 1884 858 1948 fidelium
895 1905 953 1947 seu
980 1885 1050 1947 aliis
1081 1885 1170 1947 iustis
1201 1885 1308 1947 modis
1346 1886 1411 1948 deo
1444 1885 1589 1967 propitio
1628 1886 1750 1966 poterit

79 1975 226 2056 adipisci,
256 1974 350 2037 firma
376 1973 472 2036 vobis
502 1977 685 2054 vestrisque
716 1975 959 2038 successoribus
990 1983 1023 2036 et
1053 1973 1177 2037 illibata
1207 1983 1430 2057 permaneant
1475 1971 1511 2035 ln
1541 1973 1658 2054 quibus
1688 1972 1750 2035 hec

80 2064 221 2145 propriis
250 2063 402 2126 duximus
434 2065 647 2145 exprimenda
669 2062 852 2126 vocabulis:
889 2064 1060 2126 ecclesiam
1091 2071 1203 2126 sancte
1230 2063 1347 2150 Savine
1378 2072 1411 2126 et
1445 2063 1547 2126 sancti
1571 2061 1750 2125 Marcellini

80 2173 152 2216 cum
183 2154 391 2234 pertinentiis
422 2153 497 2226 suis,
528 2154 700 2217 ecclesiam
730 2155 833 2216 sancti
857 2153 988 2216 Martini
1018 2153 1060 2215 de
1083 2152 1182 2229 Pelio,
1214 2152 1385 2216 ecclesiam
1416 2155 1519 2215 sancti
1547 2149 1675 2215 Nicolai
1707 2152 1750 2214 de

80 2240 251 2325 Capriata,
281 2240 452 2304 ecclesiam
483 2245 585 2305 sancti
609 2240 740 2324 Georgii
765 2243 807 2305 de
831 2243 1000 2324 Marengo,
1025 2242 1196 2304 ecclesiam
1218 2244 1321 2303 sancti
1347 2239 1515 2304 Michaelis
1542 2241 1583 2303 de
1609 2240 1749 2316 Calocio,

81 2329 253 2394 ecclesiam
280 2333 383 2393 sancti
406 2331 580 2408 Leonardi,
611 2339 644 2394 et
675 2330 847 2394 ecclesiam
871 2333 974 2394 sancti
998 2330 1166 2393 Michaelis
1190 2331 1233 2393 de
1256 2329 1423 2407 Canne110‚
1455 2329 1624 2393 eeclesiam
1649 2331 1749 2392 sancti

80 2419 233 2484 Iohannis
257 2421 299 2482 de
315 2420 469 2483 Terdona
493 2439 565 2482 cum
591 2421 743 2483 omnibus
766 2421 968 2502 pertinentiis
983 2421 1058 2482 suis.
1098 2418 1263 2483 Cimiteria
1278 2439 1365 2496 vero,
1389 2421 1542 2494 decimas
1567 2418 1751 2481 oblationes

80 2519 111 2572 et
131 2509 347 2573 rationabiles
370 2509 631 2586 consuetudines,
654 2529 735 2589 quas
756 2509 845 2572 idem
869 2509 1098 2571 monasterium
1121 2507 1280 2572 hactenus
1304 2511 1414 2590 quiete
1429 2511 1573 2572 noscitur
1589 2507 1750 2585 habuisse,

79 2597 309 2662 nichilominus
332 2598 570 2662 confirmamus.
614 2599 730 2661 Liceat
752 2599 849 2660 etiam
873 2598 968 2660 vobis
992 2599 1024 2660 in
1047 2597 1310 2680 parocchialibus
1340 2597 1489 2674 ecclesiis,
1519 2617 1600 2676 quas
1623 2598 1751 2670 tenetis,

79 2691 216 2752 idoneas
241 2707 398 2770 personas
421 2688 622 2769 presbiteros
645 2687 765 2768 eligere
789 2695 822 2749 et
844 2688 1028 2750 diocesanis
1052 2687 1216 2770 episcopis
1240 2696 1438 2770 presentare,
1462 2688 1580 2769 quibus
1605 2687 1751 2769 episcopi

10 2775 11 2778 ’
79 2777 235 2862 parochie
258 2775 395 2861 cura(m)
411 2797 485 2839 cum
501 2785 611 2840 vestro
634 2796 765 2840 assensu
793 2776 1007 2851 committant,
1030 2784 1065 2838 ut
1088 2777 1247 2840 eiusmodi
1271 2777 1459 2840 sacerdotes
1482 2776 1525 2839 de
1547 2776 1653 2857 plebis
1677 2795 1752 2837 eura

10 2949 11 2954 ἵ
79 2869 248 2949 episcopis
284 2867 522 2948 respondeant,
562 2866 658 2929 vobis
696 2874 805 2929 autem
841 2885 902 2946 pro
933 2866 1030 2928 rebus
1064 2865 1302 2947 temporalibus
1337 2865 1482 2928 debitam
1515 2864 1752 2928 subiectionem

10 3015 11 3018 ,
80 2955 270 3019 exhibeant.
315 2955 386 3017 Nec
414 2956 457 3018 ab
489 2955 645 3037 episcopo
668 2954 721 3018 vel
750 2974 881 3017 suorum
916 2953 1063 3034 quolibet
1091 2975 1313 3018 successorum
1347 2955 1473 3036 possint
1499 2954 1620 3017 ibidem
1644 2954 1751 3016 divina

81 3045 190 3108 officia
214 3045 372 3120 interdici,
403 3045 462 3107 nisi
484 3065 545 3125 pro
570 3046 735 3108 communi
758 3044 855 3127 culpa
878 3042 955 3106 cleri
978 3042 1031 3106 vel
1054 3043 1176 3126 populi.
1219 3043 1384 3125 Capeliani
1406 3063 1494 3120 vero,
1527 3045 1582 3124 qui
1606 3043 1751 3106 eiusdem

81 3135 272 3200 monasterii
296 3133 437 3197 ecclesiis
460 3136 627 3196 constituti
650 3133 774 3209 suerint,
804 3133 834 3194 in
858 3134 982 3195 marino
1018 3134 1132 3196 itinere
1154 3135 1289 3210 invitati,
1319 3133 1456 3198 liberam
1480 3133 1577 3196 eundi
1609 3131 1753 3195 habeant

80 3224 286 3297 facultatem,
328 3243 388 3286 nec
429 3223 471 3286 ab
510 3223 622 3302 aliquo
660 3223 718 3285 nisi
751 3223 794 3285 ab
828 3222 950 3285 abbate
985 3220 1152 3304 prohiberi
1186 3224 1321 3304 possint.
1375 3220 1584 3305 Sepulturam
1620 3241 1752 3303 quoque

80 3316 181 3396 ipsius
222 3313 288 3376 loci
324 3311 462 3375 liberam
500 3331 573 3374 esse
609 3314 787 3387 sancimus,
826 3319 861 3373 ut
901 3330 1033 3384 eorum,
1073 3313 1127 3391 qui
1161 3331 1197 3375 se
1229 3311 1294 3374 illic
1328 3311 1459 3393 sepeliri
1495 3310 1751 3386 deliberaverint,

81 3403 254 3466 devotioni
283 3410 317 3463 et
347 3409 494 3464 extreme
525 3400 702 3476 voluntati,
740 3402 800 3463 nisi
834 3399 919 3462 sorte
951 3401 1223 3463 excommunicati
1254 3400 1307 3464 vel
1336 3401 1499 3463 interdicti
1530 3402 1609 3474 sint,
1647 3399 1752 3462 nullus

10 3531 11 3540 .
81 3493 231 3566 obsistat,
262 3490 352 3554 salva
379 3499 489 3553 tamen
520 3491 640 3552 iustitia
664 3489 805 3553 matricis
829 3488 975 3574 ecclesie.
1020 3488 1066 3552 Ut
1095 3498 1204 3553 autem
1235 3488 1266 3552 in
1297 3489 1410 3552 divinis
1443 3489 1559 3553 officiis
1591 3491 1753 3552 morosius

80 3583 215 3664 possitis
240 3578 376 3643 domino
400 3581 571 3654 deservire,
596 3580 737 3662 presenti
761 3580 896 3640 decreto
920 3580 1100 3652 statuimus,
1124 3580 1274 3658 quatinus
1297 3577 1394 3642 liceat
1416 3579 1518 3652 vobis,
1540 3579 1583 3641 ad
1607 3578 1751 3641 divinum

80 3669 230 3734 officium
254 3670 476 3750 peragendum
500 3671 704 3750 tempestive,
729 3675 827 3750 prout
849 3668 1066 3741 decreveritis
1090 3687 1221 3749 surgere
1245 3676 1278 3731 et
1302 3687 1532 3750 campanarum
1553 3669 1669 3742 sonitu,
1694 3667 1752 3728 nisi

82 3758 163 3823 sorte
186 3767 299 3822 vestra
319 3759 361 3820 sit
382 3757 519 3820 ecclesia
541 3758 720 3832 interdicta,
751 3755 864 3820 fideles
893 3765 959 3820 tam
991 3757 1033 3818 ad
1065 3757 1225 3832 diurnum,
1255 3775 1354 3836 quam
1385 3765 1578 3820 nocturnum
1610 3755 1752 3819 officium

79 3851 118 3912 ad
142 3848 321 3912 ecclesiam
352 3866 544 3919 convocare,
575 3846 633 3909 nisi
655 3847 777 3927 scripta
800 3847 932 3908 maioris
956 3845 1095 3907 ecclesie
1118 3847 1145 3908 si
1169 3889 1333 3907 ......
1359 3845 1388 3907 cl
1411 3891 1639 3908 ........
1686 3847 1753 3907 De·

80 3939 244 4001 cernimus
272 3935 377 4012 etiam,
408 3943 444 3998 ut
466 3934 543 3998 nulli
567 3935 698 3998 omnino
722 3934 888 3998 hominum
913 3934 1016 4010 liceat,
1039 3934 1125 3996 idem
1150 3937 1383 3997 monasterium
1406 3943 1530 3998 temere
1552 3934 1752 4016 perturbare,

79 4035 133 4090 aut
156 4027 229 4089 eius
252 4025 477 4107 possessiones
500 4024 625 4088 aut'erre
654 4023 706 4088 vel
728 4023 853 4086 ablatas
884 4025 1034 4096 retinere,
1059 4025 1204 4086 minuere
1237 4023 1288 4088 vel
1319 4026 1501 4087 temerariis
1524 4022 1753 4086 vexationibus
1830 4087 1835 4102 ⁸

80 4135 135 4179 seu
164 4114 264 4178 novis
299 4108 612 4198 consue[tudinibus]
642 4112 794 4196 fatigare,
830 4113 889 4176 sed
921 4106 1053 4197 [omnia]
1086 4112 1211 4194 integra
1241 4122 1473 4176 conserventur
1505 4133 1545 4176 eo
1561 4107 1660 4197 rum],
1691 4132 1753 4193 pro

81 4199 236 4290 quo[rum
259 4198 506 4289 gu]bematione
532 4211 566 4266 et
589 4197 834 4288 [sustentatione
870 4221 1026 4264 concessa
1056 4209 1137 4276 sunt,
1161 4197 1295 4286 [uslibus
1327 4203 1526 4266 omnimodis
1586 4200 1753 4273 rofutura,

80 4295 169 4358 salva
219 4293 307 4356 sedis
352 4290 533 4377 apostolice
569 4293 762 4356 auctoritate
796 4287 842 4376 [et
895 4291 1062 4354 diocesani
1106 4292 1253 4373 episcopi
1294 4292 1449 4356 canonica
1481 4288 1491 4377 [
1523 4341 1529 4356 .
1569 4340 1575 4354 .
1613 4289 1753 4352 iustitia.

82 4381 212 4447 Decim
228 4403 264 4444 as
286 4401 365 4444 vero
389 4380 507 4444 civium
529 4383 733 4462 cognationis
756 4381 799 4443 de
822 4379 926 4442 insula
949 4388 982 4443 et
1006 4376 1250 4466 Carmand[in]o
1277 4389 1377 4461 atque
1399 4381 1557 4445 heredum
1583 4375 1752 4465 [ipsorum]

82 4472 390 4554 quemadmodum
413 4491 472 4553 per
494 4471 686 4534 sententiam
710 4470 951 4552 predecessoris
974 4471 1084 4544 nostri,
1108 4468 1206 4532 felicis
1230 4471 1386 4533 memorie
1409 4491 1496 4552 pape
1517 4470 1702 4533 INNocentii
1719 4463 1753 4552 ¹),

83 4560 176 4626 vobis
188 4560 374 4624 adiudicate
394 4556 421 4644 a)
436 4566 554 4622 suntet
568 4561 691 4644 scripto
708 4580 767 4622 suo
783 4558 918 4633 firmate,
938 4578 998 4641 per
1008 4553 1190 4644 [present]is
1205 4560 1316 4641 scripti
1332 4561 1484 4641 paginam
1502 4553 1754 4644 [confir]mamus

83 4669 205 4731 easque
228 4649 273 4712 de
295 4658 406 4713 cetero
420 4647 515 4711 vobis
539 4651 782 4730 inperpetuum
798 4648 973 4712 solvendas
990 4667 1059 4710 esse
1077 4668 1254 4711 censemus.
1294 4646 1329 4711 Si
1346 4668 1410 4728 que
1425 4669 1504 4711 vero
1521 4648 1753 4730 possessiones,

84 4757 164 4820 quas
188 4739 488 4821 prenominatarum
512 4741 745 4819 cognationum
779 4739 866 4799 cives
889 4744 1038 4819 tempore
1070 4739 1134 4800 late
1163 4739 1322 4800 sententie
1347 4739 1569 4819 possidebant,
1598 4736 1640 4798 ad
1672 4736 1753 4797 alios

84 4829 237 4908 quolibet
259 4827 352 4890 titulo
376 4847 396 4890 a
419 4877 425 4890 .
450 4875 457 4888 .
479 4872 488 4888 .
512 4836 689 4890 noscuntur
711 4827 782 4889 sore
804 4825 959 4907 translate
982 4825 1033 4888 vel
1054 4828 1085 4888 in
1107 4825 1249 4889 futurum
1270 4827 1418 4906 quolibet
1434 4834 1618 4890 contractus
1634 4843 1754 4906 genere

84 4917 345 4992 transferrentur,
377 4917 478 4980 libere
500 4917 596 4979 vobis
619 4917 715 4979 liceat
736 4936 756 4978 a
779 4915 980 4994 quibuslibet
1003 4911 1204 5000 [earunldem
1226 4919 1472 4998 possessionum
1496 4915 1754 4980 detentatoribus

85 5006 231 5070 decimas
254 5007 387 5087 exigere
410 5014 443 5069 et
466 5013 612 5080 exactas,
637 5005 752 5069 nullius
776 5005 957 5068 obsistente
979 5005 1246 5080 contradictione,
1270 5007 1419 5069 retinere.
1458 5003 1492 5068 Si
1508 5024 1572 5086 qua
1588 5006 1684 5086 igitur
1700 5051 1707 5065 .
1724 5049 1754 5064 ..

86 5093 219 5158 Cunctis
243 5103 354 5158 autem
378 5145 385 5159 .
410 5143 417 5156 .
440 5144 447 5157 .
470 5095 643 5158 inveniant.
689 5093 808 5158 Amen.
832 5094 922 5157 Am.
946 5091 1065 5156 Amen.
1088 5128 1133 5140 -

300 5184 354 5263 (R)
378 5185 450 5267 Ego
474 5182 640 5247 Adrianus
663 5183 823 5270 catholice
847 5182 982 5269 ecclesie
1006 5185 1182 5265 episcopus
1204 5202 1245 5244 ss.
1269 5185 1331 5261 (M)

299 5277 320 5358 †
343 5273 416 5356 Ego
440 5271 505 5337 Gre
531 5275 617 5336 orius
641 5271 828 5337 Sabinensis
852 5275 1028 5356 episcopus
1051 5293 1093 5334 ss.
1118 5269 1164 5357 (6)

299 5399 343 5410 -
366 5360 386 5446 †
410 5361 483 5445 Ego
507 5295 723 5448 {Manldedus
747 5363 909 5444 presbiter
932 5361 1100 5424 cardinalis
1124 5362 1170 5424 tit.
1194 5357 1317 5445 [sancte
1341 5357 1473 5447 Sabine]
1498 5381 1539 5422 ss.
1561 5356 1607 5445 (1)

300 5451 320 5537 †
343 5453 417 5536 Ego
440 5451 613 5515 Hubaldus
635 5452 797 5536 presbiter
823 5449 992 5515 cardinalis
1015 5452 1063 5513 tit.
1086 5459 1198 5514 sancte
1222 5450 1333 5515 Crucis
1365 5447 1409 5536 [in
1433 5445 1619 5534 ierusalem]
1644 5469 1685 5510 ss
1709 5443 1755 5532 (3)

300 5539 320 5625 †
343 5543 416 5626 Ego
440 5541 594 5606 Girardus
618 5541 779 5624 presbiter
802 5541 971 5604 cardinalis
994 5537 1068 5626 (tit.)
1090 5541 1192 5602 saneti
1216 5535 1387 5624 Sltephani
1411 5540 1442 5602 in
1462 5539 1550 5603 Celio
1575 5533 1697 5624 monte]
1714 5556 1754 5598 ss.

247 5743 272 5808 a)
291 5739 439 5790 adiudicata.
459 5776 509 5791 ..-
530 5739 566 5804 .1)
586 5738 623 5787 lst
638 5737 705 5786 nich!
722 5736 837 5787 erhalten.
910 5742 936 5804 2)
956 5735 1034 5786 Niclit
1050 5735 1164 5786 erlallen.
