4142 6366
1698 353 1762 420 219

306 516 327 601 †
349 517 422 602 Ego
445 520 546 604 Hugo
569 522 726 586 diaconus
749 524 922 589 cardinalis
945 526 1046 588 sancti
1062 523 1251 589 Heustachii
1273 526 1364 588 iuxta
1379 525 1536 609 templum
1553 527 1705 609 Agrippe
1721 547 1762 591 ss.

304 607 327 690 †
350 607 424 690 Ego
446 609 586 674 Vitellus
609 613 766 676 diaconus
790 615 962 678 cardinalis
985 624 1172 678 sanctorum
1196 615 1300 697 Sergii
1326 623 1358 678 et
1380 616 1482 678 Bachi
1505 635 1546 678 ss.

306 694 327 779 †
350 699 423 780 Ego
448 698 562 764 Petrus
585 701 744 765 diaconus
768 705 939 767 cardinalis
962 713 1075 767 sancte
1099 705 1202 767 Marie
1225 707 1256 767 in
1282 703 1409 784 Aquiro
1432 724 1475 766 ss.

252 787 328 851 Dat.
360 787 546 864 Beneventi,
576 810 636 873 per
666 812 798 854 manum
832 791 994 868 Gratiani,
1026 802 1137 856 sancte
1159 793 1308 857 Romane
1338 791 1475 856 ecclesie
1505 793 1698 857 subdiaconi
1729 801 1762 857 et

88 874 215 937 notarii.
262 891 314 940 1111
336 876 422 940 Non.
445 876 578 960 Aprilis.
625 881 807 945 indictione
829 895 863 943 11.
909 882 1138 945 Incarnationis
1162 884 1327 945 dominice
1350 903 1434 945 anno
1457 895 1640 948 MCLXVIIII.
1679 885 1761 946 Pon·

88 961 233 1030 tificatus
256 968 472 1030 verodomni
496 967 676 1032 Alexandri
698 990 754 1052 pp.
777 985 924 1034 manno
947 985 980 1033 x.

251 1081 377 1144 Atrehnst
392 1081 436 1131 der
453 1081 558 1132 Miscell.
579 1084 606 1133 di
622 1085 684 1134 Stor.
702 1085 756 1150 Lig.
782 1085 806 1132 V
813 1093 841 1150 p.
860 1088 922 1145 226,
941 1087 967 1134 in
985 1087 1029 1135 der
1045 1086 1108 1134 Bibl.
1131 1085 1212 1134 Civica
1229 1101 1258 1134 su
1280 1085 1373 1136 Gmua.

251 1153 364 1202 Bemerkt
380 1153 427 1203 ist:
442 1155 612 1221 „Pergamena
632 1157 752 1206 aritenlr'co
765 1164 847 1221 presso
865 1159 888 1206 lo
905 1157 993 1209 illustr.
1012 1157 1103 1223 Srgnor
1123 1158 1153 1208 G.
1172 1157 1279 1222 Spinolo,
1299 1165 1426 1207 mancante
1443 1158 1484 1206 del
1493 1157 1613 1222 phmho“.

836 1468 903 1544 Nr.
932 1473 1020 1543 213.

9 1577 10 1580 Ἴ
89 1597 278 1662 Alexander
293 1599 359 1663 III
375 1600 518 1664 schreibt
537 1621 580 1663 an
601 1599 662 1663 den
685 1599 783 1665 Prior
806 1600 918 1666 Simon
941 1602 1002 1665 der
1027 1600 1158 1665 Certosa
1180 1601 1287 1665 Monte
1308 1602 1364 1665 dei
1384 1603 1453 1666 und
1469 1623 1512 1664 an
1529 1599 1681 1662 Bernord
1703 1619 1763 1661 von

92 1687 205 1751 Corrlo
228 1709 338 1770 wrgen
360 1691 451 1754 einer
475 1689 730 1770 Gesandtschaft
749 1712 792 1754 on
819 1689 929 1772 Ko'nzg
942 1690 1103 1756 Heinrich
1128 1690 1174 1754 II
1189 1712 1249 1755 oon
1267 1690 1426 1776 England
1447 1693 1480 1754 in
1506 1690 1566 1754 der
1580 1687 1683 1752 Sache
1706 1688 1763 1750 des

555 1778 768 1862 Erebischofs
798 1780 933 1846 Thomas
955 1801 1016 1844 von
1043 1779 1240 1867 Canterbnry
1259 1783 1295 1866 ¹).

679 1897 761 1958 1169
770 1893 816 1980 (l)
833 1895 910 1961 Mai
922 1899 977 1961 25.
1016 1896 1180 1960 Benevent.

252 2009 443 2074 Alexander
465 2011 651 2094 episcopus,
678 2031 790 2078 servus
813 2032 979 2076 servorum
1003 2012 1067 2087 dei,
1090 2012 1216 2075 dilectis
1240 2009 1311 2073 filiis
1335 2009 1471 2083 Simoni,
1502 2007 1599 2089 priori
1624 2009 1762 2092 cartusie

91 2099 217 2162 Montis
250 2099 319 2172 dei,
353 2107 385 2162 et
416 2099 505 2163 lratri
528 2100 696 2164 Bernardo
726 2101 770 2164 de
796 2099 924 2165 Cenibo
943 2101 979 2187 a),
1009 2102 1147 2164 salutem
1179 2109 1213 2164 et
1242 2100 1460 2182 apostolicam
1489 2097 1763 2160 benedictionem.

90 2188 256 2251 Perlatum
284 2187 399 2251 estad
429 2209 504 2264 nos,
536 2191 625 2268 quod
648 2191 844 2254 venerabilis
873 2191 974 2254 frater
995 2199 1106 2254 noster
1128 2186 1309 2274 T(h0mas),
1338 2187 1601 2269 archiepiscopus
1624 2185 1764 2249 Cantua·

91 2277 206 2340 nensis
222 2275 256 2362 ¹),
287 2278 329 2340 ab
353 2276 508 2350 Henrico,
537 2278 649 2341 illustri
673 2277 859 2361 Anglorum
891 2283 975 2363 regi,
1005 2301 1107 2344 asua
1135 2278 1271 2342 ecclesia
1299 2278 1475 2360 spoliatus,
1507 2277 1539 2338 iu
1570 2283 1762 2356 contemptu

90 2368 179 2430 sedis
204 2365 386 2452 apostolice
408 2373 442 2430 et
465 2367 539 2448 quia
563 2387 614 2430 res
638 2369 681 2431 de
703 2370 757 2432 die
781 2371 813 2431 in
837 2369 922 2433 diem
947 2370 1156 2452 perniciosius
1180 2388 1326 2432 crescere
1340 2367 1477 2438 videtur,
1501 2364 1650 2446 proinde,
1675 2366 1763 2444 quic·

89 2456 168 2537 quid
195 2454 291 2520 nobis
314 2475 414 2538 super
436 2454 498 2518 hac
520 2476 556 2519 re
579 2457 620 2520 ad
646 2477 780 2539 presens
803 2461 907 2521 visum
931 2467 989 2532 est,
1020 2467 1056 2521 ut
1077 2479 1138 2521 vos
1168 2459 1211 2522 ad
1240 2477 1348 2539 regem
1374 2456 1558 2538 properetis
1582 2462 1616 2515 et
1638 2452 1762 2515 litteras

88 2552 219 2608 nostras
242 2544 507 2608 commonitorias
530 2547 639 2610 eidem
663 2546 808 2610 reddatis
832 2555 865 2610 et
888 2549 1177 2611 comminationem
1201 2555 1345 2610 nostram
1370 2547 1402 2606 in
1425 2545 1540 2625 spiritu
1561 2542 1761 2605 fortitudinis

88 2643 122 2696 et
145 2634 289 2696 lenitatis
313 2634 491 2715 adiungere
514 2635 679 2698 studeatis.
725 2633 824 2717 Quod
856 2638 965 2701 sivos
995 2633 1090 2722 noch)
1113 2637 1224 2700 audire
1247 2634 1394 2709 voluerit,
1424 2634 1482 2696 sed
1515 2633 1547 2694 in
1570 2651 1628 2694 sua
1651 2633 1760 2712 potius

88 2722 208 2786 duritia
230 2731 264 2785 et
287 2723 509 2788 obstinatione
531 2725 663 2788 duxerit
686 2725 933 2807 persistendum,
964 2727 1069 2789 eidem
1093 2725 1214 2789 litteras
1237 2733 1365 2788 nostras
1396 2721 1659 2785 comminatorias
1687 2741 1760 2803 por·

89 2814 211 2894 rigatis
234 2832 279 2876 ex
301 2821 412 2875 nostra
434 2822 529 2896 parte
552 2823 738 2878 constanter
760 2816 927 2891 addentes,
952 2816 1042 2897 quod
1067 2835 1126 2878 nos
1142 2817 1369 2899 prenominato
1392 2810 1641 2894 archiepiscopo
1657 2830 1694 2872 os
1718 2811 1761 2872 de

89 2911 203 2965 cetero
226 2901 315 2964 nulla
338 2902 462 2966 ratione
485 2903 673 2966 claudemus
704 2925 765 2967 nec
787 2906 858 2987 ipsi,
888 2907 947 2968 nisi
970 2907 1056 2968 idem
1082 2924 1140 2967 rex
1164 2912 1237 2967 ante
1261 2904 1383 2965 initium
1408 2899 1665 2983 quadragesime,
1696 2918 1761 2986 que

88 2991 151 3054 iam
168 2991 263 3070 quasi
277 2993 398 3054 instare
413 2989 575 3078 (videtur),
592 3013 639 3067 ea,
655 3012 719 3078 que
735 2997 883 3077 superius
898 2995 1046 3070 diximus,
1069 2993 1205 3077 implere
1220 2993 1369 3066 noluerit,
1393 2990 1524 3053 ulterius
1539 2987 1759 3050 inhibitionem

87 3080 233 3162 aliquam
264 3080 437 3157 faciemus,
475 3083 551 3163 quin
585 3103 660 3146 suas
699 3091 733 3146 et
764 3084 899 3166 ecclesie
930 3084 991 3147 sibi
1021 3086 1193 3162 commisse
1226 3103 1286 3144 nec
1317 3102 1384 3143 non
1407 3087 1440 3142 et
1470 3097 1601 3140 suorum
1633 3078 1760 3140 iniurias

88 3169 310 3252 ecclesiastice
332 3169 512 3234 severitatis
536 3171 644 3252 gladio
668 3193 729 3252 pro
752 3175 817 3236 suis
851 3173 964 3236 officiis
992 3173 1102 3236 debita
1120 3170 1150 3258 b)
1180 3171 1357 3234 ulciscatur.
1402 3169 1479 3231 Non
1511 3167 1595 3229 enim
1628 3167 1761 3229 credere

88 3259 193 3322 debet
222 3260 331 3322 autin
357 3268 467 3323 mente
490 3258 620 3336 habere,
652 3263 728 3341 quin
751 3262 917 3325 dormiens
939 3262 1091 3326 dominus
1115 3282 1181 3324 non
1204 3259 1380 3341 aliquando
1404 3259 1566 3321 excitetur
1596 3263 1638 3329 et,
1669 3257 1759 3336 quod

87 3346 178 3410 beati
202 3347 289 3411 Petri
319 3349 464 3430 gladium
495 3351 541 3413 ita
570 3351 687 3433 rubigo
718 3353 944 3434 assumpserit,
975 3353 1053 3434 quin
1083 3351 1177 3414 educi
1208 3349 1310 3413 nollet
1341 3356 1375 3411 et
1404 3348 1579 3410 vindictam
1611 3345 1759 3408 debitam

87 3454 255 3499 exercere.
309 3437 470 3502 Volumus
501 3447 628 3515 autem,
669 3447 705 3503 ut
735 3440 811 3528 hec,
850 3441 933 3504 sicut
963 3441 1182 3528 prediximus,
1223 3438 1411 3520 diligentius
1442 3437 1665 3516 exequamini,
1703 3435 1759 3496 nisi

87 3525 285 3589 venerabilis
313 3527 412 3591 irater
444 3537 563 3604 noster,
594 3529 783 3593 Bellicensis
813 3533 989 3612 episcopus
1006 3529 1039 3616 ὅ),
1070 3537 1104 3592 et
1134 3528 1272 3592 dilectus
1302 3527 1396 3601 filius,
1427 3529 1517 3608 prior
1540 3523 1760 3598 Cartusiensis,

87 3635 137 3690 ea,
165 3624 266 3696 prout
289 3615 348 3679 illis
372 3619 607 3693 mandavimus,
638 3628 849 3700 exequantur.
873 3655 916 3665 —
939 3619 1015 3682 Dat.
1037 3619 1233 3694 Beneventi,
1266 3630 1328 3679 vl11
1350 3615 1491 3679 Kalend.
1514 3614 1604 3676 Iunii.
1650 3612 1759 3675 Ponti-

86 3703 205 3768 ficatus
229 3707 332 3768 nostri
356 3727 440 3770 anno
463 3721 496 3770 x

248 3820 373 3886 Abrchrr'st
389 3822 429 3870 des
450 3822 506 3870 Cod.
525 3825 541 3871 2
561 3822 588 3873 F.
610 3825 643 3872 10
655 3831 683 3888 p.
702 3823 743 3882 81,
761 3823 787 3871 in
804 3823 847 3872 der
866 3823 926 3872 Br'll.
947 3822 1131 3872 Broncacciana
1147 3837 1178 3869 au
1195 3821 1290 3884 Neapel.

253 3890 333 3958 Joffe',
359 3895 415 3958 Reg.
442 3895 510 3942 7625
526 3893 608 3960 findet
629 3895 679 3944 rich
703 3895 752 3944 eine
779 3894 895 3944 Urkunde
918 3911 972 3944 vom
993 3895 1101 3959 gleichen
1124 3895 1219 3941 Datum
1244 3893 1298 3940 und
1321 3907 1354 3940 an
1380 3889 1493 3939 dieselben
1516 3889 1673 3947 Adressaten,
1697 3888 1761 3936 auch

85 3961 214 4010 inhahh'ch
233 3964 365 4013 aoesenttich
380 3965 465 4030 gleich,
490 3965 548 4014 doeh
566 3966 618 4014 dem
644 3967 775 4015 Wortloute
797 3966 860 4014 noch
882 3967 915 4016 inr
940 3973 1015 4015 ersten
1038 3965 1116 4015 Ther'le
1135 3980 1199 4030 gam
1216 3963 1372 4021 abwnchend,
1397 3962 1430 4009 im
1454 3963 1535 4010 letslen
1557 3962 1662 4025 dagegen
1680 3961 1759 4009 einero

85 4033 223 4085 smnlirt.
259 4037 303 4084 Da
325 4053 379 4084 men
402 4051 487 4085 unsere
503 4037 628 4100 Absehn'ft
651 4038 728 4086 durch
751 4039 796 4086 dar
821 4037 918 4087 dilectis
936 4037 993 4087 filiis
1017 4039 1061 4086 der
1076 4037 1183 4095 Adresre,
1208 4035 1293 4084 welche
1317 4036 1343 4082 in
1368 4033 1410 4082 der
1426 4033 1531 4082 anderen
1541 4033 1617 4096 fehlt,
1642 4032 1696 4080 und
1711 4032 1762 4080 ihre

86 4104 151 4152 orech
168 4113 236 4154 romi
251 4107 375 4156 durchaus
391 4109 582 4173 koneleimh'ssige
599 4109 713 4174 Haltung
729 4110 793 4175 sergi,
812 4110 868 4158 dass
884 4110 917 4158 sie
934 4109 986 4173 ons
999 4111 1036 4158 ein
1058 4108 1173 4172 Onginol
1188 4107 1339 4172 neriickgeht,
1364 4105 1484 4152 iohhrend
1499 4105 1541 4152 der
1557 4104 1634 4152 iisher
1649 4103 1762 4152 dehoneste

91 4175 158 4234 Tm,
179 4178 245 4225 eirrrr
262 4179 471 4244 Briefsanrnrlung
486 4181 634 4229 Alexanders
652 4181 700 4230 III
712 4189 869 4240 entnommen,
893 4181 1002 4248 offenbrn
1023 4181 1075 4244 auf
1087 4181 1132 4228 dar
1150 4181 1256 4244 Register
1277 4179 1348 4235 rurist,
1373 4192 1398 4225 ro
1414 4176 1481 4223 bleibt
1497 4176 1534 4224 die
1550 4175 1688 4235 Annahme,
1708 4175 1764 4224 dass

86 4247 131 4295 der
147 4250 303 4313 h'egr'stertert
327 4251 493 4316 umgeorbeitet
514 4251 610 4300 eoorden
637 4252 679 4314 ist,
704 4254 773 4312 oder,
799 4254 856 4301 dass
877 4253 926 4301 noir
948 4269 972 4302 es
996 4253 1040 4301 mit
1063 4252 1121 4300 awei
1142 4251 1319 4300 verschiedenen
1339 4249 1432 4297 Breven
1456 4261 1484 4294 ru
1507 4245 1567 4294 thren
1592 4247 1675 4305 haben,
1698 4248 1763 4295 eines

86 4318 287 4368 wohrscher'nlich
311 4339 345 4370 an
369 4323 470 4380 Simena,
497 4323 542 4371 das
565 4324 653 4373 andere
676 4341 709 4372 an
733 4325 850 4375 Bemord
865 4325 983 4391 gesandt;
1006 4325 1032 4372 in
1056 4325 1168 4372 letrterern
1188 4322 1257 4370 Folle
1279 4325 1344 4368 wilre
1367 4333 1462 4367 anseres
1485 4318 1530 4366 dos
1553 4333 1586 4366 on
1605 4318 1687 4366 Simon
1710 4332 1763 4366 ver·

85 4390 191 4454 obsolgte
208 4391 343 4457 Eremplor
386 4394 424 4443 Zu
441 4395 550 4444 bruchton
567 4395 605 4454 ist,
625 4395 682 4444 dass
698 4397 747 4444 wir
764 4397 926 4446 Pontificatus
944 4397 969 4445 X
986 4402 1097 4460 erigerent
1113 4393 1195 4453 haben,
1215 4393 1310 4441 warin
1327 4391 1372 4438 der
1387 4389 1515 4454 bichengen
1527 4388 1642 4456 Fasneng
1650 4388 1762 4454 fehlend,

86 4461 224 4532 iibnhorrpt
240 4479 288 4516 von
305 4465 477 4532 eron‘selhoster
495 4466 694 4533 Zrmolotn'gheit
709 4469 747 4518 ist.
791 4469 866 4534 Vergl.
887 4467 963 4517 moine
984 4467 1118 4517 Urkrenden
1137 4466 1180 4514 der
1193 4465 1281 4530 penset.
1300 4462 1403 4512 Kanthi
1418 4462 1444 4510 S.
1464 4464 1505 4514 49.

836 4804 902 4880 Nr.
929 4807 1018 4880 214.

88 4937 276 5004 Alexander
290 4936 355 5002 ΙΙΙ
367 4935 483 5001 nimmt
496 4937 558 5000 das
576 4934 708 5000 Kloster
721 4933 791 4997 Son
808 4935 1004 5003 Bartolomeo
1020 4939 1058 5003 di
1077 4937 1248 5022 Corpe'neto
1264 4936 1323 5017 (D.
1341 4937 1462 5018 Penne)
1481 4937 1514 5000 in
1535 4937 1764 5021 apostolischen

382 5025 500 5091 Schntz
515 5025 584 5089 und
597 5020 749 5106 besthhgt
761 5024 850 5087 scine
865 5026 1098 5092 Besitzthie'mer
1112 5029 1181 5092 und
1197 5026 1422 5092 Gerechtsame
1439 5029 1477 5112 ⁴).

731 5142 813 5203 1169
828 5139 981 5215 Jum'ar.
1019 5143 1183 5209 Benevent.

251 5259 442 5325 Alexander
457 5259 640 5345 episcopus,
656 5275 770 5320 servus
785 5275 953 5321 servorum
969 5257 1032 5334 dei,
1048 5260 1173 5323 dilectis
1188 5259 1259 5323 filiis
1276 5259 1430 5336 Oliverio,
1445 5259 1559 5323 abbati
1577 5259 1763 5322 monasterii

251 5517 276 5557 ai
296 5507 382 5558 Corilo
400 5508 427 5558 in
448 5506 521 5576 Jaffe'
539 5507 605 5555 7⁶25
685 5505 712 5559 bl
732 5504 769 5552 sui
788 5503 865 5553 officii
885 5505 983 5568 debito,
1008 5507 1034 5555 r'n
1053 5508 1083 5571 J.
1105 5510 1183 5558 7625.
1211 5548 1256 5554 .-
1275 5513 1310 5566 Λ)
1330 5510 1378 5558 Die
1395 5509 1520 5574 Abschn'st
1537 5509 1612 5559 dieser
1632 5507 1684 5557 Urk
1710 5522 1763 5555 ver-

88 5582 168 5630 donkr
185 5580 223 5630 ich
241 5580 326 5630 Herm
346 5581 375 5646 J.
394 5583 424 5632 A.
451 5577 634 5646 Wotsssohn
652 5577 678 5625 in
697 5576 792 5638 Neapel.
815 5605 847 5613 -
873 5577 950 5642 Vergl.
974 5579 1018 5626 das
1036 5578 1174 5626 Nochwort.
1265 5591 1291 5642 a)
1315 5581 1419 5632 Thomas
1444 5583 1533 5640 Becher,
1559 5579 1702 5642 Enbirchof
1715 5594 1761 5626 von

88 5653 271 5775 {gemb
274 5655 454 5773 318169-1170
561 5657 588 5716 3)
613 5649 768 5706 Anthelrnns,
795 5647 898 5714 Br'schos
915 5665 962 5702 von
988 5651 1077 5716 Belley,
1107 5651 1289 5706 1163-1178.
1398 5661 1425 5716 4)
1455 5653 1532 5718 Vergl.
1558 5653 1595 5700 die
1624 5651 1683 5701 Urk.
1708 5665 1763 5700 vom

1502 5801 1558 5858 28¹
