<?xml version="1.0" encoding="UTF-8"?>
<!DOCTYPE html PUBLIC "-//W3C//DTD XHTML 1.0 Transitional//EN"
    "http://www.w3.org/TR/xhtml1/DTD/xhtml1-transitional.dtd">
<html xmlns="http://www.w3.org/1999/xhtml" xml:lang="en" lang="en">
 <head>
  <title>
</title>
<meta http-equiv="Content-Type" content="text/html;charset=utf-8" />
  <meta name='ocr-system' content='tesseract 3.04.00' />
  <meta name='ocr-capabilities' content='ocr_page ocr_carea ocr_par ocr_line ocrx_word'/>
</head>
<body>
  <div class='ocr_page' id='page_1' title='image "./actapontificumr00hargoog_0149.png"; bbox 0 0 4126 6356; ppageno 0'>
   <div class='ocr_carea' id='block_1_1' title="bbox 278 494 1393 583">
    <p class='ocr_par' dir='ltr' id='par_1_1' title="bbox 278 494 1393 583">
     <span class='ocr_line' id='line_1_1' title="bbox 278 494 1393 583; baseline 0.004 -20"><span class='ocrx_word' id='word_1_1' title='bbox 278 494 298 580; x_wconf 85' lang='lat'>†</span> <span class='ocrx_word' id='word_1_2' title='bbox 321 501 393 582; x_wconf 90' lang='lat' dir='ltr'>Ego</span> <span class='ocrx_word' id='word_1_3' title='bbox 417 499 607 564; x_wconf 88' lang='lat' dir='ltr'>Manlredus</span> <span class='ocrx_word' id='word_1_4' title='bbox 631 499 791 583; x_wconf 86' lang='lat' dir='ltr'><strong>presbiter</strong></span> <span class='ocrx_word' id='word_1_5' title='bbox 814 501 984 566; x_wconf 86' lang='lat' dir='ltr'>cardinalis</span> <span class='ocrx_word' id='word_1_6' title='bbox 1007 503 1052 568; x_wconf 92' lang='lat' dir='ltr'>tit.</span> <span class='ocrx_word' id='word_1_7' title='bbox 1076 514 1188 568; x_wconf 90' lang='lat' dir='ltr'>sancte</span> <span class='ocrx_word' id='word_1_8' title='bbox 1211 501 1330 568; x_wconf 89' lang='lat' dir='ltr'>Savine</span> <span class='ocrx_word' id='word_1_9' title='bbox 1352 525 1393 568; x_wconf 92' lang='lat' dir='ltr'>ss.</span> 
     </span>
    </p>
   </div>
   <div class='ocr_carea' id='block_1_2' title="bbox 55 588 1734 1923">
    <p class='ocr_par' dir='ltr' id='par_1_2' title="bbox 278 588 1434 670">
     <span class='ocr_line' id='line_1_2' title="bbox 278 588 1434 670; baseline 0.002 -18"><span class='ocrx_word' id='word_1_10' title='bbox 278 588 298 669; x_wconf 88' lang='lat'>†</span> <span class='ocrx_word' id='word_1_11' title='bbox 321 591 394 670; x_wconf 89' lang='lat' dir='ltr'>Ego</span> <span class='ocrx_word' id='word_1_12' title='bbox 417 588 590 653; x_wconf 88' lang='lat' dir='ltr'>Aribertus</span> <span class='ocrx_word' id='word_1_13' title='bbox 614 590 775 670; x_wconf 87' lang='lat' dir='ltr'>presbiter</span> <span class='ocrx_word' id='word_1_14' title='bbox 798 593 969 655; x_wconf 90' lang='lat' dir='ltr'>cardinalis</span> <span class='ocrx_word' id='word_1_15' title='bbox 991 597 1039 656; x_wconf 94' lang='lat' dir='ltr'>tit.</span> <span class='ocrx_word' id='word_1_16' title='bbox 1062 603 1174 656; x_wconf 89' lang='lat' dir='ltr'>sancte</span> <span class='ocrx_word' id='word_1_17' title='bbox 1198 593 1371 656; x_wconf 87' lang='lat' dir='ltr'>Anastasie</span> <span class='ocrx_word' id='word_1_18' title='bbox 1393 614 1434 656; x_wconf 90' lang='lat' dir='ltr'>ss.</span> 
     </span>
    </p>

    <p class='ocr_par' dir='ltr' id='par_1_3' title="bbox 278 676 1324 761">
     <span class='ocr_line' id='line_1_3' title="bbox 278 676 1324 761; baseline 0.004 -21"><span class='ocrx_word' id='word_1_19' title='bbox 278 676 299 757; x_wconf 81' lang='lat'>†</span> <span class='ocrx_word' id='word_1_20' title='bbox 323 678 395 760; x_wconf 90' lang='lat' dir='ltr'>Ego</span> <span class='ocrx_word' id='word_1_21' title='bbox 418 679 515 742; x_wconf 91' lang='lat' dir='ltr'>Iulius</span> <span class='ocrx_word' id='word_1_22' title='bbox 539 680 699 761; x_wconf 85' lang='lat' dir='ltr'>presbiter</span> <span class='ocrx_word' id='word_1_23' title='bbox 722 681 891 744; x_wconf 88' lang='lat' dir='ltr'>cardinalis</span> <span class='ocrx_word' id='word_1_24' title='bbox 914 684 961 745; x_wconf 93' lang='lat' dir='ltr'>tit.</span> <span class='ocrx_word' id='word_1_25' title='bbox 986 686 1087 746; x_wconf 91' lang='lat' dir='ltr'>sancti</span> <span class='ocrx_word' id='word_1_26' title='bbox 1113 684 1259 746; x_wconf 87' lang='lat' dir='ltr'>Marcelli</span> <span class='ocrx_word' id='word_1_27' title='bbox 1282 703 1324 744; x_wconf 80' lang='lat' dir='ltr'>ss,</span> 
     </span>
    </p>

    <p class='ocr_par' dir='ltr' id='par_1_4' title="bbox 277 765 1637 850">
     <span class='ocr_line' id='line_1_4' title="bbox 277 765 1637 850; baseline 0.004 -22"><span class='ocrx_word' id='word_1_28' title='bbox 277 767 298 847; x_wconf 89' lang='lat'>†</span> <span class='ocrx_word' id='word_1_29' title='bbox 321 765 394 849; x_wconf 90' lang='lat' dir='ltr'>Ego</span> <span class='ocrx_word' id='word_1_30' title='bbox 417 767 592 832; x_wconf 91' lang='lat' dir='ltr'>Hubaldus</span> <span class='ocrx_word' id='word_1_31' title='bbox 616 769 778 850; x_wconf 90' lang='lat' dir='ltr'>presbiter</span> <span class='ocrx_word' id='word_1_32' title='bbox 801 771 974 834; x_wconf 90' lang='lat' dir='ltr'>cardinalis</span> <span class='ocrx_word' id='word_1_33' title='bbox 997 775 1044 834; x_wconf 91' lang='lat' dir='ltr'>tit.</span> <span class='ocrx_word' id='word_1_34' title='bbox 1068 783 1180 835; x_wconf 90' lang='lat' dir='ltr'>sancte</span> <span class='ocrx_word' id='word_1_35' title='bbox 1205 771 1317 835; x_wconf 88' lang='lat' dir='ltr'>Crucis</span> <span class='ocrx_word' id='word_1_36' title='bbox 1341 775 1372 834; x_wconf 93' lang='lat' dir='ltr'>in</span> <span class='ocrx_word' id='word_1_37' title='bbox 1397 773 1572 836; x_wconf 84' lang='lat' dir='ltr'>Ierusalem</span> <span class='ocrx_word' id='word_1_38' title='bbox 1595 793 1637 835; x_wconf 93' lang='lat' dir='ltr'>ss.</span> 
     </span>
    </p>

    <p class='ocr_par' dir='ltr' id='par_1_5' title="bbox 277 853 1205 940">
     <span class='ocr_line' id='line_1_5' title="bbox 277 853 1205 940; baseline 0.005 -21"><span class='ocrx_word' id='word_1_39' title='bbox 277 853 298 935; x_wconf 88' lang='lat'>†</span> <span class='ocrx_word' id='word_1_40' title='bbox 321 856 394 940; x_wconf 90' lang='lat' dir='ltr'>Ego</span> <span class='ocrx_word' id='word_1_41' title='bbox 419 856 528 920; x_wconf 91' lang='lat' dir='ltr'>Guido</span> <span class='ocrx_word' id='word_1_42' title='bbox 553 859 715 940; x_wconf 85' lang='lat' dir='ltr'>presbiter</span> <span class='ocrx_word' id='word_1_43' title='bbox 738 859 906 922; x_wconf 89' lang='lat' dir='ltr'>cardinalis</span> <span class='ocrx_word' id='word_1_44' title='bbox 930 862 977 922; x_wconf 88' lang='lat' dir='ltr'>tit.</span> <span class='ocrx_word' id='word_1_45' title='bbox 1001 861 1142 924; x_wconf 87' lang='lat' dir='ltr'>Pastoris</span> <span class='ocrx_word' id='word_1_46' title='bbox 1164 881 1205 924; x_wconf 93' lang='lat' dir='ltr'>ss.</span> 
     </span>
    </p>

    <p class='ocr_par' dir='ltr' id='par_1_6' title="bbox 277 942 1482 1030">
     <span class='ocr_line' id='line_1_6' title="bbox 277 942 1482 1030; baseline 0.005 -22"><span class='ocrx_word' id='word_1_47' title='bbox 277 942 298 1028; x_wconf 63' lang='lat' dir='ltr'>l</span> <span class='ocrx_word' id='word_1_48' title='bbox 322 945 394 1028; x_wconf 86' lang='lat' dir='ltr'>Ego</span> <span class='ocrx_word' id='word_1_49' title='bbox 420 944 618 1010; x_wconf 90' lang='lat' dir='ltr'>Octavianus</span> <span class='ocrx_word' id='word_1_50' title='bbox 640 948 803 1030; x_wconf 90' lang='lat' dir='ltr'>presbiter</span> <span class='ocrx_word' id='word_1_51' title='bbox 826 949 996 1012; x_wconf 89' lang='lat' dir='ltr'>cardinalis</span> <span class='ocrx_word' id='word_1_52' title='bbox 1019 953 1067 1012; x_wconf 93' lang='lat' dir='ltr'>tit.</span> <span class='ocrx_word' id='word_1_53' title='bbox 1092 959 1203 1013; x_wconf 89' lang='lat' dir='ltr'>sancte</span> <span class='ocrx_word' id='word_1_54' title='bbox 1227 948 1346 1013; x_wconf 90' lang='lat' dir='ltr'>Cecilie</span> <span class='ocrx_word' id='word_1_55' title='bbox 1369 970 1411 1012; x_wconf 89' lang='lat' dir='ltr'>ss.</span> <span class='ocrx_word' id='word_1_56' title='bbox 1435 954 1482 1030; x_wconf 90' lang='lat'>(1)</span> 
     </span>
    </p>

    <p class='ocr_par' dir='ltr' id='par_1_7' title="bbox 277 1031 1357 1118">
     <span class='ocr_line' id='line_1_7' title="bbox 277 1031 1357 1118; baseline 0.005 -23"><span class='ocrx_word' id='word_1_57' title='bbox 277 1031 298 1116; x_wconf 86' lang='lat'>†</span> <span class='ocrx_word' id='word_1_58' title='bbox 322 1033 394 1116; x_wconf 90' lang='lat' dir='ltr'>Ego</span> <span class='ocrx_word' id='word_1_59' title='bbox 417 1034 576 1098; x_wconf 88' lang='lat' dir='ltr'>Astaldus</span> <span class='ocrx_word' id='word_1_60' title='bbox 600 1039 762 1118; x_wconf 87' lang='lat' dir='ltr'>presbiter</span> <span class='ocrx_word' id='word_1_61' title='bbox 785 1038 957 1101; x_wconf 88' lang='lat' dir='ltr'>cardinalis</span> <span class='ocrx_word' id='word_1_62' title='bbox 980 1040 1026 1102; x_wconf 91' lang='lat' dir='ltr'>tit.</span> <span class='ocrx_word' id='word_1_63' title='bbox 1050 1049 1161 1102; x_wconf 90' lang='lat' dir='ltr'>sancte</span> <span class='ocrx_word' id='word_1_64' title='bbox 1185 1039 1293 1101; x_wconf 89' lang='lat' dir='ltr'>Prisce</span> <span class='ocrx_word' id='word_1_65' title='bbox 1316 1059 1357 1100; x_wconf 92' lang='lat' dir='ltr'>ss.</span> 
     </span>
    </p>

    <p class='ocr_par' dir='ltr' id='par_1_8' title="bbox 277 1120 1732 1210">
     <span class='ocr_line' id='line_1_8' title="bbox 277 1120 1732 1210; baseline 0.004 -25"><span class='ocrx_word' id='word_1_66' title='bbox 277 1120 394 1206; x_wconf 85' lang='lat' dir='ltr'>†Ego</span> <span class='ocrx_word' id='word_1_67' title='bbox 418 1123 582 1189; x_wconf 90' lang='lat' dir='ltr'>Gerardus</span> <span class='ocrx_word' id='word_1_68' title='bbox 614 1127 775 1207; x_wconf 89' lang='lat' dir='ltr'>presbiter</span> <span class='ocrx_word' id='word_1_69' title='bbox 802 1127 972 1190; x_wconf 90' lang='lat' dir='ltr'>cardinalis</span> <span class='ocrx_word' id='word_1_70' title='bbox 994 1131 1043 1190; x_wconf 94' lang='lat' dir='ltr'>tit.</span> <span class='ocrx_word' id='word_1_71' title='bbox 1067 1131 1170 1190; x_wconf 89' lang='lat' dir='ltr'>sancti</span> <span class='ocrx_word' id='word_1_72' title='bbox 1194 1126 1352 1210; x_wconf 88' lang='lat' dir='ltr'>Stephani</span> <span class='ocrx_word' id='word_1_73' title='bbox 1385 1131 1417 1190; x_wconf 92' lang='lat' dir='ltr'>in</span> <span class='ocrx_word' id='word_1_74' title='bbox 1441 1128 1533 1192; x_wconf 90' lang='lat' dir='ltr'>Celio</span> <span class='ocrx_word' id='word_1_75' title='bbox 1557 1136 1668 1191; x_wconf 92' lang='lat' dir='ltr'>monte</span> <span class='ocrx_word' id='word_1_76' title='bbox 1691 1149 1732 1191; x_wconf 92' lang='lat' dir='ltr'>ss.</span> 
     </span>
    </p>

    <p class='ocr_par' dir='ltr' id='par_1_9' title="bbox 276 1211 1732 1302">
     <span class='ocr_line' id='line_1_9' title="bbox 276 1211 1732 1302; baseline 0.003 -28"><span class='ocrx_word' id='word_1_77' title='bbox 276 1214 297 1296; x_wconf 81' lang='lat'><strong>†</strong></span> <span class='ocrx_word' id='word_1_78' title='bbox 320 1211 393 1295; x_wconf 89' lang='lat' dir='ltr'>Ego</span> <span class='ocrx_word' id='word_1_79' title='bbox 404 1213 566 1278; x_wconf 88' lang='lat' dir='ltr'>Iohannes</span> <span class='ocrx_word' id='word_1_80' title='bbox 578 1216 741 1298; x_wconf 91' lang='lat' dir='ltr'>presbiter</span> <span class='ocrx_word' id='word_1_81' title='bbox 753 1216 924 1278; x_wconf 89' lang='lat' dir='ltr'>cardinalis</span> <span class='ocrx_word' id='word_1_82' title='bbox 936 1227 1122 1281; x_wconf 89' lang='lat' dir='ltr'>sanctorum</span> <span class='ocrx_word' id='word_1_83' title='bbox 1133 1217 1281 1279; x_wconf 90' lang='lat' dir='ltr'>Iohannis</span> <span class='ocrx_word' id='word_1_84' title='bbox 1291 1227 1324 1280; x_wconf 91' lang='lat' dir='ltr'>et</span> <span class='ocrx_word' id='word_1_85' title='bbox 1332 1214 1446 1302; x_wconf 88' lang='lat' dir='ltr'>P(auli)</span> <span class='ocrx_word' id='word_1_86' title='bbox 1454 1220 1502 1280; x_wconf 92' lang='lat' dir='ltr'>tit.</span> <span class='ocrx_word' id='word_1_87' title='bbox 1515 1217 1678 1280; x_wconf 88' lang='lat' dir='ltr'>Pamachii</span> <span class='ocrx_word' id='word_1_88' title='bbox 1691 1238 1732 1278; x_wconf 82' lang='lat' dir='ltr'>ss</span> 
     </span>
    </p>

    <p class='ocr_par' dir='ltr' id='par_1_10' title="bbox 276 1302 1733 1391">
     <span class='ocr_line' id='line_1_10' title="bbox 276 1302 1733 1391; baseline 0.003 -26"><span class='ocrx_word' id='word_1_89' title='bbox 276 1337 320 1348; x_wconf 91' lang='lat'>—-</span> <span class='ocrx_word' id='word_1_90' title='bbox 342 1303 363 1383; x_wconf 89' lang='lat'>†</span> <span class='ocrx_word' id='word_1_91' title='bbox 386 1303 459 1384; x_wconf 85' lang='lat' dir='ltr'>Ego</span> <span class='ocrx_word' id='word_1_92' title='bbox 484 1302 561 1367; x_wconf 93' lang='lat' dir='ltr'>Odo</span> <span class='ocrx_word' id='word_1_93' title='bbox 586 1305 743 1368; x_wconf 89' lang='lat' dir='ltr'>diaconus</span> <span class='ocrx_word' id='word_1_94' title='bbox 767 1305 937 1369; x_wconf 91' lang='lat' dir='ltr'>cardinalis</span> <span class='ocrx_word' id='word_1_95' title='bbox 968 1310 1069 1369; x_wconf 88' lang='lat' dir='ltr'>sancti</span> <span class='ocrx_word' id='word_1_96' title='bbox 1095 1305 1227 1388; x_wconf 85' lang='lat' dir='ltr'>Georgii</span> <span class='ocrx_word' id='word_1_97' title='bbox 1258 1307 1299 1369; x_wconf 91' lang='lat' dir='ltr'>ad</span> <span class='ocrx_word' id='word_1_98' title='bbox 1323 1306 1440 1369; x_wconf 92' lang='lat' dir='ltr'>Velum</span> <span class='ocrx_word' id='word_1_99' title='bbox 1466 1327 1596 1370; x_wconf 90' lang='lat' dir='ltr'>aureum</span> <span class='ocrx_word' id='word_1_100' title='bbox 1621 1328 1661 1372; x_wconf 90' lang='lat' dir='ltr'>ss.</span> <span class='ocrx_word' id='word_1_101' title='bbox 1686 1304 1733 1391; x_wconf 87' lang='lat' dir='ltr'>(r)</span> 
     </span>
    </p>

    <p class='ocr_par' dir='ltr' id='par_1_11' title="bbox 276 1391 1477 1478">
     <span class='ocr_line' id='line_1_11' title="bbox 276 1391 1477 1478; baseline 0.002 -24"><span class='ocrx_word' id='word_1_102' title='bbox 276 1392 298 1471; x_wconf 89' lang='lat'><strong>†</strong></span> <span class='ocrx_word' id='word_1_103' title='bbox 320 1393 393 1473; x_wconf 87' lang='lat' dir='ltr'>Ego</span> <span class='ocrx_word' id='word_1_104' title='bbox 418 1391 696 1475; x_wconf 81' lang='lat' dir='ltr'>GG.(Gregorius)</span> <span class='ocrx_word' id='word_1_105' title='bbox 720 1395 876 1457; x_wconf 89' lang='lat' dir='ltr'>diaconus</span> <span class='ocrx_word' id='word_1_106' title='bbox 900 1396 1072 1458; x_wconf 88' lang='lat' dir='ltr'>cardinalis</span> <span class='ocrx_word' id='word_1_107' title='bbox 1095 1399 1197 1458; x_wconf 89' lang='lat' dir='ltr'>sancti</span> <span class='ocrx_word' id='word_1_108' title='bbox 1220 1395 1341 1477; x_wconf 87' lang='lat' dir='ltr'>Angeli</span> <span class='ocrx_word' id='word_1_109' title='bbox 1364 1415 1406 1457; x_wconf 91' lang='lat' dir='ltr'>ss.</span> <span class='ocrx_word' id='word_1_110' title='bbox 1430 1393 1477 1478; x_wconf 76' lang='grc' dir='ltr'>(ι)</span> 
     </span>
    </p>

    <p class='ocr_par' dir='ltr' id='par_1_12' title="bbox 276 1478 1500 1562">
     <span class='ocr_line' id='line_1_12' title="bbox 276 1478 1500 1562; baseline 0.003 -20"><span class='ocrx_word' id='word_1_111' title='bbox 276 1480 297 1559; x_wconf 92' lang='lat'>†</span> <span class='ocrx_word' id='word_1_112' title='bbox 317 1478 390 1562; x_wconf 89' lang='lat' dir='ltr'>Ego</span> <span class='ocrx_word' id='word_1_113' title='bbox 416 1481 524 1546; x_wconf 92' lang='lat' dir='ltr'>Guido</span> <span class='ocrx_word' id='word_1_114' title='bbox 547 1484 704 1546; x_wconf 90' lang='lat' dir='ltr'>diaconus</span> <span class='ocrx_word' id='word_1_115' title='bbox 729 1485 900 1547; x_wconf 89' lang='lat' dir='ltr'>cardinalis</span> <span class='ocrx_word' id='word_1_116' title='bbox 923 1494 1035 1548; x_wconf 90' lang='lat' dir='ltr'>sancte</span> <span class='ocrx_word' id='word_1_117' title='bbox 1060 1484 1163 1548; x_wconf 89' lang='lat' dir='ltr'>Marie</span> <span class='ocrx_word' id='word_1_118' title='bbox 1187 1488 1218 1547; x_wconf 92' lang='lat' dir='ltr'>in</span> <span class='ocrx_word' id='word_1_119' title='bbox 1243 1485 1372 1547; x_wconf 90' lang='lat' dir='ltr'>Porticu</span> <span class='ocrx_word' id='word_1_120' title='bbox 1396 1505 1437 1546; x_wconf 83' lang='lat' dir='ltr'>ss</span> <span class='ocrx_word' id='word_1_121' title='bbox 1498 1533 1500 1538; x_wconf 91' lang='lat'><em>.</em></span> 
     </span>
    </p>

    <p class='ocr_par' dir='ltr' id='par_1_13' title="bbox 276 1569 1618 1654">
     <span class='ocr_line' id='line_1_13' title="bbox 276 1569 1618 1654; baseline 0.001 -22"><span class='ocrx_word' id='word_1_122' title='bbox 276 1571 297 1648; x_wconf 88' lang='lat'><em>†</em></span> <span class='ocrx_word' id='word_1_123' title='bbox 320 1570 393 1652; x_wconf 90' lang='lat' dir='ltr'>Ego</span> <span class='ocrx_word' id='word_1_124' title='bbox 416 1570 555 1634; x_wconf 87' lang='lat' dir='ltr'>iacintus</span> <span class='ocrx_word' id='word_1_125' title='bbox 579 1574 736 1636; x_wconf 88' lang='lat' dir='ltr'>diaconus</span> <span class='ocrx_word' id='word_1_126' title='bbox 759 1574 930 1636; x_wconf 89' lang='lat' dir='ltr'>cardinalis</span> <span class='ocrx_word' id='word_1_127' title='bbox 953 1584 1065 1636; x_wconf 89' lang='lat' dir='ltr'>sancte</span> <span class='ocrx_word' id='word_1_128' title='bbox 1089 1574 1190 1636; x_wconf 90' lang='lat' dir='ltr'>Marie</span> <span class='ocrx_word' id='word_1_129' title='bbox 1212 1575 1242 1635; x_wconf 94' lang='lat' dir='ltr'>in</span> <span class='ocrx_word' id='word_1_130' title='bbox 1266 1571 1460 1654; x_wconf 90' lang='lat' dir='ltr'>Cosmydyn</span> <span class='ocrx_word' id='word_1_131' title='bbox 1482 1593 1524 1635; x_wconf 91' lang='lat' dir='ltr'>ss.</span> <span class='ocrx_word' id='word_1_132' title='bbox 1549 1569 1618 1654; x_wconf 78' lang='grc' dir='ltr'>(ιο)</span> 
     </span>
    </p>

    <p class='ocr_par' dir='ltr' id='par_1_14' title="bbox 222 1657 1734 1749">
     <span class='ocr_line' id='line_1_14' title="bbox 222 1657 1734 1749; baseline 0.001 -30"><span class='ocrx_word' id='word_1_133' title='bbox 222 1657 298 1720; x_wconf 90' lang='lat' dir='ltr'>Dat.</span> <span class='ocrx_word' id='word_1_134' title='bbox 321 1659 483 1737; x_wconf 86' lang='lat' dir='ltr'>Laterani,</span> <span class='ocrx_word' id='word_1_135' title='bbox 506 1682 565 1742; x_wconf 91' lang='lat' dir='ltr'>per</span> <span class='ocrx_word' id='word_1_136' title='bbox 589 1683 719 1725; x_wconf 93' lang='lat' dir='ltr'>manum</span> <span class='ocrx_word' id='word_1_137' title='bbox 743 1661 889 1737; x_wconf 90' lang='lat' dir='ltr'>Rolandi,</span> <span class='ocrx_word' id='word_1_138' title='bbox 913 1673 1024 1726; x_wconf 91' lang='lat' dir='ltr'>sancte</span> <span class='ocrx_word' id='word_1_139' title='bbox 1039 1664 1186 1749; x_wconf 75' lang='lat' dir='ltr'>Romane</span> <span class='ocrx_word' id='word_1_140' title='bbox 1210 1663 1348 1725; x_wconf 89' lang='lat' dir='ltr'>ecclesie</span> <span class='ocrx_word' id='word_1_141' title='bbox 1371 1662 1543 1745; x_wconf 90' lang='lat' dir='ltr'>presbiteri</span> <span class='ocrx_word' id='word_1_142' title='bbox 1566 1659 1734 1724; x_wconf 90' lang='lat' dir='ltr'>cardinalis</span> 
     </span>
    </p>

    <p class='ocr_par' dir='ltr' id='par_1_15' title="bbox 55 1746 1734 1923">
     <span class='ocr_line' id='line_1_15' title="bbox 55 1746 1734 1829; baseline 0.002 -20"><span class='ocrx_word' id='word_1_143' title='bbox 55 1755 89 1809; x_wconf 92' lang='lat' dir='ltr'>et</span> <span class='ocrx_word' id='word_1_144' title='bbox 104 1746 294 1810; x_wconf 86' lang='lat' dir='ltr'>cancellarii</span> <span class='ocrx_word' id='word_1_145' title='bbox 314 1751 352 1829; x_wconf 74' lang='lat'>³).</span> <span class='ocrx_word' id='word_1_146' title='bbox 392 1750 478 1812; x_wconf 86' lang='lat' dir='ltr'>llld.</span> <span class='ocrx_word' id='word_1_147' title='bbox 494 1749 640 1814; x_wconf 89' lang='lat' dir='ltr'>Ianuarii.</span> <span class='ocrx_word' id='word_1_148' title='bbox 680 1752 861 1815; x_wconf 85' lang='lat' dir='ltr'>indictione</span> <span class='ocrx_word' id='word_1_149' title='bbox 876 1753 1029 1814; x_wconf 90' lang='lat' dir='ltr'>secunda.</span> <span class='ocrx_word' id='word_1_150' title='bbox 1067 1753 1297 1815; x_wconf 89' lang='lat' dir='ltr'>incarnationis</span> <span class='ocrx_word' id='word_1_151' title='bbox 1313 1753 1477 1816; x_wconf 89' lang='lat' dir='ltr'>dominice</span> <span class='ocrx_word' id='word_1_152' title='bbox 1498 1772 1583 1814; x_wconf 89' lang='lat' dir='ltr'>anno</span> <span class='ocrx_word' id='word_1_153' title='bbox 1600 1761 1734 1812; x_wconf 80' lang='lat' dir='ltr'><strong>MCLHII.</strong></span> 
     </span>
     <span class='ocr_line' id='line_1_16' title="bbox 55 1835 1098 1923; baseline 0.006 -25"><span class='ocrx_word' id='word_1_154' title='bbox 55 1835 272 1899; x_wconf 85' lang='lat' dir='ltr'>Pontificatus</span> <span class='ocrx_word' id='word_1_155' title='bbox 295 1857 374 1900; x_wconf 90' lang='lat' dir='ltr'>vero</span> <span class='ocrx_word' id='word_1_156' title='bbox 399 1839 511 1902; x_wconf 90' lang='lat' dir='ltr'>domni</span> <span class='ocrx_word' id='word_1_157' title='bbox 535 1841 700 1903; x_wconf 89' lang='lat' dir='ltr'>Anastasii</span> <span class='ocrx_word' id='word_1_158' title='bbox 716 1857 766 1902; x_wconf 90' lang='lat'>1111</span> <span class='ocrx_word' id='word_1_159' title='bbox 790 1840 851 1902; x_wconf 92' lang='grc' dir='ltr'>ΡΡ.</span> <span class='ocrx_word' id='word_1_160' title='bbox 875 1861 959 1904; x_wconf 90' lang='lat' dir='ltr'>anno</span> <span class='ocrx_word' id='word_1_161' title='bbox 984 1843 1098 1923; x_wconf 90' lang='lat' dir='ltr'>primo.</span> 
     </span>
    </p>
   </div>
   <div class='ocr_carea' id='block_1_3' title="bbox 54 1951 1739 2522">
    <p class='ocr_par' dir='ltr' id='par_1_16' title="bbox 227 1951 1662 2020">
     <span class='ocr_line' id='line_1_17' title="bbox 227 1951 1662 2020; baseline 0.002 -21"><span class='ocrx_word' id='word_1_162' title='bbox 227 1951 271 2000; x_wconf 85' lang='lat' dir='ltr'>Or.</span> <span class='ocrx_word' id='word_1_163' title='bbox 289 1951 322 2000; x_wconf 82' lang='lat' dir='ltr'>im</span> <span class='ocrx_word' id='word_1_164' title='bbox 341 1953 454 2002; x_wconf 74' lang='lat' dir='ltr'>Archiater</span> <span class='ocrx_word' id='word_1_165' title='bbox 476 1954 608 2018; x_wconf 81' lang='lat' dir='ltr'>Capitalare</span> <span class='ocrx_word' id='word_1_166' title='bbox 624 1970 654 2002; x_wconf 74' lang='lat' dir='ltr'>au</span> <span class='ocrx_word' id='word_1_167' title='bbox 672 1955 764 2014; x_wconf 76' lang='lat' dir='ltr'>Aemo,</span> <span class='ocrx_word' id='word_1_168' title='bbox 782 1955 838 2002; x_wconf 79' lang='lat' dir='ltr'>uerd</span> <span class='ocrx_word' id='word_1_169' title='bbox 853 1955 977 2020; x_wconf 74' lang='lat' dir='ltr'>Abschn&#39;ft</span> <span class='ocrx_word' id='word_1_170' title='bbox 993 1955 1047 2004; x_wconf 82' lang='lat' dir='ltr'>XL.</span> <span class='ocrx_word' id='word_1_171' title='bbox 1068 1959 1091 2003; x_wconf 79' lang='lat'>6.</span> <span class='ocrx_word' id='word_1_172' title='bbox 1106 1962 1134 2019; x_wconf 80' lang='lat' dir='ltr'>p.</span> <span class='ocrx_word' id='word_1_173' title='bbox 1147 1958 1188 2014; x_wconf 82' lang='lat'>54,</span> <span class='ocrx_word' id='word_1_174' title='bbox 1207 1954 1233 2004; x_wconf 83' lang='lat' dir='ltr'>in</span> <span class='ocrx_word' id='word_1_175' title='bbox 1252 1955 1295 2004; x_wconf 83' lang='lat' dir='ltr'>der</span> <span class='ocrx_word' id='word_1_176' title='bbox 1312 1955 1375 2003; x_wconf 80' lang='lat' dir='ltr'>Bibl.</span> <span class='ocrx_word' id='word_1_177' title='bbox 1394 1954 1529 2002; x_wconf 82' lang='lat' dir='ltr'>Barberina</span> <span class='ocrx_word' id='word_1_178' title='bbox 1546 1969 1576 2002; x_wconf 77' lang='lat' dir='ltr'>ru</span> <span class='ocrx_word' id='word_1_179' title='bbox 1594 1955 1662 2003; x_wconf 83' lang='lat' dir='ltr'>Rem.</span> 
     </span>
    </p>

    <p class='ocr_par' dir='ltr' id='par_1_17' title="bbox 54 2023 1739 2522">
     <span class='ocr_line' id='line_1_18' title="bbox 226 2023 1736 2092; baseline 0.001 -20"><span class='ocrx_word' id='word_1_180' title='bbox 226 2023 295 2088; x_wconf 67' lang='lat' dir='ltr'>ferg.</span> <span class='ocrx_word' id='word_1_181' title='bbox 320 2025 381 2084; x_wconf 66' lang='lat' dir='ltr'>etat,</span> <span class='ocrx_word' id='word_1_182' title='bbox 405 2025 440 2072; x_wconf 80' lang='lat' dir='ltr'>br.</span> <span class='ocrx_word' id='word_1_183' title='bbox 460 2027 529 2086; x_wconf 78' lang='lat'>0,56,</span> <span class='ocrx_word' id='word_1_184' title='bbox 555 2028 615 2090; x_wconf 83' lang='lat' dir='ltr'>lang</span> <span class='ocrx_word' id='word_1_185' title='bbox 632 2028 715 2084; x_wconf 67' lang='lat'>0,815,</span> <span class='ocrx_word' id='word_1_186' title='bbox 740 2033 814 2075; x_wconf 77' lang='lat' dir='ltr'>umen</span> <span class='ocrx_word' id='word_1_187' title='bbox 833 2030 892 2086; x_wconf 79' lang='lat'>0,06</span> <span class='ocrx_word' id='word_1_188' title='bbox 916 2027 1110 2092; x_wconf 76' lang='lat' dir='ltr'>umgesehlagen,</span> <span class='ocrx_word' id='word_1_189' title='bbox 1134 2027 1211 2074; x_wconf 77' lang='lat' dir='ltr'>durch</span> <span class='ocrx_word' id='word_1_190' title='bbox 1230 2029 1245 2076; x_wconf 78' lang='lat'><em>2</em></span> <span class='ocrx_word' id='word_1_191' title='bbox 1266 2027 1358 2074; x_wconf 66' lang='lat' dir='ltr'>Laeter</span> <span class='ocrx_word' id='word_1_192' title='bbox 1377 2026 1434 2091; x_wconf 81' lang='lat' dir='ltr'>geht</span> <span class='ocrx_word' id='word_1_193' title='bbox 1459 2027 1496 2074; x_wconf 86' lang='lat' dir='ltr'>die</span> <span class='ocrx_word' id='word_1_194' title='bbox 1519 2041 1575 2074; x_wconf 86' lang='lat' dir='ltr'>resa</span> <span class='ocrx_word' id='word_1_195' title='bbox 1597 2026 1653 2074; x_wconf 76' lang='lat' dir='ltr'>ueed</span> <span class='ocrx_word' id='word_1_196' title='bbox 1671 2027 1736 2089; x_wconf 83' lang='lat' dir='ltr'>gelbe</span> 
     </span>
     <span class='ocr_line' id='line_1_19' title="bbox 55 2093 1734 2162; baseline 0.002 -21"><span class='ocrx_word' id='word_1_197' title='bbox 55 2093 252 2154; x_wconf 66' lang='lat' dir='ltr'>Sentinatem,</span> <span class='ocrx_word' id='word_1_198' title='bbox 278 2096 349 2144; x_wconf 80' lang='lat' dir='ltr'>deren</span> <span class='ocrx_word' id='word_1_199' title='bbox 377 2096 432 2144; x_wconf 81' lang='lat' dir='ltr'>Blei</span> <span class='ocrx_word' id='word_1_200' title='bbox 453 2100 568 2147; x_wconf 80' lang='lat' dir='ltr'>verleren.</span> <span class='ocrx_word' id='word_1_201' title='bbox 604 2097 713 2162; x_wconf 77' lang='lat' dir='ltr'>Fallung</span> <span class='ocrx_word' id='word_1_202' title='bbox 736 2099 778 2146; x_wconf 87' lang='lat' dir='ltr'>der</span> <span class='ocrx_word' id='word_1_203' title='bbox 802 2099 898 2146; x_wconf 81' lang='lat' dir='ltr'>Bullen.</span> <span class='ocrx_word' id='word_1_204' title='bbox 936 2099 974 2146; x_wconf 83' lang='lat' dir='ltr'>Im</span> <span class='ocrx_word' id='word_1_205' title='bbox 1002 2099 1142 2162; x_wconf 81' lang='lat' dir='ltr'>Kenscripte</span> <span class='ocrx_word' id='word_1_206' title='bbox 1172 2098 1230 2146; x_wconf 83' lang='lat' dir='ltr'>sind</span> <span class='ocrx_word' id='word_1_207' title='bbox 1253 2099 1290 2146; x_wconf 83' lang='lat' dir='ltr'>die</span> <span class='ocrx_word' id='word_1_208' title='bbox 1317 2098 1414 2146; x_wconf 75' lang='grc' dir='ltr'><em>Ναηιικ</em></span> <span class='ocrx_word' id='word_1_209' title='bbox 1438 2097 1481 2145; x_wconf 83' lang='lat' dir='ltr'>der</span> <span class='ocrx_word' id='word_1_210' title='bbox 1507 2097 1592 2160; x_wconf 62' lang='lat' dir='ltr'>Pente</span> <span class='ocrx_word' id='word_1_211' title='bbox 1614 2097 1734 2161; x_wconf 76' lang='lat' dir='ltr'>halblareg,</span> 
     </span>
     <span class='ocr_line' id='line_1_20' title="bbox 55 2165 1734 2236; baseline 0.001 -23"><span class='ocrx_word' id='word_1_212' title='bbox 55 2166 91 2214; x_wconf 76' lang='lat' dir='ltr'>elie</span> <span class='ocrx_word' id='word_1_213' title='bbox 109 2165 152 2214; x_wconf 84' lang='lat' dir='ltr'>des</span> <span class='ocrx_word' id='word_1_214' title='bbox 173 2165 285 2230; x_wconf 80' lang='lat' dir='ltr'>Propstes</span> <span class='ocrx_word' id='word_1_215' title='bbox 301 2169 357 2216; x_wconf 81' lang='lat' dir='ltr'>und</span> <span class='ocrx_word' id='word_1_216' title='bbox 372 2168 416 2216; x_wconf 84' lang='lat' dir='ltr'>der</span> <span class='ocrx_word' id='word_1_217' title='bbox 432 2168 544 2234; x_wconf 71' lang='lat' dir='ltr'>Bisrb&#39;r&#39;se</span> <span class='ocrx_word' id='word_1_218' title='bbox 567 2169 594 2218; x_wconf 87' lang='lat' dir='ltr'>r&#39;n</span> <span class='ocrx_word' id='word_1_219' title='bbox 618 2168 711 2218; x_wconf 83' lang='lat' dir='ltr'>kleinen</span> <span class='ocrx_word' id='word_1_220' title='bbox 730 2169 870 2234; x_wconf 82' lang='lat' dir='ltr'>Majuskeln</span> <span class='ocrx_word' id='word_1_221' title='bbox 891 2170 1048 2236; x_wconf 82' lang='lat' dir='ltr'>gesclrrieben.</span> <span class='ocrx_word' id='word_1_222' title='bbox 1090 2169 1246 2234; x_wconf 67' lang='lat' dir='ltr'>Veramgung</span> <span class='ocrx_word' id='word_1_223' title='bbox 1262 2169 1310 2218; x_wconf 88' lang='lat' dir='ltr'>Nr.</span> <span class='ocrx_word' id='word_1_224' title='bbox 1329 2173 1344 2218; x_wconf 79' lang='lat'><em>2</em></span> <span class='ocrx_word' id='word_1_225' title='bbox 1364 2169 1432 2217; x_wconf 80' lang='lat' dir='ltr'>stark</span> <span class='ocrx_word' id='word_1_226' title='bbox 1457 2169 1562 2228; x_wconf 77' lang='lat' dir='ltr'>veniere,</span> <span class='ocrx_word' id='word_1_227' title='bbox 1581 2169 1651 2232; x_wconf 78' lang='lat' dir='ltr'>fie&#39;llt</span> <span class='ocrx_word' id='word_1_228' title='bbox 1669 2170 1734 2228; x_wconf 78' lang='lat'>0,12.</span> 
     </span>
     <span class='ocr_line' id='line_1_21' title="bbox 54 2237 1737 2308; baseline 0.002 -23"><span class='ocrx_word' id='word_1_229' title='bbox 54 2239 134 2286; x_wconf 74' lang='lat' dir='ltr'>Areten</span> <span class='ocrx_word' id='word_1_230' title='bbox 159 2237 209 2290; x_wconf 80' lang='lat' dir='ltr'>Nr.</span> <span class='ocrx_word' id='word_1_231' title='bbox 230 2237 293 2288; x_wconf 83' lang='lat' dir='ltr'>7x².</span> <span class='ocrx_word' id='word_1_232' title='bbox 331 2241 393 2288; x_wconf 81' lang='lat' dir='ltr'>Rota</span> <span class='ocrx_word' id='word_1_233' title='bbox 417 2239 463 2289; x_wconf 86' lang='lat' dir='ltr'>Nr.</span> <span class='ocrx_word' id='word_1_234' title='bbox 484 2245 506 2297; x_wconf 87' lang='lat'>1,</span> <span class='ocrx_word' id='word_1_235' title='bbox 534 2241 567 2289; x_wconf 82' lang='lat' dir='ltr'>im</span> <span class='ocrx_word' id='word_1_236' title='bbox 591 2241 767 2290; x_wconf 80' lang='lat' dir='ltr'>Durchmesser</span> <span class='ocrx_word' id='word_1_237' title='bbox 790 2243 859 2299; x_wconf 76' lang='lat'>0,05.</span> <span class='ocrx_word' id='word_1_238' title='bbox 896 2241 1080 2308; x_wconf 76' lang='lat' dir='ltr'>Maregramm,</span> <span class='ocrx_word' id='word_1_239' title='bbox 1115 2242 1211 2304; x_wconf 75' lang='lat' dir='ltr'>Gruppe</span> <span class='ocrx_word' id='word_1_240' title='bbox 1231 2245 1253 2300; x_wconf 78' lang='lat'>6,</span> <span class='ocrx_word' id='word_1_241' title='bbox 1279 2240 1337 2290; x_wconf 77' lang='lat' dir='ltr'>doch</span> <span class='ocrx_word' id='word_1_242' title='bbox 1360 2242 1452 2300; x_wconf 83' lang='lat'>0,051,</span> <span class='ocrx_word' id='word_1_243' title='bbox 1481 2241 1541 2288; x_wconf 82' lang='lat' dir='ltr'>hecil</span> <span class='ocrx_word' id='word_1_244' title='bbox 1558 2240 1643 2302; x_wconf 82' lang='lat'>0,036.</span> <span class='ocrx_word' id='word_1_245' title='bbox 1681 2241 1737 2288; x_wconf 84' lang='lat' dir='ltr'>Das</span> 
     </span>
     <span class='ocr_line' id='line_1_22' title="bbox 55 2309 1734 2378; baseline 0.002 -22"><span class='ocrx_word' id='word_1_246' title='bbox 55 2309 198 2374; x_wconf 74' lang='lat' dir='ltr'>Ringkreus</span> <span class='ocrx_word' id='word_1_247' title='bbox 215 2310 274 2376; x_wconf 64' lang='lat' dir='ltr'>sergi</span> <span class='ocrx_word' id='word_1_248' title='bbox 289 2310 338 2358; x_wconf 80' lang='lat' dir='ltr'>eine</span> <span class='ocrx_word' id='word_1_249' title='bbox 356 2311 432 2376; x_wconf 67' lang='lat' dir='ltr'>ergene</span> <span class='ocrx_word' id='word_1_250' title='bbox 449 2312 565 2377; x_wconf 75' lang='lat' dir='ltr'>rothgelbe</span> <span class='ocrx_word' id='word_1_251' title='bbox 582 2313 664 2372; x_wconf 79' lang='lat' dir='ltr'>Dinte,</span> <span class='ocrx_word' id='word_1_252' title='bbox 683 2313 721 2361; x_wconf 87' lang='lat' dir='ltr'>die</span> <span class='ocrx_word' id='word_1_253' title='bbox 742 2312 878 2376; x_wconf 81' lang='lat' dir='ltr'>Umsclm&#39;s&#39;t</span> <span class='ocrx_word' id='word_1_254' title='bbox 895 2313 944 2362; x_wconf 84' lang='lat' dir='ltr'>eine</span> <span class='ocrx_word' id='word_1_255' title='bbox 957 2315 1122 2378; x_wconf 63' lang='lat' dir='ltr'>genueram,</span> <span class='ocrx_word' id='word_1_256' title='bbox 1141 2313 1178 2360; x_wconf 81' lang='lat' dir='ltr'>die</span> <span class='ocrx_word' id='word_1_257' title='bbox 1199 2311 1363 2376; x_wconf 77' lang='lat' dir='ltr'>Unterschm&#39;st</span> <span class='ocrx_word' id='word_1_258' title='bbox 1379 2313 1429 2360; x_wconf 79' lang='lat' dir='ltr'>eine</span> <span class='ocrx_word' id='word_1_259' title='bbox 1446 2311 1554 2360; x_wconf 74' lang='lat' dir='ltr'>dknliclee</span> <span class='ocrx_word' id='word_1_260' title='bbox 1572 2313 1628 2360; x_wconf 85' lang='lat' dir='ltr'>aber</span> <span class='ocrx_word' id='word_1_261' title='bbox 1644 2311 1734 2370; x_wconf 70' lang='lat' dir='ltr'>hellen,</span> 
     </span>
     <span class='ocr_line' id='line_1_23' title="bbox 55 2381 1737 2450; baseline 0.002 -22"><span class='ocrx_word' id='word_1_262' title='bbox 55 2381 92 2428; x_wconf 78' lang='lat' dir='ltr'>die</span> <span class='ocrx_word' id='word_1_263' title='bbox 108 2381 245 2447; x_wconf 75' lang='lat' dir='ltr'>Datimng</span> <span class='ocrx_word' id='word_1_264' title='bbox 269 2382 355 2431; x_wconf 79' lang='lat' dir='ltr'>hellere</span> <span class='ocrx_word' id='word_1_265' title='bbox 381 2385 420 2431; x_wconf 82' lang='lat' dir='ltr'>als</span> <span class='ocrx_word' id='word_1_266' title='bbox 445 2385 488 2433; x_wconf 82' lang='lat' dir='ltr'>der</span> <span class='ocrx_word' id='word_1_267' title='bbox 507 2384 687 2447; x_wconf 68' lang='lat' dir='ltr'>Hauptkerper‚</span> <span class='ocrx_word' id='word_1_268' title='bbox 715 2385 774 2432; x_wconf 76' lang='lat' dir='ltr'>doch</span> <span class='ocrx_word' id='word_1_269' title='bbox 797 2384 863 2432; x_wconf 80' lang='lat' dir='ltr'>wohl</span> <span class='ocrx_word' id='word_1_270' title='bbox 880 2385 969 2450; x_wconf 78' lang='lat' dir='ltr'>gleiche</span> <span class='ocrx_word' id='word_1_271' title='bbox 986 2385 1074 2444; x_wconf 72' lang='lat' dir='ltr'>Harrei,</span> <span class='ocrx_word' id='word_1_272' title='bbox 1102 2385 1147 2432; x_wconf 86' lang='lat' dir='ltr'>das</span> <span class='ocrx_word' id='word_1_273' title='bbox 1164 2384 1187 2432; x_wconf 92' lang='lat' dir='ltr'>R</span> <span class='ocrx_word' id='word_1_274' title='bbox 1205 2385 1314 2433; x_wconf 83' lang='lat' dir='ltr'>Relands</span> <span class='ocrx_word' id='word_1_275' title='bbox 1332 2384 1422 2432; x_wconf 73' lang='lat' dir='ltr'>scheint</span> <span class='ocrx_word' id='word_1_276' title='bbox 1438 2384 1482 2433; x_wconf 77' lang='lat' dir='ltr'>mit</span> <span class='ocrx_word' id='word_1_277' title='bbox 1499 2383 1592 2447; x_wconf 68' lang='lat' dir='ltr'>agente</span> <span class='ocrx_word' id='word_1_278' title='bbox 1609 2383 1737 2432; x_wconf 81' lang='lat' dir='ltr'>dunklerer</span> 
     </span>
     <span class='ocr_line' id='line_1_24' title="bbox 56 2452 1739 2522; baseline 0.001 -22"><span class='ocrx_word' id='word_1_279' title='bbox 56 2453 132 2501; x_wconf 74' lang='lat' dir='ltr'>Dr&#39;aerle</span> <span class='ocrx_word' id='word_1_280' title='bbox 150 2452 303 2518; x_wconf 76' lang='lat' dir='ltr'>eingetragm</span> <span class='ocrx_word' id='word_1_281' title='bbox 327 2471 357 2502; x_wconf 79' lang='lat' dir='ltr'>en</span> <span class='ocrx_word' id='word_1_282' title='bbox 380 2454 438 2503; x_wconf 84' lang='lat' dir='ltr'>sein.</span> <span class='ocrx_word' id='word_1_283' title='bbox 473 2456 522 2504; x_wconf 86' lang='lat' dir='ltr'>Die</span> <span class='ocrx_word' id='word_1_284' title='bbox 541 2455 720 2522; x_wconf 81' lang='lat' dir='ltr'>Zeugmfirmen</span> <span class='ocrx_word' id='word_1_285' title='bbox 743 2457 838 2521; x_wconf 84' lang='lat' dir='ltr'>ergeben</span> <span class='ocrx_word' id='word_1_286' title='bbox 861 2472 915 2504; x_wconf 81' lang='lat' dir='ltr'>aum</span> <span class='ocrx_word' id='word_1_287' title='bbox 936 2463 1059 2521; x_wconf 66' lang='lat' dir='ltr'>grasseren</span> <span class='ocrx_word' id='word_1_288' title='bbox 1081 2455 1160 2505; x_wconf 73' lang='lat' dir='ltr'>Thale</span> <span class='ocrx_word' id='word_1_289' title='bbox 1183 2455 1232 2504; x_wconf 82' lang='lat' dir='ltr'>eine</span> <span class='ocrx_word' id='word_1_290' title='bbox 1251 2455 1339 2520; x_wconf 79' lang='lat' dir='ltr'>gleiche</span> <span class='ocrx_word' id='word_1_291' title='bbox 1360 2455 1480 2503; x_wconf 65' lang='lat' dir='ltr'>scewanc</span> <span class='ocrx_word' id='word_1_292' title='bbox 1506 2455 1581 2504; x_wconf 84' lang='lat' dir='ltr'>Dinte</span> <span class='ocrx_word' id='word_1_293' title='bbox 1603 2455 1659 2502; x_wconf 82' lang='lat' dir='ltr'>und</span> <span class='ocrx_word' id='word_1_294' title='bbox 1680 2455 1739 2502; x_wconf 83' lang='lat' dir='ltr'>sind</span> 
     </span>
    </p>
   </div>
   <div class='ocr_carea' id='block_1_4' title="bbox 55 2525 1736 2647">
    <p class='ocr_par' dir='ltr' id='par_1_18' title="bbox 55 2525 1736 2647">
     <span class='ocr_line' id='line_1_25' title="bbox 55 2525 1736 2593; baseline 0.001 -21"><span class='ocrx_word' id='word_1_295' title='bbox 55 2525 169 2590; x_wconf 54' lang='grc' dir='ltr'>(θενὼν</span> <span class='ocrx_word' id='word_1_296' title='bbox 192 2525 318 2574; x_wconf 78' lang='lat' dir='ltr'>ther&#39;lnueire</span> <span class='ocrx_word' id='word_1_297' title='bbox 339 2526 403 2574; x_wconf 79' lang='lat' dir='ltr'>auch</span> <span class='ocrx_word' id='word_1_298' title='bbox 427 2541 474 2574; x_wconf 78' lang='lat' dir='ltr'>vm</span> <span class='ocrx_word' id='word_1_299' title='bbox 495 2527 600 2593; x_wconf 78' lang='lat' dir='ltr'>gleichcr</span> <span class='ocrx_word' id='word_1_300' title='bbox 617 2528 696 2576; x_wconf 86' lang='lat' dir='ltr'>Hand</span> <span class='ocrx_word' id='word_1_301' title='bbox 714 2528 830 2593; x_wconf 75' lang='lat' dir='ltr'>gemacht.</span> <span class='ocrx_word' id='word_1_302' title='bbox 869 2528 924 2576; x_wconf 83' lang='lat' dir='ltr'>Das</span> <span class='ocrx_word' id='word_1_303' title='bbox 942 2543 967 2577; x_wconf 89' lang='lat' dir='ltr'>ss</span> <span class='ocrx_word' id='word_1_304' title='bbox 989 2529 1052 2578; x_wconf 86' lang='lat' dir='ltr'>Odos</span> <span class='ocrx_word' id='word_1_305' title='bbox 1074 2527 1174 2576; x_wconf 64' lang='lat' dir='ltr'>berella</span> <span class='ocrx_word' id='word_1_306' title='bbox 1190 2527 1235 2576; x_wconf 74' lang='lat' dir='ltr'>aas</span> <span class='ocrx_word' id='word_1_307' title='bbox 1253 2526 1437 2593; x_wconf 79' lang='lat' dir='ltr'>Menogramm,</span> <span class='ocrx_word' id='word_1_308' title='bbox 1462 2526 1512 2575; x_wconf 82' lang='lat' dir='ltr'>sein</span> <span class='ocrx_word' id='word_1_309' title='bbox 1531 2527 1736 2590; x_wconf 77' lang='lat' dir='ltr'>Inrerpunkeiens-</span> 
     </span>
     <span class='ocr_line' id='line_1_26' title="bbox 55 2596 426 2647; baseline 0.008 -4"><span class='ocrx_word' id='word_1_310' title='bbox 55 2596 147 2645; x_wconf 68' lang='lat' dir='ltr'>:delen</span> <span class='ocrx_word' id='word_1_311' title='bbox 165 2596 229 2646; x_wconf 80' lang='lat' dir='ltr'>srehr</span> <span class='ocrx_word' id='word_1_312' title='bbox 245 2598 271 2646; x_wconf 83' lang='lat' dir='ltr'>in</span> <span class='ocrx_word' id='word_1_313' title='bbox 290 2597 426 2647; x_wconf 78' lang='lat' dir='ltr'>dmuelben.</span> 
     </span>
    </p>
   </div>
   <div class='ocr_carea' id='block_1_5' title="bbox 808 2885 993 2960">
    <p class='ocr_par' dir='ltr' id='par_1_19' title="bbox 808 2885 993 2960">
     <span class='ocr_line' id='line_1_27' title="bbox 808 2885 993 2960; baseline 0 0"><span class='ocrx_word' id='word_1_314' title='bbox 808 2885 874 2960; x_wconf 64' lang='grc' dir='ltr'>ΝΥ.</span> <span class='ocrx_word' id='word_1_315' title='bbox 908 2890 993 2960; x_wconf 90' lang='grc'><strong>130.</strong></span> 
     </span>
    </p>
   </div>
   <div class='ocr_carea' id='block_1_6' title="bbox 56 3011 1736 3189">
    <p class='ocr_par' dir='ltr' id='par_1_20' title="bbox 56 3011 1736 3189">
     <span class='ocr_line' id='line_1_28' title="bbox 56 3011 1736 3097; baseline -0.002 -17"><span class='ocrx_word' id='word_1_316' title='bbox 56 3015 258 3080; x_wconf 79' lang='lat' dir='ltr'>Anastasius</span> <span class='ocrx_word' id='word_1_317' title='bbox 273 3013 334 3078; x_wconf 89' lang='lat' dir='ltr'>IV</span> <span class='ocrx_word' id='word_1_318' title='bbox 348 3011 498 3096; x_wconf 70' lang='lat' dir='ltr'>bestdtegi</span> <span class='ocrx_word' id='word_1_319' title='bbox 518 3015 591 3078; x_wconf 85' lang='lat' dir='ltr'>dem</span> <span class='ocrx_word' id='word_1_320' title='bbox 607 3015 757 3097; x_wconf 73' lang='lat' dir='ltr'>Bisaltase</span> <span class='ocrx_word' id='word_1_321' title='bbox 781 3016 942 3081; x_wconf 77' lang='lat' dir='ltr'>Theobald</span> <span class='ocrx_word' id='word_1_322' title='bbox 961 3039 1021 3080; x_wconf 82' lang='lat' dir='ltr'>von</span> <span class='ocrx_word' id='word_1_323' title='bbox 1047 3017 1167 3081; x_wconf 83' lang='lat' dir='ltr'>Verona</span> <span class='ocrx_word' id='word_1_324' title='bbox 1187 3017 1240 3080; x_wconf 77' lang='lat' dir='ltr'>die</span> <span class='ocrx_word' id='word_1_325' title='bbox 1256 3015 1493 3081; x_wconf 75' lang='lat' dir='ltr'>Besr&#39;tetlze&#39;e&#39;mer</span> <span class='ocrx_word' id='word_1_326' title='bbox 1509 3017 1613 3079; x_wconf 82' lang='lat' dir='ltr'>seines</span> <span class='ocrx_word' id='word_1_327' title='bbox 1632 3015 1736 3079; x_wconf 81' lang='lat' dir='ltr'>Hocle-</span> 
     </span>
     <span class='ocr_line' id='line_1_29' title="bbox 456 3105 1351 3189; baseline 0.004 -23"><span class='ocrx_word' id='word_1_328' title='bbox 456 3105 570 3183; x_wconf 84' lang='lat' dir='ltr'>stiftes,</span> <span class='ocrx_word' id='word_1_329' title='bbox 594 3105 728 3169; x_wconf 77' lang='lat' dir='ltr'>welches</span> <span class='ocrx_word' id='word_1_330' title='bbox 743 3127 780 3168; x_wconf 85' lang='lat' dir='ltr'>er</span> <span class='ocrx_word' id='word_1_331' title='bbox 795 3107 828 3169; x_wconf 85' lang='lat' dir='ltr'>in</span> <span class='ocrx_word' id='word_1_332' title='bbox 844 3107 1074 3189; x_wconf 82' lang='lat' dir='ltr'>apostolisclzen</span> <span class='ocrx_word' id='word_1_333' title='bbox 1089 3106 1212 3171; x_wconf 72' lang='lat' dir='ltr'>Scaea</span> <span class='ocrx_word' id='word_1_334' title='bbox 1226 3105 1351 3171; x_wconf 79' lang='lat' dir='ltr'>nz&#39;enmt.</span> 
     </span>
    </p>
   </div>
   <div class='ocr_carea' id='block_1_7' title="bbox 657 3239 1144 3312">
    <p class='ocr_par' dir='ltr' id='par_1_21' title="bbox 657 3239 1144 3312">
     <span class='ocr_line' id='line_1_30' title="bbox 657 3239 1144 3312; baseline 0.006 -11"><span class='ocrx_word' id='word_1_335' title='bbox 657 3241 740 3302; x_wconf 74' lang='lat'><strong><em>1154</em></strong></span> <span class='ocrx_word' id='word_1_336' title='bbox 755 3239 956 3312; x_wconf 74' lang='lat' dir='ltr'>Januaras.</span> <span class='ocrx_word' id='word_1_337' title='bbox 993 3239 1144 3304; x_wconf 86' lang='lat' dir='ltr'>Lateran.</span> 
     </span>
    </p>
   </div>
   <div class='ocr_carea' id='block_1_8' title="bbox 58 3367 1794 5595">
    <p class='ocr_par' dir='ltr' id='par_1_22' title="bbox 58 3367 1794 5595">
     <span class='ocr_line' id='line_1_31' title="bbox 223 3367 1736 3452; baseline -0.001 -20"><span class='ocrx_word' id='word_1_338' title='bbox 223 3367 419 3433; x_wconf 87' lang='lat' dir='ltr'>Anastasius</span> <span class='ocrx_word' id='word_1_339' title='bbox 436 3371 622 3452; x_wconf 78' lang='lat' dir='ltr'>episcopuS,</span> <span class='ocrx_word' id='word_1_340' title='bbox 637 3391 749 3434; x_wconf 90' lang='lat' dir='ltr'>servus</span> <span class='ocrx_word' id='word_1_341' title='bbox 765 3392 933 3436; x_wconf 87' lang='lat' dir='ltr'>servorum</span> <span class='ocrx_word' id='word_1_342' title='bbox 949 3373 1011 3447; x_wconf 90' lang='lat' dir='ltr'>dei,</span> <span class='ocrx_word' id='word_1_343' title='bbox 1027 3373 1205 3436; x_wconf 90' lang='lat' dir='ltr'>venerabili</span> <span class='ocrx_word' id='word_1_344' title='bbox 1222 3371 1312 3434; x_wconf 87' lang='lat' dir='ltr'>lratri</span> <span class='ocrx_word' id='word_1_345' title='bbox 1328 3368 1537 3444; x_wconf 79' lang='lat' dir='ltr'>l&#39;heobaldo,</span> <span class='ocrx_word' id='word_1_346' title='bbox 1553 3368 1736 3430; x_wconf 91' lang='lat' dir='ltr'>Veronensi</span> 
     </span>
     <span class='ocr_line' id='line_1_32' title="bbox 58 3457 1737 3544; baseline -0.001 -23"><span class='ocrx_word' id='word_1_347' title='bbox 58 3461 235 3542; x_wconf 91' lang='lat' dir='ltr'>episcop0,</span> <span class='ocrx_word' id='word_1_348' title='bbox 259 3462 393 3539; x_wconf 91' lang='lat' dir='ltr'>eiusque</span> <span class='ocrx_word' id='word_1_349' title='bbox 416 3459 668 3536; x_wconf 89' lang='lat' dir='ltr'>successoribus,</span> <span class='ocrx_word' id='word_1_350' title='bbox 692 3463 848 3524; x_wconf 89' lang='lat' dir='ltr'>canonice</span> <span class='ocrx_word' id='word_1_351' title='bbox 878 3461 1122 3536; x_wconf 72' lang='lat' dir='ltr'>substituendis</span> <span class='ocrx_word' id='word_1_352' title='bbox 1146 3475 1183 3524; x_wconf 85' lang='grc' dir='ltr'>ΙΝ</span> <span class='ocrx_word' id='word_1_353' title='bbox 1206 3473 1283 3523; x_wconf 81' lang='grc' dir='ltr'><strong>ΡΡΜ.</strong></span> <span class='ocrx_word' id='word_1_354' title='bbox 1307 3495 1350 3506; x_wconf 86' lang='grc'>-</span> <span class='ocrx_word' id='word_1_355' title='bbox 1370 3457 1376 3544; x_wconf 84' lang='grc' dir='ltr'>Ι</span> <span class='ocrx_word' id='word_1_356' title='bbox 1396 3458 1431 3519; x_wconf 94' lang='lat' dir='ltr'>ln</span> <span class='ocrx_word' id='word_1_357' title='bbox 1464 3458 1618 3520; x_wconf 90' lang='lat' dir='ltr'>eminenti</span> <span class='ocrx_word' id='word_1_358' title='bbox 1649 3458 1737 3519; x_wconf 91' lang='lat' dir='ltr'>sedis</span> 
     </span>
     <span class='ocr_line' id='line_1_33' title="bbox 59 3546 1737 3631; baseline -0.001 -21"><span class='ocrx_word' id='word_1_359' title='bbox 59 3549 249 3630; x_wconf 91' lang='lat' dir='ltr'>apostolice</span> <span class='ocrx_word' id='word_1_360' title='bbox 283 3548 430 3631; x_wconf 91' lang='lat' dir='ltr'>specula,</span> <span class='ocrx_word' id='word_1_361' title='bbox 461 3550 658 3630; x_wconf 89' lang='lat' dir='ltr'>disponente</span> <span class='ocrx_word' id='word_1_362' title='bbox 688 3550 839 3626; x_wconf 92' lang='lat' dir='ltr'>domino,</span> <span class='ocrx_word' id='word_1_363' title='bbox 876 3551 1041 3613; x_wconf 89' lang='lat' dir='ltr'>constituti</span> <span class='ocrx_word' id='word_1_364' title='bbox 1079 3551 1192 3612; x_wconf 85' lang='lat' dir='ltr'>iratres</span> <span class='ocrx_word' id='word_1_365' title='bbox 1229 3558 1357 3612; x_wconf 90' lang='lat' dir='ltr'>nostros</span> <span class='ocrx_word' id='word_1_366' title='bbox 1389 3547 1563 3629; x_wconf 90' lang='lat' dir='ltr'>episcopos</span> <span class='ocrx_word' id='word_1_367' title='bbox 1595 3546 1737 3608; x_wconf 85' lang='lat' dir='ltr'>fraterna</span> 
     </span>
     <span class='ocr_line' id='line_1_34' title="bbox 59 3635 1737 3724; baseline -0.001 -25"><span class='ocrx_word' id='word_1_368' title='bbox 59 3639 225 3701; x_wconf 90' lang='lat' dir='ltr'>debemus</span> <span class='ocrx_word' id='word_1_369' title='bbox 256 3640 390 3701; x_wconf 88' lang='lat' dir='ltr'>caritate</span> <span class='ocrx_word' id='word_1_370' title='bbox 422 3638 559 3719; x_wconf 89' lang='lat' dir='ltr'>diligere</span> <span class='ocrx_word' id='word_1_371' title='bbox 592 3646 624 3700; x_wconf 89' lang='lat' dir='ltr'>et</span> <span class='ocrx_word' id='word_1_372' title='bbox 657 3639 808 3715; x_wconf 90' lang='lat' dir='ltr'>ecclesiis,</span> <span class='ocrx_word' id='word_1_373' title='bbox 839 3639 902 3702; x_wconf 90' lang='lat' dir='ltr'>sibi</span> <span class='ocrx_word' id='word_1_374' title='bbox 933 3660 953 3701; x_wconf 93' lang='lat' dir='ltr'>a</span> <span class='ocrx_word' id='word_1_375' title='bbox 981 3640 1045 3702; x_wconf 90' lang='lat' dir='ltr'>deo</span> <span class='ocrx_word' id='word_1_376' title='bbox 1064 3639 1095 3724; x_wconf 84' lang='lat' dir='ltr'>b)</span> <span class='ocrx_word' id='word_1_377' title='bbox 1127 3641 1318 3713; x_wconf 90' lang='lat' dir='ltr'>commissis,</span> <span class='ocrx_word' id='word_1_378' title='bbox 1349 3645 1487 3720; x_wconf 88' lang='lat' dir='ltr'>paterna</span> <span class='ocrx_word' id='word_1_379' title='bbox 1518 3635 1737 3698; x_wconf 89' lang='lat' dir='ltr'>sollicitudine</span> 
     </span>
     <span class='ocr_line' id='line_1_35' title="bbox 59 3721 1733 3809; baseline -0.003 -19"><span class='ocrx_word' id='word_1_380' title='bbox 59 3728 249 3809; x_wconf 88' lang='lat' dir='ltr'>providere.</span> <span class='ocrx_word' id='word_1_381' title='bbox 295 3724 474 3808; x_wconf 88' lang='lat' dir='ltr'>Quocirca,</span> <span class='ocrx_word' id='word_1_382' title='bbox 504 3727 695 3790; x_wconf 91' lang='lat' dir='ltr'>venerabilis</span> <span class='ocrx_word' id='word_1_383' title='bbox 727 3731 759 3790; x_wconf 92' lang='lat' dir='ltr'>in</span> <span class='ocrx_word' id='word_1_384' title='bbox 784 3727 914 3791; x_wconf 90' lang='lat' dir='ltr'>Christo</span> <span class='ocrx_word' id='word_1_385' title='bbox 947 3727 1063 3805; x_wconf 81' lang='lat' dir='ltr'>irater,</span> <span class='ocrx_word' id='word_1_386' title='bbox 1097 3728 1291 3791; x_wconf 90' lang='lat' dir='ltr'>Theobalde</span> <span class='ocrx_word' id='word_1_387' title='bbox 1315 3729 1487 3808; x_wconf 89' lang='lat' dir='ltr'>episcope,</span> <span class='ocrx_word' id='word_1_388' title='bbox 1517 3727 1581 3788; x_wconf 92' lang='lat' dir='ltr'>tuis</span> <span class='ocrx_word' id='word_1_389' title='bbox 1611 3727 1702 3787; x_wconf 87' lang='lat' dir='ltr'>iustis</span> <span class='ocrx_word' id='word_1_390' title='bbox 1730 3721 1733 3806; x_wconf 78' lang='lat' dir='ltr'>l</span> 
     </span>
     <span class='ocr_line' id='line_1_36' title="bbox 59 3813 1735 3900; baseline -0.002 -23"><span class='ocrx_word' id='word_1_391' title='bbox 59 3815 336 3898; x_wconf 87' lang='lat' dir='ltr'>postulationibus</span> <span class='ocrx_word' id='word_1_392' title='bbox 350 3817 529 3879; x_wconf 90' lang='lat' dir='ltr'>clementer</span> <span class='ocrx_word' id='word_1_393' title='bbox 538 3819 717 3892; x_wconf 71' lang='lat' dir='ltr'>annuimus</span> <span class='ocrx_word' id='word_1_394' title='bbox 734 3826 767 3880; x_wconf 90' lang='lat' dir='ltr'>et</span> <span class='ocrx_word' id='word_1_395' title='bbox 779 3819 1021 3900; x_wconf 90' lang='lat' dir='ltr'>predecessoris</span> <span class='ocrx_word' id='word_1_396' title='bbox 1034 3819 1143 3894; x_wconf 91' lang='lat' dir='ltr'>nostri,</span> <span class='ocrx_word' id='word_1_397' title='bbox 1160 3817 1257 3879; x_wconf 84' lang='lat' dir='ltr'>felicis</span> <span class='ocrx_word' id='word_1_398' title='bbox 1268 3817 1426 3880; x_wconf 91' lang='lat' dir='ltr'>memorie</span> <span class='ocrx_word' id='word_1_399' title='bbox 1442 3835 1529 3896; x_wconf 89' lang='lat' dir='ltr'>pape</span> <span class='ocrx_word' id='word_1_400' title='bbox 1539 3815 1691 3877; x_wconf 79' lang='lat' dir='ltr'>EUGENH</span> <span class='ocrx_word' id='word_1_401' title='bbox 1703 3813 1735 3895; x_wconf 85' lang='lat'>¹),</span> 
     </span>
     <span class='ocr_line' id='line_1_37' title="bbox 58 3903 1736 3989; baseline -0.002 -22"><span class='ocrx_word' id='word_1_402' title='bbox 58 3905 208 3988; x_wconf 86' lang='lat' dir='ltr'>vestigiis</span> <span class='ocrx_word' id='word_1_403' title='bbox 224 3905 418 3982; x_wconf 69' lang='lat' dir='ltr'>inherentes</span> <span class='ocrx_word' id='word_1_404' title='bbox 443 3907 541 3969; x_wconf 93' lang='lat' dir='ltr'>beate</span> <span class='ocrx_word' id='word_1_405' title='bbox 556 3906 610 3968; x_wconf 94' lang='lat' dir='ltr'>dei</span> <span class='ocrx_word' id='word_1_406' title='bbox 626 3908 790 3989; x_wconf 85' lang='lat' dir='ltr'>genitricis</span> <span class='ocrx_word' id='word_1_407' title='bbox 807 3927 1003 3988; x_wconf 89' lang='lat' dir='ltr'>semperque</span> <span class='ocrx_word' id='word_1_408' title='bbox 1019 3907 1151 3989; x_wconf 90' lang='lat' dir='ltr'>virginis</span> <span class='ocrx_word' id='word_1_409' title='bbox 1168 3908 1288 3985; x_wconf 64' lang='lat' dir='ltr'>Mami,</span> <span class='ocrx_word' id='word_1_410' title='bbox 1307 3904 1534 3968; x_wconf 89' lang='lat' dir='ltr'>Veronensem</span> <span class='ocrx_word' id='word_1_411' title='bbox 1556 3903 1736 3977; x_wconf 89' lang='lat' dir='ltr'>ecclesiam,</span> 
     </span>
     <span class='ocr_line' id='line_1_38' title="bbox 59 3994 1736 4077; baseline -0.002 -20"><span class='ocrx_word' id='word_1_412' title='bbox 59 3997 110 4058; x_wconf 89' lang='lat' dir='ltr'>cui</span> <span class='ocrx_word' id='word_1_413' title='bbox 135 3997 205 4057; x_wconf 90' lang='lat' dir='ltr'>deo</span> <span class='ocrx_word' id='word_1_414' title='bbox 230 4004 364 4058; x_wconf 91' lang='lat' dir='ltr'>auctore</span> <span class='ocrx_word' id='word_1_415' title='bbox 396 4015 529 4077; x_wconf 88' lang='lat' dir='ltr'>preesse</span> <span class='ocrx_word' id='word_1_416' title='bbox 556 3996 744 4070; x_wconf 91' lang='lat' dir='ltr'>dinosceris,</span> <span class='ocrx_word' id='word_1_417' title='bbox 777 3995 838 4058; x_wconf 93' lang='lat' dir='ltr'>sub</span> <span class='ocrx_word' id='word_1_418' title='bbox 869 3996 957 4059; x_wconf 91' lang='lat' dir='ltr'>beati</span> <span class='ocrx_word' id='word_1_419' title='bbox 981 3997 1067 4059; x_wconf 91' lang='lat' dir='ltr'>Petri</span> <span class='ocrx_word' id='word_1_420' title='bbox 1099 4005 1131 4059; x_wconf 90' lang='lat' dir='ltr'>et</span> <span class='ocrx_word' id='word_1_421' title='bbox 1161 4005 1272 4059; x_wconf 90' lang='lat' dir='ltr'>nostra</span> <span class='ocrx_word' id='word_1_422' title='bbox 1303 3994 1510 4077; x_wconf 90' lang='lat' dir='ltr'>protectione</span> <span class='ocrx_word' id='word_1_423' title='bbox 1542 3994 1736 4074; x_wconf 90' lang='lat' dir='ltr'>suscipimus</span> 
     </span>
     <span class='ocr_line' id='line_1_39' title="bbox 59 4081 1736 4167; baseline -0.002 -21"><span class='ocrx_word' id='word_1_424' title='bbox 59 4093 92 4146; x_wconf 85' lang='lat' dir='ltr'>et</span> <span class='ocrx_word' id='word_1_425' title='bbox 123 4087 289 4167; x_wconf 90' lang='lat' dir='ltr'>presentis</span> <span class='ocrx_word' id='word_1_426' title='bbox 319 4086 431 4166; x_wconf 92' lang='lat' dir='ltr'>scripti</span> <span class='ocrx_word' id='word_1_427' title='bbox 464 4083 632 4166; x_wconf 88' lang='lat' dir='ltr'>privilegio</span> <span class='ocrx_word' id='word_1_428' title='bbox 663 4087 912 4149; x_wconf 86' lang='lat' dir='ltr'>communimus.</span> <span class='ocrx_word' id='word_1_429' title='bbox 959 4083 1156 4160; x_wconf 91' lang='lat' dir='ltr'>Statuentes,</span> <span class='ocrx_word' id='word_1_430' title='bbox 1187 4095 1223 4147; x_wconf 93' lang='lat' dir='ltr'>ut</span> <span class='ocrx_word' id='word_1_431' title='bbox 1252 4100 1475 4164; x_wconf 90' lang='lat' dir='ltr'>quascumque</span> <span class='ocrx_word' id='word_1_432' title='bbox 1503 4081 1736 4162; x_wconf 90' lang='lat' dir='ltr'>possessiones,</span> 
     </span>
     <span class='ocr_line' id='line_1_40' title="bbox 60 4172 1736 4257; baseline -0.004 -20"><span class='ocrx_word' id='word_1_433' title='bbox 60 4193 273 4256; x_wconf 92' lang='lat' dir='ltr'>quecumque</span> <span class='ocrx_word' id='word_1_434' title='bbox 295 4174 383 4236; x_wconf 89' lang='lat' dir='ltr'>bona</span> <span class='ocrx_word' id='word_1_435' title='bbox 407 4175 523 4236; x_wconf 91' lang='lat' dir='ltr'>eadem</span> <span class='ocrx_word' id='word_1_436' title='bbox 547 4175 685 4237; x_wconf 89' lang='lat' dir='ltr'>ecclesia</span> <span class='ocrx_word' id='word_1_437' title='bbox 707 4176 740 4238; x_wconf 94' lang='lat' dir='ltr'>in</span> <span class='ocrx_word' id='word_1_438' title='bbox 766 4177 998 4257; x_wconf 89' lang='lat' dir='ltr'>presentiamm</span> <span class='ocrx_word' id='word_1_439' title='bbox 1024 4177 1107 4238; x_wconf 92' lang='lat' dir='ltr'>iuste</span> <span class='ocrx_word' id='word_1_440' title='bbox 1139 4182 1172 4238; x_wconf 90' lang='lat' dir='ltr'>et</span> <span class='ocrx_word' id='word_1_441' title='bbox 1202 4176 1358 4236; x_wconf 89' lang='lat' dir='ltr'>canonice</span> <span class='ocrx_word' id='word_1_442' title='bbox 1391 4172 1540 4253; x_wconf 92' lang='lat' dir='ltr'>possidet</span> <span class='ocrx_word' id='word_1_443' title='bbox 1559 4175 1586 4248; x_wconf 87' lang='lat' dir='ltr'>c)</span> <span class='ocrx_word' id='word_1_444' title='bbox 1617 4179 1673 4232; x_wconf 93' lang='lat' dir='ltr'>aut</span> <span class='ocrx_word' id='word_1_445' title='bbox 1704 4173 1736 4232; x_wconf 91' lang='lat' dir='ltr'>in</span> 
     </span>
     <span class='ocr_line' id='line_1_41' title="bbox 59 4259 1735 4346; baseline -0.001 -22"><span class='ocrx_word' id='word_1_446' title='bbox 59 4262 209 4326; x_wconf 81' lang='lat' dir='ltr'>futurum</span> <span class='ocrx_word' id='word_1_447' title='bbox 233 4263 444 4326; x_wconf 91' lang='lat' dir='ltr'>concessione</span> <span class='ocrx_word' id='word_1_448' title='bbox 467 4263 666 4345; x_wconf 85' lang='lat' dir='ltr'>pontificum,</span> <span class='ocrx_word' id='word_1_449' title='bbox 695 4263 865 4346; x_wconf 83' lang='lat' dir='ltr'>largitione</span> <span class='ocrx_word' id='word_1_450' title='bbox 888 4284 1000 4346; x_wconf 87' lang='lat' dir='ltr'>regum</span> <span class='ocrx_word' id='word_1_451' title='bbox 1024 4264 1076 4326; x_wconf 94' lang='lat' dir='ltr'>vel</span> <span class='ocrx_word' id='word_1_452' title='bbox 1100 4264 1290 4346; x_wconf 92' lang='lat' dir='ltr'>principum,</span> <span class='ocrx_word' id='word_1_453' title='bbox 1321 4260 1488 4324; x_wconf 90' lang='lat' dir='ltr'>oblatione</span> <span class='ocrx_word' id='word_1_454' title='bbox 1511 4259 1655 4321; x_wconf 83' lang='lat' dir='ltr'>fidelium</span> <span class='ocrx_word' id='word_1_455' title='bbox 1679 4279 1735 4322; x_wconf 94' lang='lat' dir='ltr'>seu</span> 
     </span>
     <span class='ocr_line' id='line_1_42' title="bbox 60 4348 1794 4436; baseline -0.002 -22"><span class='ocrx_word' id='word_1_456' title='bbox 60 4351 131 4415; x_wconf 87' lang='lat' dir='ltr'>aliis</span> <span class='ocrx_word' id='word_1_457' title='bbox 157 4353 251 4414; x_wconf 88' lang='lat' dir='ltr'>iustis</span> <span class='ocrx_word' id='word_1_458' title='bbox 275 4353 390 4428; x_wconf 78' lang='lat' dir='ltr'>modia,</span> <span class='ocrx_word' id='word_1_459' title='bbox 414 4360 581 4434; x_wconf 91' lang='lat' dir='ltr'>prestante</span> <span class='ocrx_word' id='word_1_460' title='bbox 605 4353 747 4427; x_wconf 91' lang='lat' dir='ltr'>domino,</span> <span class='ocrx_word' id='word_1_461' title='bbox 772 4357 894 4436; x_wconf 92' lang='lat' dir='ltr'>poterit</span> <span class='ocrx_word' id='word_1_462' title='bbox 917 4354 1062 4435; x_wconf 89' lang='lat' dir='ltr'>adipisci,</span> <span class='ocrx_word' id='word_1_463' title='bbox 1086 4352 1179 4415; x_wconf 87' lang='lat' dir='ltr'>firma</span> <span class='ocrx_word' id='word_1_464' title='bbox 1202 4353 1261 4414; x_wconf 93' lang='lat' dir='ltr'>tibi</span> <span class='ocrx_word' id='word_1_465' title='bbox 1284 4353 1413 4429; x_wconf 89' lang='lat' dir='ltr'>tuisque</span> <span class='ocrx_word' id='word_1_466' title='bbox 1436 4348 1679 4411; x_wconf 90' lang='lat' dir='ltr'>successoribus</span> <span class='ocrx_word' id='word_1_467' title='bbox 1704 4360 1737 4412; x_wconf 93' lang='lat' dir='ltr'>et</span> <span class='ocrx_word' id='word_1_468' title='bbox 1793 4393 1794 4396; x_wconf 19' lang='grc' dir='ltr'><strong>κ</strong></span> 
     </span>
     <span class='ocr_line' id='line_1_43' title="bbox 60 4439 1735 4529; baseline -0.002 -25"><span class='ocrx_word' id='word_1_469' title='bbox 60 4440 188 4504; x_wconf 88' lang='lat' dir='ltr'>illibata</span> <span class='ocrx_word' id='word_1_470' title='bbox 204 4450 426 4523; x_wconf 86' lang='lat' dir='ltr'>permaneant.</span> <span class='ocrx_word' id='word_1_471' title='bbox 465 4441 500 4504; x_wconf 93' lang='lat' dir='ltr'>ln</span> <span class='ocrx_word' id='word_1_472' title='bbox 518 4443 635 4523; x_wconf 93' lang='lat' dir='ltr'>quibus</span> <span class='ocrx_word' id='word_1_473' title='bbox 651 4441 712 4529; x_wconf 74' lang='lat' dir='ltr'>hec</span> <span class='ocrx_word' id='word_1_474' title='bbox 728 4443 867 4525; x_wconf 91' lang='lat' dir='ltr'>propriis</span> <span class='ocrx_word' id='word_1_475' title='bbox 884 4444 1037 4506; x_wconf 83' lang='lat' dir='ltr'>duximus</span> <span class='ocrx_word' id='word_1_476' title='bbox 1054 4442 1267 4523; x_wconf 89' lang='lat' dir='ltr'>exprimenda</span> <span class='ocrx_word' id='word_1_477' title='bbox 1283 4439 1465 4502; x_wconf 92' lang='lat' dir='ltr'>vocabulis:</span> <span class='ocrx_word' id='word_1_478' title='bbox 1503 4440 1735 4501; x_wconf 89' lang='lat' dir='ltr'>monasterium</span> 
     </span>
     <span class='ocr_line' id='line_1_44' title="bbox 60 4525 1735 4606; baseline -0.001 -14"><span class='ocrx_word' id='word_1_479' title='bbox 60 4533 167 4594; x_wconf 78' lang='lat' dir='ltr'>sancti</span> <span class='ocrx_word' id='word_1_480' title='bbox 184 4529 330 4606; x_wconf 91' lang='lat' dir='ltr'>Zenonis,</span> <span class='ocrx_word' id='word_1_481' title='bbox 354 4533 586 4594; x_wconf 90' lang='lat' dir='ltr'>monasterium</span> <span class='ocrx_word' id='word_1_482' title='bbox 609 4540 797 4595; x_wconf 88' lang='lat' dir='ltr'>sanctorum</span> <span class='ocrx_word' id='word_1_483' title='bbox 814 4534 913 4595; x_wconf 90' lang='lat' dir='ltr'>Firmi</span> <span class='ocrx_word' id='word_1_484' title='bbox 938 4541 971 4594; x_wconf 89' lang='lat' dir='ltr'>et</span> <span class='ocrx_word' id='word_1_485' title='bbox 986 4532 1119 4605; x_wconf 89' lang='lat' dir='ltr'>Rustici,</span> <span class='ocrx_word' id='word_1_486' title='bbox 1145 4532 1376 4592; x_wconf 90' lang='lat' dir='ltr'>monasterium</span> <span class='ocrx_word' id='word_1_487' title='bbox 1399 4529 1501 4590; x_wconf 90' lang='lat' dir='ltr'>sancti</span> <span class='ocrx_word' id='word_1_488' title='bbox 1518 4525 1644 4590; x_wconf 90' lang='lat' dir='ltr'>Nazarii</span> <span class='ocrx_word' id='word_1_489' title='bbox 1662 4548 1735 4590; x_wconf 94' lang='lat' dir='ltr'>cum</span> 
     </span>
     <span class='ocr_line' id='line_1_45' title="bbox 61 4617 1736 4703; baseline -0.001 -21"><span class='ocrx_word' id='word_1_490' title='bbox 61 4619 220 4683; x_wconf 92' lang='lat' dir='ltr'>omnibus</span> <span class='ocrx_word' id='word_1_491' title='bbox 235 4639 347 4682; x_wconf 89' lang='lat' dir='ltr'>eorum</span> <span class='ocrx_word' id='word_1_492' title='bbox 364 4621 573 4703; x_wconf 71' lang='lat' dir='ltr'>pertinentiis</span> <span class='ocrx_word' id='word_1_493' title='bbox 597 4621 750 4684; x_wconf 89' lang='lat' dir='ltr'>ecclesias</span> <span class='ocrx_word' id='word_1_494' title='bbox 771 4623 872 4703; x_wconf 90' lang='lat' dir='ltr'>ipsius</span> <span class='ocrx_word' id='word_1_495' title='bbox 889 4623 1036 4695; x_wconf 71' lang='lat' dir='ltr'>civitatis</span> <span class='ocrx_word' id='word_1_496' title='bbox 1053 4620 1176 4682; x_wconf 89' lang='lat' dir='ltr'>Arcem</span> <span class='ocrx_word' id='word_1_497' title='bbox 1194 4618 1379 4681; x_wconf 87' lang='lat' dir='ltr'>maleficinis</span> <span class='ocrx_word' id='word_1_498' title='bbox 1395 4638 1469 4680; x_wconf 93' lang='lat' dir='ltr'>cum</span> <span class='ocrx_word' id='word_1_499' title='bbox 1486 4619 1574 4681; x_wconf 90' lang='lat' dir='ltr'>omni</span> <span class='ocrx_word' id='word_1_500' title='bbox 1591 4617 1736 4681; x_wconf 93' lang='lat' dir='ltr'>dominio</span> 
     </span>
     <span class='ocr_line' id='line_1_46' title="bbox 61 4705 1735 4792; baseline -0.002 -22"><span class='ocrx_word' id='word_1_501' title='bbox 61 4718 94 4771; x_wconf 94' lang='lat' dir='ltr'>et</span> <span class='ocrx_word' id='word_1_502' title='bbox 117 4711 268 4771; x_wconf 91' lang='lat' dir='ltr'>districto</span> <span class='ocrx_word' id='word_1_503' title='bbox 293 4717 326 4771; x_wconf 92' lang='lat' dir='ltr'>et</span> <span class='ocrx_word' id='word_1_504' title='bbox 349 4709 498 4772; x_wconf 91' lang='lat' dir='ltr'>omnibus</span> <span class='ocrx_word' id='word_1_505' title='bbox 515 4711 716 4791; x_wconf 91' lang='lat' dir='ltr'>pertinentiis</span> <span class='ocrx_word' id='word_1_506' title='bbox 732 4711 805 4785; x_wconf 89' lang='lat' dir='ltr'>suis,</span> <span class='ocrx_word' id='word_1_507' title='bbox 829 4711 960 4792; x_wconf 92' lang='lat' dir='ltr'>plebem</span> <span class='ocrx_word' id='word_1_508' title='bbox 978 4710 1124 4772; x_wconf 89' lang='lat' dir='ltr'>eiusdem</span> <span class='ocrx_word' id='word_1_509' title='bbox 1141 4708 1236 4771; x_wconf 87' lang='lat' dir='ltr'>Arcis</span> <span class='ocrx_word' id='word_1_510' title='bbox 1252 4728 1326 4770; x_wconf 93' lang='lat' dir='ltr'>cum</span> <span class='ocrx_word' id='word_1_511' title='bbox 1344 4707 1494 4770; x_wconf 92' lang='lat' dir='ltr'>omuibus</span> <span class='ocrx_word' id='word_1_512' title='bbox 1512 4705 1645 4787; x_wconf 89' lang='lat' dir='ltr'>capellis</span> <span class='ocrx_word' id='word_1_513' title='bbox 1661 4709 1735 4783; x_wconf 87' lang='lat' dir='ltr'>suis,</span> 
     </span>
     <span class='ocr_line' id='line_1_47' title="bbox 61 4795 1736 4884; baseline -0.001 -24"><span class='ocrx_word' id='word_1_514' title='bbox 61 4800 110 4861; x_wconf 87' lang='lat' dir='ltr'>ius</span> <span class='ocrx_word' id='word_1_515' title='bbox 135 4807 284 4861; x_wconf 89' lang='lat' dir='ltr'>vestrum</span> <span class='ocrx_word' id='word_1_516' title='bbox 307 4801 339 4861; x_wconf 94' lang='lat' dir='ltr'>in</span> <span class='ocrx_word' id='word_1_517' title='bbox 363 4807 470 4861; x_wconf 91' lang='lat' dir='ltr'>castro</span> <span class='ocrx_word' id='word_1_518' title='bbox 493 4801 584 4879; x_wconf 93' lang='lat' dir='ltr'>quod</span> <span class='ocrx_word' id='word_1_519' title='bbox 608 4800 725 4862; x_wconf 92' lang='lat' dir='ltr'>dicitur</span> <span class='ocrx_word' id='word_1_520' title='bbox 748 4799 868 4874; x_wconf 91' lang='lat' dir='ltr'>Turris,</span> <span class='ocrx_word' id='word_1_521' title='bbox 893 4807 1033 4861; x_wconf 89' lang='lat' dir='ltr'>castrum</span> <span class='ocrx_word' id='word_1_522' title='bbox 1059 4797 1168 4884; x_wconf 73' lang='lat' dir='ltr'>Garde</span> <span class='ocrx_word' id='word_1_523' title='bbox 1192 4817 1266 4860; x_wconf 95' lang='lat' dir='ltr'>cum</span> <span class='ocrx_word' id='word_1_524' title='bbox 1290 4798 1414 4859; x_wconf 91' lang='lat' dir='ltr'>cunctis</span> <span class='ocrx_word' id='word_1_525' title='bbox 1440 4795 1639 4877; x_wconf 89' lang='lat' dir='ltr'>appenditiis</span> <span class='ocrx_word' id='word_1_526' title='bbox 1661 4798 1736 4870; x_wconf 91' lang='lat' dir='ltr'>suis,</span> 
     </span>
     <span class='ocr_line' id='line_1_48' title="bbox 61 4884 1735 4970; baseline 0 -21"><span class='ocrx_word' id='word_1_527' title='bbox 61 4888 199 4968; x_wconf 89' lang='lat' dir='ltr'>plebem</span> <span class='ocrx_word' id='word_1_528' title='bbox 217 4887 361 4950; x_wconf 88' lang='lat' dir='ltr'>eiusdem</span> <span class='ocrx_word' id='word_1_529' title='bbox 378 4887 440 4950; x_wconf 91' lang='lat' dir='ltr'>loci</span> <span class='ocrx_word' id='word_1_530' title='bbox 452 4909 525 4951; x_wconf 92' lang='lat' dir='ltr'>cum</span> <span class='ocrx_word' id='word_1_531' title='bbox 538 4889 688 4951; x_wconf 93' lang='lat' dir='ltr'>omnibus</span> <span class='ocrx_word' id='word_1_532' title='bbox 701 4889 765 4950; x_wconf 91' lang='lat' dir='ltr'>suis</span> <span class='ocrx_word' id='word_1_533' title='bbox 775 4887 915 4970; x_wconf 90' lang='lat' dir='ltr'>capellis,</span> <span class='ocrx_word' id='word_1_534' title='bbox 928 4887 1061 4969; x_wconf 92' lang='lat' dir='ltr'>plebem</span> <span class='ocrx_word' id='word_1_535' title='bbox 1071 4889 1114 4949; x_wconf 91' lang='lat' dir='ltr'>de</span> <span class='ocrx_word' id='word_1_536' title='bbox 1127 4887 1267 4969; x_wconf 90' lang='lat' dir='ltr'>Caprino</span> <span class='ocrx_word' id='word_1_537' title='bbox 1281 4906 1354 4948; x_wconf 96' lang='lat' dir='ltr'>cum</span> <span class='ocrx_word' id='word_1_538' title='bbox 1368 4887 1433 4946; x_wconf 92' lang='lat' dir='ltr'>suis</span> <span class='ocrx_word' id='word_1_539' title='bbox 1447 4884 1589 4965; x_wconf 64' lang='lat' dir='ltr'>capellis</span> <span class='ocrx_word' id='word_1_540' title='bbox 1603 4884 1735 4966; x_wconf 91' lang='lat' dir='ltr'>plebem</span> 
     </span>
     <span class='ocr_line' id='line_1_49' title="bbox 62 4972 1735 5060; baseline -0.001 -22"><span class='ocrx_word' id='word_1_541' title='bbox 62 4977 104 5038; x_wconf 90' lang='lat' dir='ltr'>de</span> <span class='ocrx_word' id='word_1_542' title='bbox 122 4976 191 5039; x_wconf 88' lang='lat' dir='ltr'>Avi</span> <span class='ocrx_word' id='word_1_543' title='bbox 216 4997 289 5039; x_wconf 92' lang='lat' dir='ltr'>cum</span> <span class='ocrx_word' id='word_1_544' title='bbox 305 4976 462 5060; x_wconf 91' lang='lat' dir='ltr'>cappellis</span> <span class='ocrx_word' id='word_1_545' title='bbox 479 4985 512 5040; x_wconf 91' lang='lat' dir='ltr'>et</span> <span class='ocrx_word' id='word_1_546' title='bbox 527 4978 670 5052; x_wconf 72' lang='lat' dir='ltr'>decimis</span> <span class='ocrx_word' id='word_1_547' title='bbox 694 4977 827 5059; x_wconf 93' lang='lat' dir='ltr'>plebem</span> <span class='ocrx_word' id='word_1_548' title='bbox 850 4979 892 5039; x_wconf 90' lang='lat' dir='ltr'>de</span> <span class='ocrx_word' id='word_1_549' title='bbox 908 4977 1106 5039; x_wconf 89' lang='lat' dir='ltr'>Bruntonico</span> <span class='ocrx_word' id='word_1_550' title='bbox 1129 4997 1201 5039; x_wconf 94' lang='lat' dir='ltr'>cum</span> <span class='ocrx_word' id='word_1_551' title='bbox 1219 4973 1375 5056; x_wconf 89' lang='lat' dir='ltr'>cappellis</span> <span class='ocrx_word' id='word_1_552' title='bbox 1392 4983 1424 5036; x_wconf 92' lang='lat' dir='ltr'>et</span> <span class='ocrx_word' id='word_1_553' title='bbox 1440 4975 1585 5048; x_wconf 78' lang='lat' dir='ltr'>decimiS,</span> <span class='ocrx_word' id='word_1_554' title='bbox 1603 4972 1735 5056; x_wconf 90' lang='lat' dir='ltr'>plebem</span> 
     </span>
     <span class='ocr_line' id='line_1_50' title="bbox 62 5062 1734 5148; baseline -0.001 -20"><span class='ocrx_word' id='word_1_555' title='bbox 62 5065 105 5129; x_wconf 92' lang='lat' dir='ltr'>de</span> <span class='ocrx_word' id='word_1_556' title='bbox 121 5065 254 5130; x_wconf 91' lang='lat' dir='ltr'>Cisiano</span> <span class='ocrx_word' id='word_1_557' title='bbox 276 5085 349 5128; x_wconf 94' lang='lat' dir='ltr'>cum</span> <span class='ocrx_word' id='word_1_558' title='bbox 374 5065 530 5148; x_wconf 89' lang='lat' dir='ltr'>cappellis</span> <span class='ocrx_word' id='word_1_559' title='bbox 554 5075 588 5129; x_wconf 93' lang='lat' dir='ltr'>et</span> <span class='ocrx_word' id='word_1_560' title='bbox 602 5067 745 5140; x_wconf 88' lang='lat' dir='ltr'>decimis,</span> <span class='ocrx_word' id='word_1_561' title='bbox 769 5066 901 5147; x_wconf 88' lang='lat' dir='ltr'>plebem</span> <span class='ocrx_word' id='word_1_562' title='bbox 919 5067 960 5128; x_wconf 92' lang='lat' dir='ltr'>de</span> <span class='ocrx_word' id='word_1_563' title='bbox 977 5066 1109 5148; x_wconf 89' lang='lat' dir='ltr'>Lagisio</span> <span class='ocrx_word' id='word_1_564' title='bbox 1126 5086 1198 5127; x_wconf 95' lang='lat' dir='ltr'>cum</span> <span class='ocrx_word' id='word_1_565' title='bbox 1217 5062 1372 5146; x_wconf 88' lang='lat' dir='ltr'>cappellis</span> <span class='ocrx_word' id='word_1_566' title='bbox 1388 5072 1421 5126; x_wconf 92' lang='lat' dir='ltr'>et</span> <span class='ocrx_word' id='word_1_567' title='bbox 1436 5063 1580 5138; x_wconf 92' lang='lat' dir='ltr'>decimis,</span> <span class='ocrx_word' id='word_1_568' title='bbox 1604 5062 1734 5145; x_wconf 92' lang='lat' dir='ltr'>plebem</span> 
     </span>
     <span class='ocr_line' id='line_1_51' title="bbox 62 5151 1734 5238; baseline -0.001 -20"><span class='ocrx_word' id='word_1_569' title='bbox 62 5155 105 5218; x_wconf 88' lang='lat' dir='ltr'>de</span> <span class='ocrx_word' id='word_1_570' title='bbox 120 5155 242 5218; x_wconf 84' lang='lat' dir='ltr'>Tenesi</span> <span class='ocrx_word' id='word_1_571' title='bbox 267 5175 340 5217; x_wconf 94' lang='lat' dir='ltr'>cum</span> <span class='ocrx_word' id='word_1_572' title='bbox 358 5154 515 5238; x_wconf 91' lang='lat' dir='ltr'>cappellis</span> <span class='ocrx_word' id='word_1_573' title='bbox 531 5164 565 5218; x_wconf 91' lang='lat' dir='ltr'>et</span> <span class='ocrx_word' id='word_1_574' title='bbox 580 5157 722 5230; x_wconf 88' lang='lat' dir='ltr'>decimis,</span> <span class='ocrx_word' id='word_1_575' title='bbox 747 5155 879 5237; x_wconf 92' lang='lat' dir='ltr'>plebem</span> <span class='ocrx_word' id='word_1_576' title='bbox 896 5155 938 5217; x_wconf 92' lang='lat' dir='ltr'>de</span> <span class='ocrx_word' id='word_1_577' title='bbox 954 5154 1108 5237; x_wconf 90' lang='lat' dir='ltr'>Paveguli</span> <span class='ocrx_word' id='word_1_578' title='bbox 1124 5174 1196 5217; x_wconf 91' lang='lat' dir='ltr'>cum</span> <span class='ocrx_word' id='word_1_579' title='bbox 1214 5151 1370 5236; x_wconf 89' lang='lat' dir='ltr'>cappellis</span> <span class='ocrx_word' id='word_1_580' title='bbox 1387 5160 1420 5215; x_wconf 89' lang='lat' dir='ltr'>et</span> <span class='ocrx_word' id='word_1_581' title='bbox 1435 5153 1578 5226; x_wconf 72' lang='lat' dir='ltr'>decimis</span> <span class='ocrx_word' id='word_1_582' title='bbox 1602 5152 1734 5235; x_wconf 91' lang='lat' dir='ltr'>plebem</span> 
     </span>
     <span class='ocr_line' id='line_1_52' title="bbox 62 5243 1734 5327; baseline -0.001 -21"><span class='ocrx_word' id='word_1_583' title='bbox 62 5245 105 5307; x_wconf 90' lang='lat' dir='ltr'>de</span> <span class='ocrx_word' id='word_1_584' title='bbox 120 5245 260 5307; x_wconf 88' lang='lat' dir='ltr'>Lenado</span> <span class='ocrx_word' id='word_1_585' title='bbox 276 5265 350 5307; x_wconf 93' lang='lat' dir='ltr'>cum</span> <span class='ocrx_word' id='word_1_586' title='bbox 367 5243 523 5327; x_wconf 89' lang='lat' dir='ltr'>cappellis</span> <span class='ocrx_word' id='word_1_587' title='bbox 539 5254 572 5308; x_wconf 94' lang='lat' dir='ltr'>et</span> <span class='ocrx_word' id='word_1_588' title='bbox 594 5245 728 5308; x_wconf 92' lang='lat' dir='ltr'>decimis</span> <span class='ocrx_word' id='word_1_589' title='bbox 751 5255 785 5308; x_wconf 92' lang='lat' dir='ltr'>et</span> <span class='ocrx_word' id='word_1_590' title='bbox 807 5243 951 5319; x_wconf 90' lang='lat' dir='ltr'>castello,</span> <span class='ocrx_word' id='word_1_591' title='bbox 974 5246 1205 5306; x_wconf 88' lang='lat' dir='ltr'>monasterium</span> <span class='ocrx_word' id='word_1_592' title='bbox 1226 5243 1269 5305; x_wconf 92' lang='lat' dir='ltr'>de</span> <span class='ocrx_word' id='word_1_593' title='bbox 1286 5243 1468 5324; x_wconf 86' lang='lat' dir='ltr'>Maguzano</span> <span class='ocrx_word' id='word_1_594' title='bbox 1485 5263 1557 5305; x_wconf 89' lang='lat' dir='ltr'>cum</span> <span class='ocrx_word' id='word_1_595' title='bbox 1576 5243 1734 5324; x_wconf 88' lang='lat' dir='ltr'>cappellis</span> 
     </span>
     <span class='ocr_line' id='line_1_53' title="bbox 62 5333 1735 5416; baseline -0.001 -20"><span class='ocrx_word' id='word_1_596' title='bbox 62 5345 96 5397; x_wconf 88' lang='lat' dir='ltr'>et</span> <span class='ocrx_word' id='word_1_597' title='bbox 120 5334 259 5397; x_wconf 94' lang='lat' dir='ltr'>decimis</span> <span class='ocrx_word' id='word_1_598' title='bbox 289 5345 322 5397; x_wconf 91' lang='lat' dir='ltr'>et</span> <span class='ocrx_word' id='word_1_599' title='bbox 351 5335 554 5416; x_wconf 91' lang='lat' dir='ltr'>pertinentiis</span> <span class='ocrx_word' id='word_1_600' title='bbox 577 5336 650 5412; x_wconf 90' lang='lat' dir='ltr'>suis,</span> <span class='ocrx_word' id='word_1_601' title='bbox 685 5345 807 5397; x_wconf 90' lang='lat' dir='ltr'>curtem</span> <span class='ocrx_word' id='word_1_602' title='bbox 839 5335 880 5396; x_wconf 95' lang='lat' dir='ltr'>de</span> <span class='ocrx_word' id='word_1_603' title='bbox 904 5333 1047 5396; x_wconf 87' lang='lat' dir='ltr'>Sinziani</span> <span class='ocrx_word' id='word_1_604' title='bbox 1071 5352 1145 5395; x_wconf 93' lang='lat' dir='ltr'>cum</span> <span class='ocrx_word' id='word_1_605' title='bbox 1169 5343 1276 5395; x_wconf 88' lang='lat' dir='ltr'>castro</span> <span class='ocrx_word' id='word_1_606' title='bbox 1301 5339 1333 5394; x_wconf 91' lang='lat' dir='ltr'>et</span> <span class='ocrx_word' id='word_1_607' title='bbox 1356 5333 1509 5395; x_wconf 90' lang='lat' dir='ltr'>omnibus</span> <span class='ocrx_word' id='word_1_608' title='bbox 1532 5333 1735 5413; x_wconf 87' lang='lat' dir='ltr'>pertiuentiis</span> 
     </span>
     <span class='ocr_line' id='line_1_54' title="bbox 63 5420 1736 5505; baseline -0.001 -19"><span class='ocrx_word' id='word_1_609' title='bbox 63 5425 139 5499; x_wconf 91' lang='lat' dir='ltr'>suis,</span> <span class='ocrx_word' id='word_1_610' title='bbox 171 5423 305 5505; x_wconf 91' lang='lat' dir='ltr'>plebem</span> <span class='ocrx_word' id='word_1_611' title='bbox 328 5425 474 5487; x_wconf 91' lang='lat' dir='ltr'>eiusdem</span> <span class='ocrx_word' id='word_1_612' title='bbox 497 5424 560 5487; x_wconf 94' lang='lat' dir='ltr'>loci</span> <span class='ocrx_word' id='word_1_613' title='bbox 585 5445 659 5487; x_wconf 88' lang='lat' dir='ltr'>cum</span> <span class='ocrx_word' id='word_1_614' title='bbox 687 5424 821 5486; x_wconf 91' lang='lat' dir='ltr'>decimis</span> <span class='ocrx_word' id='word_1_615' title='bbox 852 5433 885 5486; x_wconf 91' lang='lat' dir='ltr'>et</span> <span class='ocrx_word' id='word_1_616' title='bbox 914 5422 1046 5504; x_wconf 90' lang='lat' dir='ltr'>capellis</span> <span class='ocrx_word' id='word_1_617' title='bbox 1077 5423 1151 5499; x_wconf 91' lang='lat' dir='ltr'>suis,</span> <span class='ocrx_word' id='word_1_618' title='bbox 1183 5420 1375 5484; x_wconf 87' lang='lat' dir='ltr'>Rivatellam</span> <span class='ocrx_word' id='word_1_619' title='bbox 1406 5440 1480 5484; x_wconf 93' lang='lat' dir='ltr'>cum</span> <span class='ocrx_word' id='word_1_620' title='bbox 1514 5420 1671 5503; x_wconf 90' lang='lat' dir='ltr'>cappellis</span> <span class='ocrx_word' id='word_1_621' title='bbox 1703 5432 1736 5484; x_wconf 92' lang='lat' dir='ltr'>et</span> 
     </span>
     <span class='ocr_line' id='line_1_55' title="bbox 64 5509 1735 5595; baseline 0 -21"><span class='ocrx_word' id='word_1_622' title='bbox 64 5513 211 5588; x_wconf 90' lang='lat' dir='ltr'>decimis,</span> <span class='ocrx_word' id='word_1_623' title='bbox 242 5512 374 5593; x_wconf 90' lang='lat' dir='ltr'>plebem</span> <span class='ocrx_word' id='word_1_624' title='bbox 398 5511 506 5578; x_wconf 88' lang='lat' dir='ltr'>Sirmii</span> <span class='ocrx_word' id='word_1_625' title='bbox 531 5534 605 5578; x_wconf 93' lang='lat' dir='ltr'>cum</span> <span class='ocrx_word' id='word_1_626' title='bbox 636 5513 793 5595; x_wconf 89' lang='lat' dir='ltr'>cappellis</span> <span class='ocrx_word' id='word_1_627' title='bbox 824 5523 858 5576; x_wconf 91' lang='lat' dir='ltr'>et</span> <span class='ocrx_word' id='word_1_628' title='bbox 881 5513 1024 5587; x_wconf 91' lang='lat' dir='ltr'>decimis,</span> <span class='ocrx_word' id='word_1_629' title='bbox 1057 5513 1290 5576; x_wconf 89' lang='lat' dir='ltr'>monasterium</span> <span class='ocrx_word' id='word_1_630' title='bbox 1319 5512 1422 5574; x_wconf 91' lang='lat' dir='ltr'>sancti</span> <span class='ocrx_word' id='word_1_631' title='bbox 1446 5509 1571 5592; x_wconf 87' lang='lat' dir='ltr'>Vigilii,</span> <span class='ocrx_word' id='word_1_632' title='bbox 1602 5512 1735 5592; x_wconf 89' lang='lat' dir='ltr'>plebem</span> 
     </span>
    </p>
   </div>
   <div class='ocr_carea' id='block_1_9' title="bbox 118 5703 1525 5856">
    <p class='ocr_par' dir='ltr' id='par_1_23' title="bbox 118 5703 1525 5856">
     <span class='ocr_line' id='line_1_56' title="bbox 227 5703 1244 5774; baseline -0.003 -17"><span class='ocrx_word' id='word_1_633' title='bbox 227 5712 252 5774; x_wconf 84' lang='lat' dir='ltr'>a)</span> <span class='ocrx_word' id='word_1_634' title='bbox 271 5707 289 5756; x_wconf 86' lang='lat' dir='ltr'>ii</span> <span class='ocrx_word' id='word_1_635' title='bbox 305 5709 358 5774; x_wconf 84' lang='lat' dir='ltr'>aus</span> <span class='ocrx_word' id='word_1_636' title='bbox 369 5711 453 5759; x_wconf 81' lang='lat' dir='ltr'>Rasur</span> <span class='ocrx_word' id='word_1_637' title='bbox 524 5709 550 5769; x_wconf 84' lang='lat' dir='ltr'>b)</span> <span class='ocrx_word' id='word_1_638' title='bbox 570 5707 604 5757; x_wconf 90' lang='lat' dir='ltr'>do</span> <span class='ocrx_word' id='word_1_639' title='bbox 676 5709 700 5774; x_wconf 91' lang='lat' dir='ltr'>c)</span> <span class='ocrx_word' id='word_1_640' title='bbox 719 5707 842 5771; x_wconf 89' lang='lat' dir='ltr'>possides.</span> <span class='ocrx_word' id='word_1_641' title='bbox 869 5747 907 5752; x_wconf 61' lang='grc'>.-.,</span> <span class='ocrx_word' id='word_1_642' title='bbox 932 5707 967 5771; x_wconf 76' lang='grc'>,1)</span> <span class='ocrx_word' id='word_1_643' title='bbox 990 5703 1068 5772; x_wconf 77' lang='lat' dir='ltr'>Jaffe‘,</span> <span class='ocrx_word' id='word_1_644' title='bbox 1088 5709 1146 5772; x_wconf 79' lang='lat' dir='ltr'>Reg.</span> <span class='ocrx_word' id='word_1_645' title='bbox 1167 5709 1244 5756; x_wconf 75' lang='lat'><em>6152.</em></span> 
     </span>
     <span class='ocr_line' id='line_1_57' title="bbox 118 5783 1525 5856; baseline -0.009 -9"><span class='ocrx_word' id='word_1_646' title='bbox 118 5815 139 5847; x_wconf 75' lang='lat' dir='ltr'>v.</span> <span class='ocrx_word' id='word_1_647' title='bbox 153 5804 441 5856; x_wconf 62' lang='lat' dir='ltr'>l’llnakdlsrttung,</span> <span class='ocrx_word' id='word_1_648' title='bbox 457 5806 513 5846; x_wconf 79' lang='lat' dir='ltr'>Acta</span> <span class='ocrx_word' id='word_1_649' title='bbox 526 5805 569 5845; x_wconf 83' lang='lat'>111.</span> <span class='ocrx_word' id='word_1_650' title='bbox 1494 5783 1525 5836; x_wconf 85' lang='lat'>18</span> 
     </span>
    </p>
   </div>
   <div class='ocr_carea' id='block_1_10' title="bbox 0 0 2076 6356">
    <p class='ocr_par' dir='ltr' id='par_1_24' title="bbox 0 0 2076 6356">
     <span class='ocr_line' id='line_1_58' title="bbox 0 0 2076 6356; baseline 0 0"><span class='ocrx_word' id='word_1_651' title='bbox 0 0 2076 6356; x_wconf 95' lang='lat' dir='ltr'> </span> 
     </span>
    </p>
   </div>
  </div>
 </body>
</html>
