4090 6358
326 334 365 416 58

485 523 553 589 Perg.
575 523 634 583 irat,
653 523 687 577 br.
707 523 775 585 0,59‚
794 521 854 590 lang
871 525 940 584 057,
965 526 1039 574 unlen
1058 525 1119 584 0‚04
1137 517 1327 589 neregesclrlagen,
1352 517 1429 572 duret
1448 524 1464 570 9
1483 515 1577 571 delrer
1589 519 1652 589 ging
1668 521 1705 573 dr'e
1722 517 1829 582 Scimur,
1854 521 1943 572 welche
1960 521 2000 570 mr't

323 595 376 644 dem
395 593 520 660 Bleisiegel
543 597 657 644 reerloren.
695 595 802 662 bultung
828 597 871 646 der
897 597 994 645 Bullen.
1031 596 1087 645 Das
1112 597 1236 645 Ine'tialL
1254 597 1286 644 ist
1307 596 1413 654 veniere,
1442 594 1486 642 dus
1513 595 1592 643 mnde
1618 595 1788 659 eingeselrteU
1816 595 1893 660 auenig
1917 595 1997 642 berum.

323 666 608 729 lauerpunkeinmeicem
625 667 668 716 der
685 675 761 717 ersten
773 668 834 717 Zeile
852 668 883 716 ist
898 667 935 716 ein
940 668 999 730 fust
1015 668 1150 717 mierellroct
1167 668 1290 716 srelmrder
1299 666 1533 730 Doppeeiebcrpunkt.
1576 666 1733 732 Verewigsmg
1745 666 1813 716 Ne?
1829 667 1879 730 Jue
1892 665 1968 714 Pur,
1983 702 1998 722 .,

322 739 405 797 beteret,
415 738 485 803 stelle
501 739 588 797 0,079.
625 738 766 804 Majuskeln
784 741 817 788 im
835 739 975 803 Komcn'pte
992 740 1080 799 berone,
1106 740 1186 804 gnrr't
1201 737 1428 805 lr'nksgesclrwer'fter
1448 738 1608 802 Unterliinge,
1633 744 1657 787 ct
1675 739 1731 786 und
1746 745 1768 787 st
1791 738 1869 786 slehen
1891 738 1998 786 mendici

323 809 389 857 dicht
404 822 556 868 munimem·
583 811 620 859 die
638 817 659 860 st
676 812 735 859 sind
749 811 844 860 helken-
862 811 917 859 und
935 811 1196 876 sclrlr's'ngelbalkenlrast
1213 810 1360 869 verbunden,
1388 817 1412 858 ct
1429 810 1508 858 ebneso
1526 810 1582 858 urrd
1596 810 1730 858 ausserdem
1748 809 1809 858 necle
1827 810 1872 858 mit
1887 825 1943 858 mer
1958 825 1999 856 an·

318 881 452 945 gedeuteler
473 881 633 948 Verlimfflng,
652 897 722 932 orum
740 883 930 932 Abbreviuturen
947 882 1025 946 zeigen
1043 882 1264 940 Sebuirkelbalken,
1284 883 1321 930 die
1338 882 1438 930 Rurici-s
1456 898 1497 930 am
1516 881 1586 930 Eride
1603 881 1662 930 sind
1675 882 1713 945 oft
1724 881 1848 947 gestreckl,
1870 881 1908 929 die
1931 881 1997 928 Ober-

322 955 409 1016 lriugen
427 952 531 1000 attalica
545 955 635 1018 gerade
649 953 767 1020 gehalten,
792 970 840 1003 von
859 953 1026 1003 Decernimus
1043 971 1077 1003 nn
1095 955 1126 1002 ist
1142 954 1313 1019 weitldufle'ger
1325 953 1486 1018 geschrieben,
1514 953 1572 1001 weil
1587 955 1630 1002 der
1647 953 1770 1002 Sclreiber
1792 953 1919 1010 erkannte,
1946 953 1999 1000 durs

322 1024 367 1072 das
386 1023 529 1088 Pergamena
551 1032 616 1074 seme
639 1041 669 1074 res
689 1041 759 1090 grass
782 1026 822 1075 sei.
860 1025 1005 1074 Zeilenweite
1022 1027 1109 1084 0,019.
1145 1027 1224 1074 Amen
1240 1025 1283 1075 Nr
1300 1028 1325 1084 7,
1349 1031 1419 1074 certes
1436 1025 1492 1073 used
1511 1027 1587 1073 lenies
1599 1024 1726 1090 gestreckte
1744 1025 1899 1074 Buchstaheea
1940 1025 1998 1072 Rota

323 1095 363 1144 Nr
383 1100 405 1154 1,
424 1095 457 1142 im
476 1096 652 1146 Durclrmesser
674 1098 763 1157 0,063,
787 1113 835 1146 ven
859 1098 903 1144 der
923 1099 1004 1146 lelrlcu
1022 1097 1083 1146 Zn'le
1102 1099 1190 1156 0,008,
1213 1113 1261 1146 von
1285 1097 1329 1145 der
1351 1097 1431 1145 linken
1449 1097 1530 1145 [raim
1548 1097 1636 1156 0,095,
1654 1111 1710 1144 vom
1728 1095 1909 1160 Monogramme
1930 1097 1997 1154 039.

323 1165 491 1232 dionogramm
509 1167 552 1216 Nr
568 1171 599 1216 20
616 1185 665 1218 von
682 1171 726 1218 der
742 1168 836 1217 rechten
848 1168 929 1218 Κακία
946 1170 1033 1227 0,106.
1068 1169 1212 1234 Ringkreus,
1230 1169 1287 1233 Ego
1306 1169 1361 1216 und
1370 1183 1395 1216 ss
1413 1168 1527 1216 dunklere
1544 1167 1620 1216 Dinte
1638 1170 1675 1216 als
1692 1167 1728 1216 die
1750 1166 1923 1230 Umersclerfl,
1943 1167 1999 1215 diest

322 1237 519 1288 rualrsclreinlielr
537 1239 574 1288 die
587 1240 677 1305 gleiche
688 1241 732 1290 wie
750 1241 788 1289 die
804 1239 947 1304 Unuckrist.
985 1241 1033 1288 Die
1044 1241 1173 1307 Datirung
1189 1241 1263 1289 rillrrt
1279 1240 1346 1289 wolrl
1353 1256 1407 1288 veru
1420 1239 1708 1303 Hauptk‘o'rpersrkreiber
1724 1239 1773 1297 her,
1787 1239 1892 1288 Batonis
1907 1239 1998 1286 scierint

321 1310 504 1375 nachgetragen.
541 1310 589 1359 Die
609 1312 732 1378 liesbyler
753 1311 809 1360 und
823 1311 1066 1361 Dinkemn-Firrnm
1090 1313 1148 1360 sind
1168 1328 1253 1361 ausser
1276 1313 1321 1360 der
1341 1311 1432 1360 Cnidos
1453 1311 1534 1360 Cesme
1557 1310 1613 1358 und
1626 1306 1662 1378 -l-
1680 1311 1738 1374 Ego
1757 1309 1825 1360 Guid
1849 1327 1896 1358 ven
1919 1309 1997 1358 Grer'de

321 1381 430 1430 minister
445 1383 493 1430 alle
510 1381 555 1430 mit
579 1383 696 1432 derselben
721 1383 829 1432 dunklen
845 1384 921 1432 Diale
941 1384 1065 1446 gemacht,
1092 1384 1152 1433 diest
1168 1384 1213 1432 mit
1229 1384 1330 1433 hellerer
1346 1383 1402 1432 und
1423 1383 1502 1432 ebemo
1520 1382 1558 1431 die
1575 1385 1592 1430 4
1610 1382 1729 1446 Bisclise.
1765 1382 1813 1430 Die
1832 1379 1936 1430 Firrnen
1954 1397 1998 1429 ven

321 1453 426 1502 elrenkler
442 1453 518 1502 Dian
534 1456 613 1502 lassen
632 1455 676 1503 neit
693 1455 822 1504 sicherheir
845 1453 993 1514 vnnruilrm,
1020 1455 1053 1504 sie
1069 1455 1131 1504 scien
1154 1471 1202 1504 verr
1219 1455 1284 1505 einer
1299 1455 1355 1504 und
1370 1455 1487 1503 derselben
1505 1453 1586 1502 Hand
1597 1453 1761 1518 gesctn'eben,
1788 1455 1873 1501 zunral
1893 1453 1930 1501 bei
1956 1453 1999 1501 den

323 1524 463 1590 Presbyter„
480 1525 538 1591 arieti
554 1525 604 1574 sicle
621 1529 725 1576 dusserrl
738 1527 836 1593 gelinge
849 1526 1093 1592 individualisimng.
1125 1528 1156 1577 In
1173 1527 1217 1576 wie
1234 1528 1289 1576 weit
1299 1527 1336 1576 die
1347 1526 1501 1592 lellrlintigen
1519 1541 1566 1574 ven
1580 1525 1686 1591 gleicher
1696 1525 1781 1585 Hand,
1800 1525 1868 1574 bleibt
1876 1525 1997 1590 fraglicl.

1079 1837 1146 1914 Nr.
1178 1841 1239 1913 58.

324 1987 442 2053 Lucius
458 1989 502 2052 II
518 1987 668 2072 beste'itigt
689 1988 762 2052 dem
785 1987 865 2052 Abte
886 1987 999 2052 Albert
1025 2009 1086 2052 von
1109 1987 1177 2052 San
1197 1989 1337 2052 Lorenee
1359 1985 1473 2051 desso
1494 1986 1554 2066 (D.
1573 1985 1917 2068 Pienaa-Menmleino)
1944 1985 1996 2048 die

322 2075 562 2144 Bese'tetleel'mer
575 2077 756 2157 undsreies
770 2077 1050 2158 Ausnalemereclzt
1067 2078 1170 2140 ser‘nes
1187 2075 1344 2153 Klosters,
1371 2076 1505 2140 welches
1529 2095 1567 2138 er
1586 2077 1620 2139 in
1634 2073 1866 2158 aposteliscleen
1882 2074 1996 2138 Sclcuts

593 2167 718 2246 ne'mmt,
744 2167 987 2253 beijb'lzrlicleer
1001 2166 1153 2250 Zalelung
1166 2187 1227 2230 ven
1241 2167 1326 2230 ewei
1340 2163 1449 2228 Sole'de'
1464 2165 1672 2228 Lucclzesisclz
1693 2167 1724 2244 ¹).

946 2303 1029 2364 1144
1045 2297 1189 2364 Mares.
1223 2299 1373 2364 Lateran.

483 2429 615 2519 [Lucius
638 2436 823 2517 episcopus,
846 2432 970 2521 s]ervus
992 2456 1160 2500 servorum
1184 2435 1248 2511 dei,
1272 2434 1394 2497 dilecto
1417 2433 1484 2497 filio
1504 2433 1655 2510 Alberto,
1679 2433 1790 2496 abbati
1814 2431 1994 2496 monasterii

323 2522 426 2584 sancti
445 2523 610 2588 Laurentii
633 2527 723 2587 iuxta
747 2524 888 2600 fluvium,
911 2526 1003 2605 quod
1019 2525 1114 2588 Anso
1138 2525 1265 2600 dicitur,
1289 2524 1350 2598 siti,
1373 2524 1507 2602 eiusque
1530 2522 1784 2596 successoribus,
1808 2521 1995 2603 regulariter

323 2611 558 2676 substituendis
581 2627 620 2677 ΙΝ
642 2625 720 2674 PPM.
749 2611 754 2696 1
782 2613 859 2699 [Pie]
884 2614 1061 2696 postulatio
1088 2613 1265 2677 voluntatis
1296 2613 1413 2676 effectu
1444 2613 1545 2676 debet
1576 2619 1796 2694 prosequente
1829 2611 1994 2693 compleri,

324 2707 415 2764 utet
439 2703 624 2766 devotionis
646 2705 815 2766 sinceritas
839 2702 1046 2767 laudabiliter
1070 2705 1235 2778 enitescat,
1265 2711 1299 2764 et
1323 2702 1442 2765 utilitas
1472 2702 1637 2784 postulata
1660 2703 1745 2764 vires
1776 2701 1994 2764 indubitanter

322 2799 475 2852 assumat.
521 2793 570 2855 Ea
593 2801 737 2875 propter,
758 2790 764 2875 Ι
784 2791 903 2855 dilecte
925 2792 957 2854 in
980 2794 1116 2856 domino
1141 2792 1191 2866 fili,
1215 2791 1356 2854 Alberte
1379 2791 1490 2864 abbas,
1524 2793 1588 2853 tuis
1612 2789 1861 2853 rationabilibus
1885 2797 1993 2872 postu·

322 2877 497 2942 lationibus
520 2880 698 2944 clementer
720 2883 904 2956 annuimus,
935 2890 968 2943 et
998 2881 1162 2964 prefatum
1182 2882 1209 2962 a)
1234 2881 1322 2944 beati
1345 2881 1545 2942 LAURENTu
1580 2881 1819 2952 monasterium,
1851 2880 1901 2940 cui
1931 2878 1992 2939 deo

322 2976 456 3031 auctore
480 2970 627 3051 presides
646 2969 687 3050 b),
713 2970 755 3031 ad
773 2969 942 3052 exemplar
958 2969 1200 3053 predecessoris
1217 2971 1328 3044 nostri,
1353 2969 1456 3032 felicis
1473 2971 1631 3032 memorie
1652 2987 1739 3050 pape
1756 2964 1946 3030 CELESTINI
1960 2966 1993 3044 ¹),

322 3056 384 3120 sub
408 3057 496 3120 beati
520 3058 606 3121 Petri
631 3067 664 3121 et
694 3066 805 3121 nostra
835 3061 1042 3142 protectione
1072 3060 1276 3141 suscipimus,
1309 3067 1342 3121 et
1372 3059 1535 3141 presentis
1566 3059 1679 3139 scripti
1710 3056 1877 3140 privilegio
1908 3076 1992 3118 com·

324 3147 493 3209 munimus.
537 3144 735 3222 Statuentes,
759 3157 795 3210 ut
817 3168 1041 3230 quascumque
1065 3149 1299 3231 possessiones,
1324 3167 1531 3234 quecumque
1555 3147 1643 3209 bona
1659 3147 1747 3208 idem
1764 3147 1992 3209 monasterium

322 3234 354 3296 in
377 3236 611 3317 presentiarum
636 3239 719 3300 iuste
743 3246 776 3299 et
799 3239 958 3300 canonice
982 3239 1132 3320 possidet
1155 3246 1211 3299 aut
1242 3238 1274 3298 in
1298 3238 1440 3299 futurum
1465 3238 1678 3298 concessione
1702 3233 1907 3317 pontificum,
1937 3235 1994 3296 lar·

322 3324 443 3406 gitione
458 3345 572 3407 regum
587 3325 640 3389 vel
658 3327 849 3408 principum,
874 3326 1042 3390 oblatione
1058 3326 1201 3390 fidelium
1227 3347 1284 3388 seu
1309 3326 1376 3388 aliis
1401 3327 1491 3388 iustis
1507 3326 1615 3387 modis
1631 3326 1696 3387 deo
1713 3326 1858 3406 propitio
1875 3323 1993 3405 poterit

323 3413 470 3495 adipisci,
494 3414 587 3477 firma
610 3415 667 3479 tibi
691 3417 820 3495 tuisque
844 3417 1086 3480 successoribus
1112 3425 1144 3479 et
1167 3416 1292 3479 illibata
1315 3423 1536 3496 permaneant.
1583 3413 1619 3476 In
1641 3415 1761 3493 quibus
1777 3413 1837 3500 hec
1854 3413 1992 3495 propriis

323 3502 475 3565 duximus
498 3505 714 3587 exprimenda
746 3505 931 3569 vocabulis:
969 3505 1142 3593 ecclesiam
1175 3514 1288 3568 sancte
1318 3505 1486 3567 Trinitatis
1516 3503 1560 3566 de
1584 3501 1701 3585 Orgia,
1733 3510 1766 3566 et
1796 3501 1990 3584 hospitalem

325 3591 462 3655 domum
482 3594 629 3656 eiusdem
647 3593 712 3656 loci
729 3614 802 3656 cum
820 3594 971 3666 omnibus
986 3596 1051 3657 suis
1067 3596 1281 3677 pertinentiis,
1298 3593 1469 3656 ecclesiam
1487 3593 1530 3655 de
1547 3601 1660 3655 monte
1671 3592 1734 3656 Sizi
1751 3612 1825 3655 cum
1842 3590 1992 3654 omnibus

321 3683 387 3743 suis
410 3683 622 3762 pertinentiis,
656 3683 746 3762 quod
776 3684 859 3746 iuste
889 3685 1005 3746 tenetis
1029 3684 1060 3746 in
1084 3683 1223 3747 ecclesia
1246 3685 1288 3746 de
1312 3680 1457 3756 Stiliano,
1484 3681 1655 3745 ecclesiam
1687 3682 1730 3744 de
1753 3681 1889 3744 Modani
1921 3699 1990 3742 cum

322 3770 473 3832 omnibus
503 3773 569 3834 suis
598 3773 809 3854 pertinentiis,
840 3779 986 3835 castrum·
1014 3774 1057 3836 de
1088 3772 1235 3836 Civitella
1266 3793 1340 3834 cum
1372 3772 1436 3833 suis
1466 3771 1671 3852 appendiciis
1701 3779 1736 3834 et
1764 3791 1838 3833 cum
1867 3768 1991 3832 duabus

322 3857 465 3921 ecclesiis
487 3859 518 3922 in
541 3861 613 3943 ipso
638 3864 840 3936 constructis,
864 3861 1035 3925 ecclesiam
1052 3862 1206 3926 videlicet
1228 3867 1331 3924 sancti
1347 3858 1531 3924 Sebastiani
1547 3860 1627 3922 inira
1651 3857 1819 3923 castellum
1843 3861 1991 3940 positam,

322 3947 492 4010 ecclesiam
523 3953 627 4013 sancti
652 3950 791 4013 Materni
823 3959 916 4013 extra
947 3951 1117 4015 castellum
1147 3953 1260 4026 sitam,
1291 3951 1373 4013 duas
1404 3950 1571 4031 portiones
1602 3950 1644 4012 de
1676 3949 1810 4012 castello
1842 3958 1876 4010 et
1905 3957 1991 4011 curte

322 4036 445 4099 Montis
473 4039 594 4114 viridis,
625 4039 797 4102 ecclesiam
828 4039 872 4102 de
895 4037 1051 4121 Signano,
1083 4049 1117 4104 et
1147 4048 1212 4102 tres
1244 4040 1413 4123 portiones
1443 4040 1544 4120 ipsius
1572 4039 1656 4124 ville,
1689 4039 1862 4101 ecclesiam
1892 4035 1991 4100 sancti

321 4125 443 4189 Donati
466 4146 540 4189 cum
565 4129 661 4192 rebus
684 4129 726 4190 ad
750 4130 855 4210 ipsam
879 4130 1127 4212 pertinentibus,
1150 4130 1321 4192 ecclesiam
1337 4128 1439 4190 sancti
1454 4127 1679 4191 Bartholomei
1697 4129 1738 4190 de
1756 4127 1990 4209 Lampoguauo

322 4234 394 4276 cum
419 4215 490 4296 ipsa
511 4215 594 4291 villa,
624 4216 797 4281 ecclesiam
820 4220 922 4281 sancti
946 4217 1114 4282 Anastasii
1139 4226 1172 4282 et
1195 4221 1296 4300 ipsius
1321 4217 1415 4280 castri
1439 4217 1520 4280 duas
1545 4226 1665 4298 partes,
1695 4216 1867 4280 ecclesiam
1891 4216 1989 4278 sancti

321 4303 456 4391 Andree
488 4305 530 4366 de
553 4303 720 4368 Suverella
751 4326 825 4369 cum
857 4309 929 4389 ipsa
951 4307 1037 4384 villa,
1070 4309 1244 4372 ecclesiam
1276 4309 1379 4369 sancti
1403 4305 1603 4369 LAURENTH
1627 4316 1660 4369 et
1693 4307 1840 4369 eiusdem
1872 4303 1990 4367 castelli

321 4393 403 4456 duas
434 4402 551 4476 partes.
597 4394 858 4458 Decimationem
889 4395 1002 4460 allodii
1034 4399 1180 4460 eiusdem
1206 4398 1410 4470 monasterii,
1444 4396 1534 4476 quod
1567 4395 1598 4456 in
1632 4394 1769 4459 Senensi
1799 4395 1989 4476 episcopatu

320 4485 417 4545 situm
449 4491 508 4556 est,
538 4485 817 4565 quemadmodum
841 4505 860 4546 a
884 4483 1085 4549 Senensibus
1117 4488 1292 4570 episcopis,
1323 4485 1410 4570 bone
1442 4487 1600 4572 memorie
1624 4483 1769 4548 Iohanne
1787 4483 1811 4565 8)
1842 4483 1990 4547 videlicet

320 4580 354 4634 et
375 4571 517 4634 Radulso
534 4573 571 4652 ⁴),
601 4572 697 4636 vobis
721 4575 877 4637 canonice
900 4595 1056 4639 concessa
1088 4584 1147 4652 est,
1178 4575 1326 4637 similiter
1357 4574 1595 4637 confirmamus.
1642 4574 1861 4638 Concedimus
1895 4576 1988 4637 etiam

320 4661 423 4735 vobis,
452 4668 495 4734 ut,
527 4663 554 4723 si
577 4662 684 4742 aliqua
713 4661 815 4725 libera
839 4683 979 4745 persona
1018 4667 1140 4728 sivein
1164 4664 1229 4727 vita
1252 4665 1318 4726 sive
1350 4664 1380 4726 in
1405 4672 1512 4727 morte
1542 4672 1652 4725 vestro
1673 4665 1701 4744 0)
1735 4665 1937 4726 monasterio
1960 4680 1989 4724 se

319 4749 467 4811 conferre
482 4749 628 4826 voluerit,
645 4752 823 4832 recipiendi
841 4772 913 4815 earn
927 4753 1053 4835 absque
1065 4753 1200 4816 alicuius
1213 4755 1475 4817 contradictione
1486 4753 1620 4815 liberam
1634 4752 1783 4816 habeatis
1795 4751 1988 4824 facultatem,

318 4836 407 4899 salvo
431 4846 541 4901 tamen
564 4841 633 4902 iure
657 4843 798 4903 matricis
822 4841 967 4930 ecclesie.
1006 4843 1063 4906 Ad
1087 4843 1242 4906 indicium
1265 4850 1375 4906 autem
1398 4843 1493 4904 huius
1510 4862 1528 4903 a
1544 4843 1623 4905 sede
1639 4840 1821 4924 apostolica
1838 4851 1988 4926 percepte

319 4928 532 5008 protectionis
561 4928 719 4991 Lucensis
757 4939 889 4994 monete
918 4932 1044 4995 solidos
1077 4933 1160 4996 duos
1192 4933 1289 4995 nobis
1320 4935 1506 5013 nostrisque
1538 4933 1782 4996 successoribus
1814 4931 1989 4993 annualiter

319 5016 520 5097 persolvetis.
575 5017 790 5082 Decernimus
821 5041 917 5102 ergo,
959 5029 995 5083 ut
1027 5021 1105 5084 nulli
1137 5023 1270 5084 omnino
1302 5019 1470 5084 hominum
1502 5020 1607 5098 liceat,
1640 5022 1728 5085 idem
1760 5022 1987 5083 monasterium

319 5111 442 5168 temere
472 5108 679 5188 perturbare,
712 5117 769 5171 aut
804 5111 872 5172 eius
902 5111 1126 5192 possessiones
1159 5111 1302 5185 auferre,
1334 5109 1386 5172 vel
1411 5110 1536 5173 ablatas
1567 5113 1725 5186 retinere,
1759 5113 1907 5173 minuere
1937 5129 1988 5171 seu

318 5193 518 5274 quibuslibet
540 5197 767 5261 vexationibus
790 5198 936 5282 fatigare,
968 5201 1027 5262 sed
1052 5199 1162 5262 omnia
1185 5201 1311 5281 integra
1344 5209 1576 5263 conserventur
1612 5221 1735 5276 eorum,
1767 5221 1828 5282 pro
1852 5217 1986 5280 quorum

318 5282 556 5364 gubernatione
595 5292 628 5348 et
664 5290 901 5350 sustentatione
936 5308 1093 5352 concessa
1133 5297 1223 5362 sunt,
1266 5289 1379 5351 usibus
1418 5287 1641 5376 [omnimodis]
1678 5288 1866 5373 profutura,
1906 5288 1988 5352 salva

318 5373 484 5437 diocesani
507 5375 654 5458 episcopi
686 5379 843 5439 canonica
874 5379 997 5441 iustitia
1028 5385 1061 5441 et
1089 5376 1272 5465 apostolice
1301 5378 1388 5441 sedis
1419 5381 1622 5442 auctoritate.
1668 5376 1704 5443 Si
1736 5398 1803 5459 qua
1833 5381 1932 5461 igitur
1960 5379 1987 5439 in

476 5565 762 5636 a)aaus1krm'gr're
849 5571 876 5638 b)
895 5571 1009 5621 croissiam
1026 5572 1052 5636 p'
1071 5571 1127 5621 used
1142 5571 1154 5620 s
1170 5573 1254 5620 Ranrr
1343 5573 1367 5636 c)
1387 5587 1403 5620 o
1421 5573 1499 5622 durch
1517 5576 1602 5622 Raner
1624 5573 1762 5638 tergestellt.
1783 5611 1835 5617 ..ῃ
1854 5576 1891 5634 ,1)
1916 5571 1987 5636 Vngl.

317 5637 354 5686 die
374 5639 433 5688 Urk.
453 5655 507 5688 vom
529 5643 560 5688 17
579 5641 711 5690 November
728 5644 806 5692 1145.
933 5647 960 5707 2)
982 5643 1042 5696 Ure.
1059 5659 1115 5693 vern
1132 5643 1165 5692 23
1182 5643 1315 5692 utrumne
1333 5645 1411 5696 1143.
1535 5649 1561 5709 3)
1584 5645 1693 5710 Jolrunn,
1719 5643 1824 5709 Biseley‘
1843 5659 1894 5694 von
1913 5645 1985 5702 Stena,

318 5725 338 5766 c.
359 5713 426 5761 1037
441 5739 470 5749 -
485 5727 505 5760 c.
526 5713 604 5761 1063.
712 5715 740 5778 4)
759 5713 862 5776 Rudols,
882 5713 989 5779 Bestius
1002 5731 1049 5764 von
1068 5716 1148 5776 suna,
1167 5731 1187 5766 c.
1207 5717 1277 5766 1073
1291 5743 1322 5753 -
1337 5733 1357 5765 c.
1379 5716 1454 5766 1083.
