4126 6366
1677 367 1742 433 317

71 534 204 599 abbatis
227 542 261 598 et
283 534 418 599 fratrum
440 535 677 611 Tuiciensium,
708 538 897 602 transmissa
917 532 922 621 Ι
942 537 1036 602 nobis
1058 538 1250 622 conquestio
1273 537 1437 622 patefecit,
1467 540 1557 620 quod
1587 561 1661 604 cum
1684 543 1740 606 de·

71 625 193 688 cimam
217 625 261 688 de
282 621 470 689 Ruleshove
493 627 577 690 iuste
599 627 719 689 diutius
748 634 782 689 et
814 628 970 691 canonice
1000 629 1239 711 possedissent,
1269 629 1424 693 sacerdos
1447 628 1627 693 Tulciensis
1650 631 1740 713 ipsos

70 733 173 796 super
196 714 311 778 eadem
336 716 466 778 decima
496 717 656 796 inquietat
684 723 731 791 et,
762 735 803 778 ne
835 715 896 780 illis
926 719 1053 799 integra
1076 717 1287 800 persolvatur,
1310 719 1508 782 omnimodis
1538 721 1739 785 contradicit.

71 799 161 884 Quia
176 804 275 886 igitur
289 805 357 886 pati
373 825 438 867 non
454 803 603 868 volumus
619 824 680 868 nec
702 803 869 880 debemus,
893 813 928 869 ut
944 807 1114 870 memorati
1129 807 1244 870 fratres
1259 827 1319 889 per
1332 807 1516 889 aliquorum
1531 810 1740 873 vexationem

70 891 252 956 indebitam
274 893 322 956 sui
344 893 421 956 iuris
443 894 584 957 sentiant
605 894 773 970 lesionem,
797 895 983 959 discretioni
999 904 1105 959 vestre
1121 916 1180 979 per
1194 896 1377 978 apostolica
1396 897 1516 979 scripta
1539 899 1740 974 mandamus,

70 983 226 1062 quatinus
249 982 411 1065 prefatum
435 982 659 1065 presbiterum,
683 991 761 1046 uta
783 983 943 1048 dictorum
967 984 1102 1048 fratrum
1121 1005 1220 1069 super
1235 986 1350 1050 eadem
1367 986 1496 1050 decima
1512 987 1740 1051 molestatione

71 1071 220 1153 quiescat
248 1069 299 1134 vel
331 1070 394 1134 sub
422 1074 573 1136 examine
596 1080 705 1137 vestro
729 1071 880 1136 iustitiam
904 1071 1061 1138 exhibeat
1084 1081 1336 1157 competentem,
1367 1075 1589 1159 appellatione
1603 1085 1739 1154 remota,

70 1179 209 1224 censura
224 1160 445 1224 ecclesiastica
460 1161 672 1246 compellatis
694 1159 730 1226 Si
745 1182 825 1226 vero
839 1163 989 1227 iudicium
1005 1163 1137 1227 duxerit
1151 1163 1365 1241 subeundum,
1382 1165 1569 1228 convocatis
1585 1166 1739 1249 partibus,

69 1269 209 1402 causlaprpl
220 1247 361 1403 iffimhl
381 1249 511 1315 sublato
527 1252 756 1335 appellationis
773 1251 953 1330 obstaculo,
969 1252 1032 1316 fine
1047 1253 1205 1317 canonico
1221 1254 1408 1317 terminetis.
1433 1289 1477 1300 —
1500 1255 1576 1319 Dat.
1598 1254 1740 1332 Verone‚

69 1351 120 1404 Vn
212 1389 217 1404 .
309 1359 379 1403 or.

234 1453 276 1503 Or.
295 1452 329 1504 im
347 1453 526 1506 Staatsarcltr've
543 1471 574 1504 au
590 1455 744 1521 Dr'trseldorfi

232 1525 302 1592 Perg.
320 1525 381 1586 tat,
400 1527 436 1576 br.
454 1528 538 1588 O,166,
560 1528 907 1594 lango,13?unfen0,013
933 1529 1120 1597 mgesctlagm,
1147 1530 1226 1580 durch
1250 1529 1309 1579 arvei
1323 1529 1416 1582 Licher
1431 1532 1489 1596 geht
1512 1531 1550 1579 die
1567 1530 1739 1596 Hierusalem,

67 1613 154 1648 aaran
172 1597 219 1648 das
236 1597 362 1665 Bleisr'egel
375 1599 460 1664 rana,
479 1597 590 1664 Faltrmg
605 1599 649 1650 der
665 1599 767 1654 Bucen.

814 1995 881 2070 Nr.
907 1999 995 2072 353.

69 2121 189 2190 Luccics
206 2124 272 2190 III
281 2125 419 2190 schreibt
431 2125 505 2191 dem
522 2124 642 2190 Klems
656 2147 717 2190 von
733 2125 866 2191 Rimim'
877 2127 955 2191 iiber
976 2127 1126 2193 Unrulren
1140 2124 1175 2192 in
1191 2127 1284 2192 ihrer
1297 2128 1394 2194 stadt
1409 2129 1479 2193 und
1496 2129 1664 2194 verordnet
1677 2128 1739 2192 Er·

503 2235 671 2298 neroerung
681 2216 739 2280 des
753 2216 886 2281 Bannes
893 2238 999 2300 gagen
1015 2217 1069 2280 die
1083 2217 1259 2282 Heiretiker
1274 2220 1311 2303 ¹).

617 2333 831 2396 naa-1185
852 2330 983 2397 October
995 2335 1029 2397 2.
1070 2331 1199 2396 Verona.

230 2446 350 2511 Lucius
373 2449 565 2532 episcopus,
596 2467 707 2512 servus
730 2469 896 2512 servorum
928 2450 998 2525 dei,
1028 2448 1205 2512 venerabili
1238 2449 1344 2524 fratri,
1374 2451 1533 2532 episcopo
1557 2455 1591 2512 et
1613 2447 1739 2512 dilectis

70 2535 142 2600 tiliis
165 2538 341 2612 canonicis,
371 2536 545 2601 abbatibus
575 2545 609 2602 et
631 2539 781 2602 universo
812 2538 901 2601 clero
924 2537 1130 2616 Ariminensi,
1161 2538 1298 2602 salutem
1329 2544 1363 2601 et
1394 2537 1608 2620 apostolicam
1640 2536 1739 2601 bene·

70 2627 261 2689 dictionem.
306 2626 499 2691 Sollicitudo
524 2627 694 2710 pastoralis
718 2628 829 2704 officii,
854 2647 962 2708 quam,
987 2627 1123 2691 domino
1147 2629 1351 2710 disponente,
1374 2628 1618 2709 assumpsimus,
1641 2647 1739 2708 super

71 2715 267 2778 contritione
289 2723 323 2778 et
346 2717 476 2779 miseria
499 2718 614 2801 populi
637 2719 735 2781 vestri
759 2718 849 2800 gravi
872 2737 931 2780 nos
964 2716 1081 2780 dolore
1110 2716 1213 2780 afficit
1240 2724 1274 2779 et
1305 2718 1530 2779 commotione
1560 2715 1739 2797 perturbat.

71 2804 125 2867 De
159 2805 234 2887 ipso
272 2804 357 2869 enirn
388 2805 529 2870 clamare
563 2826 736 2889 possumus
769 2826 843 2869 cum
875 2804 1053 2889 propheta:
1091 2807 1272 2870 curavimus
1307 2803 1499 2868 Babilonem
1531 2811 1565 2866 et
1594 2825 1659 2867 non
1691 2813 1741 2868 est

71 2901 184 2957 curata
200 2891 235 2979 ⁸),
264 2912 338 2957 cum
362 2894 462 2979 ipsius
485 2896 642 2979 pestifero
666 2895 801 2972 vulneri,
831 2915 898 2978 quo
922 2897 985 2958 iam
1010 2897 1210 2978 computruit
1233 2903 1267 2958 et
1289 2895 1426 2958 odorem
1452 2895 1566 2956 mortis
1588 2893 1741 2957 diffundit

70 2983 114 3046 ad
137 2982 228 3057 alioS,
252 3001 312 3046 nec
334 2986 475 3048 suavitas
499 2983 564 3048 olei
596 3004 656 3048 nec
679 2989 850 3050 austeritas
872 2985 938 3048 vini
976 3004 1036 3047 nec
1060 2985 1126 3048 ulla
1149 3003 1281 3066 prorsus
1306 2984 1545 3046 medicamenta
1568 2982 1741 3066 proficiant

71 3073 115 3136 ad
144 3069 358 3148 salutemus,
389 3074 479 3154 quod
510 3074 553 3137 de
584 3076 786 3139 correctione
816 3076 965 3158 ipsorum
993 3075 1050 3137 vix
1080 3073 1177 3137 nobis
1206 3093 1282 3156 spes
1312 3071 1420 3153 aliqua
1451 3080 1647 3148 remaneret,
1680 3073 1739 3135 nisi

71 3162 310 3244 omnipotentis
333 3162 387 3226 dei
410 3161 591 3241 clementia,
621 3184 685 3246 que
708 3183 751 3228 ex
773 3163 877 3228 basan
900 3165 1061 3228 convertit
1083 3165 1115 3227 in
1139 3161 1336 3246 profundum
1361 3164 1467 3237 maris,
1494 3163 1603 3225 cordis
1627 3181 1739 3225 eorum

71 3250 272 3315 obstinatam
295 3251 445 3316 duritiam
469 3273 529 3316 suo
552 3272 727 3336 possumus
750 3254 873 3317 iudicio
895 3272 1072 3317 removere.
1119 3253 1205 3318 Sane
1228 3251 1413 3335 accepimus
1436 3258 1470 3316 et
1484 3251 1606 3316 turbati
1620 3271 1740 3327 sumus,

71 3341 174 3421 quod,
197 3361 271 3404 cum
289 3360 392 3424 nuper
415 3340 458 3406 de
481 3341 630 3425 fugandis
653 3341 802 3406 hereticis
826 3343 970 3406 edictum
994 3343 1163 3425 quoddam
1187 3341 1350 3406 communi
1380 3340 1476 3405 fuerit
1504 3341 1740 3405 deliberatione

71 3437 231 3494 statutum
260 3438 295 3494 et
323 3433 447 3514 scripto
478 3431 614 3513 publico
646 3440 854 3509 annotatum,
890 3432 980 3514 quod
1010 3433 1223 3496 succedentes
1254 3430 1317 3495 sibi
1346 3437 1489 3495 rectores
1519 3432 1552 3494 in
1582 3431 1740 3513 regimine

72 3519 211 3583 civitatis
227 3539 265 3584 se
279 3521 383 3584 iurare
398 3519 522 3584 debent
544 3522 636 3585 annis
650 3521 787 3604 singulis
802 3529 996 3597 servaturos,
1012 3541 1116 3603 nuper
1131 3527 1289 3604 potestas,
1305 3540 1370 3602 que
1385 3518 1428 3582 ad
1444 3521 1583 3584 civitatis
1595 3521 1739 3602 regimen

72 3616 124 3672 est
132 3611 528 3692 assumpta,iuramentum
538 3610 770 3687 illud,faciente
778 3610 1212 3694 populo,pretermisit,unde
1225 3607 1253 3696 ⁸)
1262 3611 1326 3674 iam
1334 3609 1557 3673 Paterinorum
1567 3609 1741 3692 principes,

72 3699 130 3779 qui
153 3698 243 3782 prius
266 3700 362 3763 eiecti
384 3699 512 3763 fuerant
538 3719 580 3763 ex
610 3721 728 3782 magna
759 3709 870 3784 parte,
903 3708 938 3764 ut
961 3701 1086 3776 dicitur,
1110 3698 1284 3763 redierunt.
1330 3697 1387 3761 Ad
1417 3697 1496 3776 hec,
1527 3717 1602 3762 cum
1633 3705 1741 3762 cetere

71 3789 304 3870 circumposite
321 3789 468 3852 civitates
483 3789 638 3853 annuales
657 3786 686 3874 b)
702 3797 845 3854 rectores
859 3790 1038 3864 instituunt,
1054 3790 1270 3852 iuramentum
1286 3787 1407 3852 faciant
1421 3787 1464 3852 de
1479 3789 1546 3851 suis
1562 3786 1741 3851 rationibus

71 3877 217 3942 ecclesiis
256 3879 502 3955 conservandis,
539 3899 624 3941 nunc
656 3879 743 3943 cives
775 3881 873 3942 vestri
903 3886 1102 3963 potestatem
1131 3886 1274 3942 vestram
1310 3877 1494 3960 predictum
1524 3878 1741 3942 iuramentum

71 3967 315 4051 pretermittere
337 3966 458 4049 pariter
486 3966 723 4050 compulerunt,
753 3968 887 4050 quidam
919 3968 1025 4043 etiam,
1054 3966 1206 4050 concepti
1237 3969 1354 4032 erroris
1385 3966 1499 4030 fomite
1530 3967 1740 4042 ministrante,

71 4059 219 4121 decimas
235 4055 380 4120 ecclesiis
395 4053 599 4132 subtrahunt,
622 4077 677 4121 eas
694 4058 727 4120 in
750 4077 825 4120 usus
849 4057 1000 4140 proprios
1023 4064 1259 4132 convertentes,
1282 4057 1336 4120 alii
1359 4062 1556 4119 testamenta
1579 4054 1742 4118 derebus

71 4147 136 4210 suis
159 4145 363 4210 fraudulenta
385 4145 662 4210 circumventione
685 4145 829 4210 condere
851 4153 1080 4229 proponuntur
1101 4153 1136 4208 et
1158 4165 1205 4224 ea,
1236 4164 1300 4228 que
1324 4164 1367 4209 ex
1389 4147 1462 4228 ipsa
1494 4144 1607 4208 ultima
1630 4145 1742 4227 dispo-

71 4237 190 4300 sitione
213 4235 371 4318 legantur,
403 4236 436 4298 in
458 4255 535 4299 usos
559 4256 678 4318 pravos
702 4243 736 4299 et
759 4234 888 4300 illicitos
911 4234 1102 4299 distrahunt.
1146 4232 1286 4299 Usuram
1310 4242 1344 4298 et
1371 4234 1491 4298 malum
1521 4234 1607 4298 adeo
1638 4235 1741 4297 ineis

71 4325 194 4388 dicitur
217 4327 409 4400 excrevisse,
433 4332 469 4387 ut
489 4325 521 4387 ln
544 4345 586 4389 eo
610 4327 732 4408 passim
755 4332 972 4388 exerceantur
994 4345 1108 4388 omnes
1132 4332 1166 4388 et
1188 4326 1288 4407 ipsius
1311 4324 1400 4387 lucra
1422 4325 1563 4388 universi
1578 4331 1612 4387 et
1626 4323 1742 4405 singuli

71 4412 251 4479 damnabili
273 4414 453 4497 cupiditate
468 4421 641 4478 sectentur.
680 4411 767 4496 Quia
788 4433 876 4489 vero,
900 4415 961 4478 etsi
985 4416 1017 4478 in
1041 4415 1244 4478 correctione
1267 4415 1413 4497 ipsorum
1437 4426 1551 4496 parum
1581 4412 1741 4495 proficere

70 4505 250 4579 videamur,
281 4523 347 4566 non
379 4514 430 4567 est
459 4512 569 4566 tamen
599 4503 695 4568 nobis
723 4502 786 4567 ulla
809 4505 936 4567 ratione
965 4504 1148 4578 tacendum,
1180 4523 1221 4566 ne
1244 4523 1263 4566 a
1285 4501 1381 4567 nobis
1411 4502 1540 4585 sanguis
1572 4520 1686 4565 eorum
1710 4504 1742 4564 in

72 4603 224 4658 extremo
247 4593 400 4657 examine
422 4595 612 4673 requiratur,
635 4593 832 4657 universitati
855 4601 963 4656 vestre
986 4612 1046 4676 per
1074 4591 1256 4675 apostolica
1278 4591 1400 4675 scripta
1432 4592 1624 4655 mandamus
1653 4593 1743 4654 etin

73 4682 264 4747 obedientie
285 4684 404 4746 virtute
426 4683 633 4765 precipimus,
658 4691 827 4763 quatenus,
855 4683 945 4746 omni
968 4683 1073 4764 gratia
1097 4689 1131 4744 et
1152 4682 1270 4746 timore
1292 4681 1488 4764 postposito,
1513 4682 1742 4744 convenientes

70 4774 102 4836 in
119 4792 230 4849 unum,
251 4770 431 4835 secundum
447 4771 588 4848 decreta,
613 4790 677 4852 que
701 4792 805 4855 nuper
828 4771 998 4847 edidimus,
1022 4773 1054 4834 in
1076 4773 1245 4835 universos
1267 4771 1441 4854 patarinos,
1464 4775 1686 4852 receptatores
1709 4777 1744 4834 et

72 4862 218 4927 fautores
248 4879 360 4925 eorum
396 4861 507 4941 etqui
530 4863 576 4924 eis
599 4861 804 4944 participant,
836 4861 956 4925 domos
989 4860 1100 4924 locant
1122 4861 1174 4925 vel
1196 4862 1340 4924 vendant
1365 4859 1488 4942 aliquid
1519 4857 1571 4921 vel
1603 4859 1743 4922 scienter

72 4951 234 5016 ullatenus
249 4950 434 5031 largiuntur,
458 4950 593 5032 pulsatis
609 4953 776 5033 campanis
793 4958 826 5014 et
841 4949 983 5014 accensis
999 4950 1151 5024 candelis,
1172 4947 1386 5014 anathematis
1402 4949 1596 5012 sententiam
1613 4947 1744 5030 publice

72 5042 243 5105 innovetis
288 5040 488 5102 Potestatem
512 5041 611 5103 etiam
635 5041 856 5123 supradictam
880 5047 914 5103 et
936 5041 1102 5103 universos
1123 5041 1211 5104 cives
1226 5041 1396 5116 moneatis,
1419 5040 1575 5101 instamus
1591 5056 1633 5100 ex
1649 5045 1743 5121 parte

72 5139 193 5206 nostra,
216 5137 253 5192 ut
274 5130 418 5193 divinam
443 5129 632 5210 patientiam
655 5150 721 5193 non
744 5137 989 5212 contempnant,
1011 5130 1070 5192 sed
1093 5136 1160 5192 tam
1184 5130 1217 5192 in
1232 5127 1437 5211 expellendis
1460 5126 1620 5201 hereticis,
1643 5145 1741 5206 quam

71 5222 105 5283 in
120 5220 324 5301 corrigendis
347 5218 537 5282 excessibus
566 5219 609 5282 ad
638 5218 807 5282 arbitrium
837 5227 940 5294 tuum,
971 5217 1071 5282 frater
1092 5219 1266 5303 episcope,
1300 5236 1384 5301 quos
1412 5217 1560 5300 superius
1591 5215 1741 5290 diximus,

71 5309 140 5374 sine
164 5307 227 5372 ulla
250 5307 407 5372 dilatione
430 5308 608 5371 intendant.
654 5304 756 5389 Quod
778 5308 805 5370 si
829 5307 912 5370 infra
934 5308 1066 5390 triginta
1088 5309 1159 5371 dies
1182 5316 1260 5390 post
1288 5309 1579 5371 commonitionem
1600 5312 1742 5369 vestram

73 5417 137 5461 non
161 5397 306 5474 fecerint,
327 5406 372 5476 tu,
384 5471 386 5476 ἲ
396 5396 493 5461 frater
509 5399 675 5480 episcope,
698 5397 890 5461 auctoritate
906 5404 1025 5474 nostra,
1049 5396 1166 5460 nullius
1182 5397 1439 5460 contradictione
1454 5395 1505 5459 vel
1521 5394 1742 5478 appellatione

72 5487 235 5563 obstante,
258 5488 423 5550 universas
440 5485 601 5564 ecclesias,
618 5488 816 5550 monasteria
832 5494 866 5551 et
881 5486 1033 5569 capellas,
1056 5486 1173 5550 clausis
1188 5487 1291 5550 ianuis
1306 5493 1339 5550 et
1354 5486 1499 5561 firmatis,
1522 5484 1743 5549 ecclesiastico

233 5715 259 5781 a)
277 5714 315 5765 Es
331 5717 391 5766 ruht
406 5713 446 5765 un'
518 5715 545 5782 b)
564 5715 591 5764 ob
609 5729 666 5764 cum
685 5714 819 5764 annuales?
838 5751 892 5759 -
910 5718 946 5778 ,1)
964 5715 1089 5780 Absclm'ft
1111 5713 1167 5764 md
1187 5713 1367 5780 Bemerkusrgen
1383 5712 1504 5763 vndanke
1520 5712 1560 5762 ici
1576 5711 1661 5763 Herm
1683 5711 1743 5762 Con.

77 5787 185 5838 caum
202 5787 369 5838 Niccolini
392 5803 423 5836 su
439 5785 539 5838 Rimini.
559 5815 592 5827 -
615 5785 711 5846 Tmini,
730 5785 811 5835 Storr'a
828 5785 857 5834 di
872 5786 967 5838 Riniim'
983 5787 1016 5837 II
1022 5793 1050 5852 p.
1068 5787 1126 5836 589.
1200 5789 1226 5855 2)
1247 5786 1339 5853 ἵεται.
1359 5785 1419 5847 61,9
1438 5785 1498 5852 (non
1514 5791 1549 5834 est
1565 5787 1673 5852 sama).
