4142 6366
1682 333 1742 410 2'3l

69 525 122 582 est
155 539 218 582 nos
251 509 377 581 facilem
409 508 548 599 prebere
579 535 773 582 consensum
805 519 838 582 et
866 518 952 594 vota,
985 536 1050 598 que
1080 532 1099 581 a
1129 509 1260 581 rationis
1289 513 1419 582 tramite
1450 541 1514 582 non
1547 521 1745 596 discordant,

69 609 193 671 effectu
218 607 341 692 sunta)
365 617 585 690 prosequente
608 607 812 691 complenda.
859 608 1053 690 Eapropter,
1078 607 1189 672 dilecti
1213 610 1244 670 in
1269 610 1404 671 domino
1428 607 1492 682 filii,
1517 611 1632 672 vestris
1656 612 1747 672 iustis

69 697 351 781 postulationibus
374 704 468 778 grato
493 707 721 760 concurrentes
750 717 892 771 assensu,
923 699 1072 776 antiquas
1102 707 1135 759 ct
1167 697 1376 760 rationabiles
1406 700 1658 761 consuetudines
1688 719 1746 762 seu

69 794 206 870 patrum
230 788 430 861 traditiones,
454 805 536 865 quas
559 787 693 850 ecclesia
715 795 823 850 vestra
846 808 866 849 a
881 785 987 868 longis
1003 793 1091 849 retro
1107 787 1312 868 temporibus
1328 789 1439 860 tenuit,
1463 788 1746 867 quemadmodum

69 877 104 938 in
128 877 297 940 autentico
320 878 444 957 scripto
468 876 659 939 venerabilis
691 876 799 938 fratris
829 875 929 938 nostri
954 875 1090 952 Galdini,
1122 875 1360 959 archiepiscopi
1385 879 1481 939 vestri
1501 874 1533 962 ¹),
1564 877 1747 959 apostolice

69 965 160 1028 sedis
184 965 284 1048 legati
302 963 337 1051 ¹),
361 966 519 1028 contineri
543 973 728 1040 noscuntur,
752 964 845 1028 vobis
870 973 902 1027 et
925 985 984 1047 per
999 985 1058 1027 vos
1075 965 1182 1027 eidem
1200 965 1336 1028 ecclesie
1356 968 1549 1028 auctoritate
1565 967 1749 1048 apostolica

69 1053 306 1118 confirmamus
330 1062 364 1117 et
386 1057 547 1136 presentis
570 1055 681 1136 scripti
715 1054 896 1136 patrocinio
927 1057 1174 1117 communimus
1221 1052 1418 1128 Statuentes
1451 1063 1486 1118 ut
1516 1053 1592 1117 nulli
1616 1056 1747 1118 omnino

69 1143 245 1207 hominum
268 1145 372 1217 liceat,
403 1142 486 1206 hanc
514 1145 665 1226 paginam
689 1151 799 1206 nostre
823 1142 1079 1206 confirmationis
1104 1144 1277 1226 infringere
1299 1143 1352 1207 vel
1383 1147 1412 1207 ei
1444 1145 1647 1225 aliquatenus
1670 1165 1748 1207 con·

68 1235 180 1296 traire.
228 1231 263 1296 Si
286 1235 357 1312 quis
381 1240 489 1296 autem
514 1232 578 1296 hoc
601 1241 774 1297 attemtare
804 1234 1048 1315 presumpserit,
1079 1233 1333 1314 indignationem
1367 1235 1599 1317 omnipotentis
1632 1235 1686 1297 dei
1716 1241 1749 1296 et

69 1321 250 1386 beatorum
273 1323 359 1387 Petri
383 1330 416 1386 et
438 1322 536 1398 Pauli,
568 1322 794 1405 apostolorum
826 1324 904 1397 eius,
936 1341 972 1384 se
1002 1323 1130 1385 noverit
1160 1326 1372 1386 incursurum.
1396 1359 1440 1370 -
1463 1323 1539 1387 Dat.
1563 1323 1749 1400 Tusculani,

69 1426 99 1475 11
122 1411 242 1475 Nonas
265 1411 344 1475 Iulii.

236 1526 312 1590 Ir'opie
328 1527 369 1575 des
388 1529 420 1576 17
442 1525 535 1592 Jasrn
558 1525 624 1576 Can.
642 1526 759 1576 LXXVI
771 1526 818 1577 Nr.
836 1528 879 1587 29,
899 1526 931 1575 im
951 1526 1062 1576 declivio
1084 1527 1295 1592 Capitolaredella
1314 1525 1543 1591 meoparonem
1561 1525 1682 1576 Malland.
1731 1589 1734 1598 Ι

819 1810 887 1885 Nr.
916 1815 1004 1886 230.

69 1944 261 2012 Alexander
273 1944 338 2008 Ill
348 1943 448 2008 tadelt
462 1941 584 2007 Klerus
599 1943 668 2007 und
691 1942 766 2007 Volk
780 1965 840 2008 von
863 1942 944 2009 Oria
960 1943 1023 2026 (D.
1042 1941 1217 2030 Brindisi),
1242 1943 1320 2007 dass
1334 1941 1383 2007 sie
1397 1942 1636 2027 Ausreieungen
1645 1965 1749 2028 gegen

225 2032 317 2099 ihren
333 2033 533 2112 Erzbrsclrof
543 2031 652 2096 Gehir
658 2033 774 2115 geben,
794 2056 831 2098 er
845 2033 973 2118 befielrlt
986 2033 1089 2110 ilrnen,
1106 2033 1226 2097 diesem
1235 2033 1411 2116 gehersarn
1426 2055 1467 2098 zu
1481 2034 1551 2097 sein
1568 2037 1606 2120 ³).

583 2151 797 2212 1173-1174
818 2149 950 2214 October
962 2152 1017 2213 20.
1055 2146 1190 2232 Anagm'
1202 2150 1241 2234 ⁴).

238 2264 429 2330 Alexander
451 2266 635 2349 episcopus,
658 2286 770 2330 servus
785 2287 954 2330 servorum
970 2266 1032 2342 dei,
1055 2265 1180 2329 dilectis
1197 2265 1278 2342 filiis,
1302 2266 1390 2329 clero
1407 2274 1440 2329 et
1455 2265 1582 2350 populo
1598 2265 1748 2343 Uritano,

71 2357 214 2421 salutem
239 2363 272 2420 et
296 2356 512 2438 apostolicam
543 2356 817 2419 benedictionem.
866 2356 1022 2419 Miramur
1052 2354 1225 2437 plurimum
1259 2364 1291 2419 et
1322 2356 1496 2442 adversum
1518 2377 1578 2420 vos
1608 2357 1652 2420 de
1681 2357 1749 2419 iure

73 2466 258 2522 movemur,
289 2446 379 2526 quod
402 2466 462 2509 vos
493 2445 637 2508 consiliis
661 2446 865 2527 quorundam
889 2464 984 2508 aures
1006 2446 1270 2520 accomodantes,
1300 2447 1355 2528 qui
1377 2446 1473 2508 vobis
1497 2444 1576 2509 salsa
1597 2465 1751 2528 sugerere

72 2543 290 2620 praesumunt
313 2542 346 2600 et
367 2536 524 2598 intervos
547 2543 580 2598 et
595 2535 821 2598 Brundusinos
843 2534 1040 2598 discordiam
1064 2535 1233 2610 seminare,
1256 2535 1412 2598 adversus
1435 2534 1569 2598 fratrem
1593 2544 1749 2612 nostrum,

73 2627 321 2692 Brundusinum
338 2623 622 2708 archiepiscopum
636 2621 671 2709 ὁ),
693 2624 872 2687 seditiones
895 2632 929 2688 et
951 2624 1104 2687 scandala
1127 2626 1293 2688 concitare
1311 2623 1446 2687 nitimini
1462 2631 1496 2688 et
1509 2626 1751 2688 Brundusinam

75 2714 253 2781 ecclesiam
285 2714 428 2778 dividere
466 2735 504 2777 ac
542 2720 726 2776 memorato
756 2712 1005 2796 archiepiscopo
1038 2713 1182 2777 debitam
1216 2713 1440 2776 obedientiam
1470 2723 1504 2777 et
1536 2716 1750 2778 reverentiam

6 2883 7 2886 Ἴ
74 2807 245 2888 denegare
267 2804 482 2886 praesumitis
506 2823 547 2866 eo
571 2804 661 2883 quod
685 2802 780 2867 vobis
803 2803 847 2866 de
870 2804 1115 2866 consecratione
1137 2823 1196 2865 sua
1219 2801 1341 2866 litteras
1365 2811 1491 2866 nostras
1515 2824 1579 2866 non
1596 2804 1750 2878 misimus,

6 2899 7 2908 ’
74 2917 152 2960 curn
178 2895 450 2976 praedecessores
474 2893 575 2956 nostri
592 2891 684 2956 vobis
706 2891 759 2955 vel
781 2892 1086 2974 praedecessoribus
1109 2891 1223 2955 vestris
1239 2893 1282 2955 de
1297 2895 1541 2956 consecratione
1555 2893 1750 2956 Brundusini

74 2983 318 3067 archiepiscopi
348 2981 472 3046 litteras
510 2983 640 3045 mittere
679 2980 863 3044 nullatenus
903 2991 1151 3044 consueverunt.
1205 2977 1292 3062 Quia
1329 2983 1425 3064 igitur
1462 3003 1595 3065 gravem
1635 2981 1751 3065 culpae

76 3073 242 3138 maculam
266 3071 462 3136 contrahunt
484 3079 518 3134 et
541 3091 606 3133 non
624 3070 833 3134 mediocriter
856 3069 968 3134 oculos
984 3071 1113 3134 divinae
1129 3071 1304 3134 maiestatis
1320 3071 1499 3148 offendunt,
1522 3073 1577 3153 qui
1594 3071 1752 3135 ecclesiae

75 3183 202 3246 corpus
233 3162 378 3226 dividere
409 3161 531 3224 audent
566 3168 599 3223 et
638 3158 785 3242 praelato
817 3180 856 3223 ac
886 3162 971 3242 patri
1002 3181 1062 3224 suo
1093 3160 1250 3243 spirituali
1281 3161 1429 3225 debitam
1461 3162 1682 3225 obedientiam
1718 3167 1752 3222 et

7 3285 9 3336 5
75 3255 295 3316 reverentiam
319 3253 490 3334 denegare,
515 3250 711 3312 universitati
734 3256 862 3312 vestrae
885 3269 945 3331 per
967 3251 1150 3331 apostolica
1165 3253 1287 3332 scripta
1303 3252 1497 3314 mandamus
1514 3261 1548 3314 et
1562 3250 1751 3314 mandando

75 3342 309 3425 praecipimus
333 3349 492 3423 quatenus
516 3340 623 3402 eidem
648 3337 897 3421 archiepiscopo
914 3337 1060 3402 debitam
1077 3341 1289 3402 reverentiam
1306 3347 1340 3400 et
1355 3340 1576 3403 obedientiam
1591 3338 1753 3402 humiliter

7 3451 8 3480 2
75 3431 280 3514 impendatis
312 3438 345 3492 et
375 3437 490 3493 contra
514 3449 587 3491 eum
611 3427 764 3491 scandala
787 3436 821 3491 et
843 3429 1021 3490 seditiones
1045 3428 1226 3490 nullatenus
1258 3430 1427 3491 moveatis.
1471 3427 1568 3492 Scitis
1591 3429 1752 3514 profecto,

75 3521 180 3600 quod,
203 3521 231 3582 si
254 3539 348 3582 secus
372 3538 470 3601 agere
494 3518 785 3602 praesumpseritis,
818 3518 1001 3580 carissimus
1030 3519 1063 3579 in
1087 3516 1216 3581 Christo
1244 3516 1327 3579 filius
1357 3525 1468 3580 noster
1489 3514 1708 3602 W(ilhelmus)
1717 3517 1752 3594 ⁶),

75 3608 211 3673 illustris
241 3628 301 3672 rex
323 3607 459 3683 Siciliae,
491 3607 642 3670 dominus
665 3614 781 3681 vester,
813 3607 845 3668 id
874 3605 1046 3669 molestum
1079 3606 1277 3668 omnimodis
1309 3606 1392 3668 feret
1423 3626 1461 3668 ac
1494 3627 1559 3670 non
1591 3608 1755 3669 immerito

8 3729 9 3732 ¹
76 3708 228 3762 nostram
252 3707 286 3760 et
308 3718 400 3761 suam
425 3696 573 3778 poteritis
602 3695 777 3759 formidare
800 3696 989 3759 vindictam.
1035 3693 1106 3758 Nos
1137 3714 1270 3776 quoque
1300 3695 1503 3772 sententiam,
1535 3715 1633 3776 quam
1666 3697 1754 3758 idem

9 3825 10 3828 κ
76 3788 349 3870 archiepiscopus
372 3789 405 3850 iu
428 3806 487 3848 vos
511 3793 649 3868 propter
671 3782 735 3847 hoc
758 3784 991 3847 rationabiliter
1006 3783 1124 3860 tulerit,
1147 3792 1280 3847 auctore
1303 3785 1438 3848 domino
1455 3794 1559 3848 ratam
1580 3793 1613 3848 et
1628 3783 1754 3847 firmam

76 3877 277 3942 habebimus
300 3885 334 3940 et
356 3876 514 3939 iaciemus
537 3872 765 3937 inviolabiliter
788 3873 961 3937 observari.
985 3909 1029 3918 -
1052 3872 1176 3936 Datum
1191 3871 1373 3955 Anagniae,
1396 3887 1460 3937 x111
1483 3872 1556 3937 Kal.
1573 3873 1754 3937 Novembr.

241 3990 366 4056 Alschrrst
383 3989 423 4039 des
445 3989 501 4039 Cod.
522 3989 589 4052 Dipl.
607 3988 713 4037 ecclesiae
731 3988 911 4047 andusim
930 3987 963 4036 ins
982 3987 1095 4036 archivio
1117 3987 1250 4052 capitolare
1268 4004 1296 4036 su
1315 3987 1433 4038 Brindisi.

826 4273 893 4348 Nr.
921 4278 1009 4349 231.

79 4408 270 4476 Alexander
280 4407 344 4472 III
360 4406 552 4472 entsclrerdet
571 4404 665 4471 einen
690 4402 790 4470 Streit
810 4405 970 4470 ewisclren
991 4405 1065 4468 dem
1089 4401 1220 4468 Kloster
1241 4403 1309 4468 San
1336 4405 1447 4468 Pietro
1473 4405 1513 4468 di
1546 4402 1755 4487 Villamagna

11 4599 12 4606 ἵ
81 4501 141 4582 (D.
159 4499 311 4583 Anagni)
326 4499 394 4562 und
411 4497 484 4562 dem
507 4495 784 4648 AnagninrsclzeGnu
785 4493 1108 4649 Ξῖἔῖςῖξζέἓῗ
1126 4515 1236 4577 wegen
1256 4496 1383 4578 einiger
1394 4493 1505 4575 Hufen
1530 4495 1563 4558 in
1583 4493 1694 4577 Gorga
1714 4515 1755 4558 su

692 4701 775 4764 1174
790 4699 925 4774 Januar
939 4703 968 4765 6.
1010 4697 1150 4782 Anagni.

244 4819 471 4886 ALEXANDER
502 4819 694 4904 episcopus,
723 4836 836 4880 servus
864 4836 1034 4880 servorum
1067 4817 1129 4891 dei,
1161 4815 1288 4880 dilectis
1318 4815 1389 4878 filiis
1413 4812 1547 4890 Amat0‚
1580 4815 1692 4879 abbati
1724 4824 1757 4879 et

82 4911 237 4977 iratribus
261 4911 449 4974 monasterii
472 4911 575 4971 sancti
591 4909 677 4971 Petri
702 4908 744 4970 de
759 4903 847 4968 Villa
870 4926 997 4988 magna,
1020 4904 1155 4969 salutem
1173 4913 1206 4969 et
1225 4902 1231 4992 1
1251 4903 1467 4988 apostolicam
1485 4905 1757 4968 benedictionem.

83 5003 167 5067 Cum
190 5003 302 5085 sepius
325 5009 369 5074 tu,
392 4998 436 5062 fili
460 4997 572 5074 abbas,
594 4997 683 5080 apud
707 5016 767 5059 nos
790 4994 955 5074 querelam
979 4996 1198 5078 deposuisses,
1229 4995 1318 5075 quod
1342 4994 1481 5058 dilectus
1503 4993 1587 5056 filius
1610 5001 1722 5057 noster
1748 4991 1752 5076 Ι

82 5090 262 5167 Tebaldus,
285 5088 480 5172 Anagninus
504 5090 592 5165 civis,
622 5086 717 5150 vobis
741 5085 902 5166 quosdam
928 5104 1060 5148 mansos
1084 5086 1115 5147 in
1139 5092 1246 5148 castro
1272 5081 1383 5168 Gorge
1400 5081 1424 5170 7)
1456 5091 1569 5146 contra
1600 5085 1756 5146 iustitiam

244 5233 270 5294 ι)
290 5231 405 5281 effectum
423 5245 501 5280 sunm.
521 5263 574 5271 --
594 5227 629 5292 ,1)
652 5225 780 5284 Galdinm,
798 5223 944 5290 Enn'schp'
954 5241 1002 5274 von
1015 5222 1136 5284 Maliand,
1155 5226 1333 5274 nco-1176.
1407 5225 1434 5288 2)
1455 5223 1525 5290 Pagi,
1539 5224 1693 5274 Breviaeium
1705 5225 1756 5284 ΙΙΙ,

81 5313 103 5369 p.
122 5307 161 5354 88
167 5317 177 5364 ,·
201 5305 297 5364 Raslrr,
315 5303 453 5352 Alexander
468 5300 518 5358 III,
537 5300 570 5348 II
582 5299 610 5347 S.
623 5300 691 5356 269;
720 5296 821 5356 Ginlini,
841 5295 955 5346 ellenrorie
977 5296 1016 5345 VI
1026 5303 1050 5360 p.
1069 5297 1127 5346 337.
1164 5296 1214 5345 Seit
1229 5297 1282 5346 dem
1304 5299 1333 5344 11
1345 5295 1477 5346 November
1492 5298 1558 5346 1166
1569 5296 1650 5362 findet
1665 5311 1692 5345 er
1708 5295 1757 5344 sich

83 5380 119 5426 als
132 5376 252 5442 presbs'ler
268 5375 336 5425 card.
354 5375 389 5424 iit.
402 5375 428 5426 S.
442 5373 551 5423 Salinae.
586 5366 665 5436 Jaffe‘,
684 5371 741 5434 Reg.
756 5376 781 5432 p.
800 5370 860 5418 678.
933 5374 960 5433 3)
978 5368 1027 5416 Die
1043 5367 1166 5433 Alsclrr'fl
1182 5369 1257 5417 dieser
1277 5367 1394 5416 Urkunde
1411 5367 1530 5416 vadante
1547 5367 1585 5416 ich
1603 5367 1655 5416 dem
1673 5367 1757 5417 Herm

84 5449 244 5498 Aeeidr'aceno
273 5445 397 5496 Giovanrsi
428 5441 645 5494 Tarentini
668 5457 696 5489 zu
722 5439 838 5489 Brindisi.
883 5441 959 5504 Vergl.
986 5439 1023 5487 die
1051 5439 1110 5488 Urle.
1136 5441 1432 5503 vom2Augus11144.
1558 5442 1585 5504 4)
1606 5439 1661 5487 Das
1689 5437 1758 5504 Jahr

84 5522 172 5587 ergiebl
187 5519 237 5569 sies
255 5535 302 5567 aus
319 5519 393 5568 Anm.
412 5520 428 5567 6
446 5517 502 5565 und
515 5516 568 5565 dem
586 5514 698 5563 Itirurar.
808 5517 834 5575 5)
854 5513 906 5560 Ans
924 5511 975 5560 dem
994 5510 1128 5575 Belgersden
1142 5511 1200 5577 gelu
1216 5511 1309 5572 hervee,
1334 5511 1391 5560 dass
1408 5525 1432 5559 es
1456 5507 1569 5558 Willelm
1589 5510 1621 5558 ΙΙ
1634 5511 1670 5567 ist.
1695 5509 1757 5559 En-

84 5593 239 5658 thelesiam
265 5590 387 5648 Brindr'si‚
415 5589 600 5646 niu-rrum
623 5586 656 5634 im
681 5579 794 5634 Archivio
815 5581 948 5646 Capitolnre
966 5599 996 5630 eu
1013 5581 1125 5631 Brindisi
1149 5583 1216 5632 wird
1236 5583 1286 5632 eine
1303 5581 1533 5648 Besle'r'tignngsbulle
1549 5582 1697 5631 Alerunders
1715 5578 1763 5630 III

82 5666 129 5726 fier
154 5663 268 5713 Wilielm
285 5677 334 5710 voss
351 5660 462 5712 Brindisi
477 5675 531 5708 vom
550 5661 583 5708 29
604 5654 922 5719 Mui1173ausllewakrt.
1032 5654 1058 5720 6)
1085 5654 1198 5704 Willelm
1219 5654 1259 5718 II,
1279 5654 1365 5720 Kir'nig
1381 5670 1428 5703 von
1447 5653 1550 5714 stenen,
1577 5655 1757 5706 1166-1194.

88 5747 111 5800 7)
135 5735 225 5802 Gorga,
250 5733 352 5794 l'elletri,
374 5733 401 5784 P.
420 5732 448 5781 di
464 5732 490 5781 S.
512 5731 597 5780 Pistre.
