4142 6366
1692 345 1753 424 283

70 523 284 589 humanitatis
307 532 340 589 et
362 525 473 608 gratie,
497 527 668 608 presertim
692 526 735 590 de
766 524 949 614 prebenlda
979 527 1042 603 illa,
1072 527 1181 592 eidem
1211 527 1419 594 subdiacono
1447 539 1562 596 nostro
1594 533 1755 598 duxeritis

72 616 287 698 erogandum.
310 651 356 662 -
377 615 453 678 Dat.
477 617 663 690 Tusculani,
686 631 736 680 xv
758 617 813 681 Kl.
838 617 1015 681 Februarii.
1709 617 1710 622 ’

238 731 280 781 Or.
300 731 333 780 im
352 731 466 783 Anneio
488 731 622 797 capitolare
639 733 667 781 di
682 731 753 781 Saut'
771 731 893 782 Antonino
911 749 942 782 ru
962 733 1085 784 Pincenso.

236 804 306 869 Perg.
325 805 386 862 rtet,
406 804 441 853 be.
462 805 540 865 0,128
558 805 619 870 lang
635 804 720 864 o,103,
743 811 818 853 unten
836 806 913 862 0,015
938 807 1129 870 umgesclrlageu,
1156 805 1234 854 duret
1261 805 1320 856 ruri
1335 807 1428 858 lucter
1447 807 1505 873 gete
1526 807 1564 857 die
1580 807 1754 873 Horrfrctnur,

71 889 155 924 marr
174 875 221 924 das
233 875 359 941 Bleisr'egel
371 877 454 941 hunge,
467 875 577 942 Faltrorg
594 877 638 925 der
648 876 751 934 Breveu,
771 875 830 925 doch
846 875 939 926 senetur
955 877 1001 926 dns
1012 877 1174 940 Scrnynuu
1191 877 1360 943 nacttrcgluu
1370 879 1427 929 eheu
1443 896 1478 930 on
1496 881 1540 930 der
1551 879 1661 945 Fallung
1676 880 1755 930 durch

71 949 87 996 2
105 945 187 996 stirne
203 949 323 1012 negentur
337 962 444 1013 gernum
461 963 491 995 ru
508 948 566 997 suit.
609 947 659 996 Veu
677 949 743 997 er'rrer
759 947 987 1014 Dorrelaufsehrift
1002 948 1033 997 ist
1048 948 1127 998 ructu
1143 964 1174 998 ru
1191 949 1268 1000 sciren.

822 1232 890 1307 Nr.
916 1236 1005 1308 308.

70 1363 260 1428 Alexander
274 1364 340 1429 III
359 1364 510 1449 bertc‘e'tegt
529 1362 602 1428 dem
623 1365 835 1448 Doukapr'tel
855 1386 916 1429 von
931 1365 1078 1450 Bologua
1096 1366 1158 1431 den
1177 1367 1283 1430 Besr'tr
1305 1366 1367 1431 der
1382 1363 1523 1432 Zeleuten
1546 1387 1607 1431 uon
1626 1366 1755 1452 Gaggr'o

589 1453 629 1518 di
643 1455 821 1537 Moutuguo
837 1455 906 1519 und
918 1453 1029 1520 dreier
1041 1453 1189 1520 Kr'rcheu
1209 1456 1241 1544 ¹).

621 1573 834 1636 1171-1181
849 1570 954 1656 April
964 1573 993 1635 9.
1032 1570 1213 1636 Tusculum.

235 1705 425 1768 Alexander
456 1707 650 1788 episcopus,
691 1727 803 1771 servus
833 1728 1001 1771 servorum
1033 1705 1103 1782 dei,
1136 1706 1262 1770 dilectis
1294 1705 1385 1779 tiliis,
1415 1705 1689 1790 archipresbitero
1721 1717 1755 1771 et

69 1795 237 1858 canonicis
261 1795 476 1859 Bononiensis
500 1795 648 1871 ecclesie,
671 1796 807 1860 salutem
833 1804 867 1860 et
889 1796 1106 1878 apostolicam
1130 1795 1404 1859 benedictionem.
1444 1791 1607 1876 Quotiens
1623 1817 1642 1860 a
1658 1797 1754 1860 nobis

69 1885 204 1967 petitur,
229 1885 319 1964 quod
343 1883 458 1946 rationi
481 1904 546 1946 non
578 1885 691 1948 obviat
723 1907 782 1950 nec
806 1885 970 1950 honestati
995 1893 1166 1967 repugnat,
1199 1887 1309 1948 animo
1333 1905 1392 1948 nos
1416 1886 1512 1948 decet
1541 1884 1654 1948 libenti
1677 1905 1752 1949 con·

70 1974 201 2049 cedere,
227 1982 263 2036 ut
285 1973 419 2036 devotio
443 1971 583 2037 filiorum
609 1975 745 2038 ecclesie
768 1996 804 2039 se
828 1977 970 2058 gaudeat
993 1974 1087 2038 facile
1111 1974 1277 2056 consequi,
1301 1975 1392 2053 quod
1416 1973 1652 2038 rationabiliter
1675 1996 1753 2038 con·

70 2065 220 2144 cupiscit.
260 2063 455 2144 Eapropter‚
471 2064 583 2126 dilecti
600 2065 633 2126 in
650 2066 787 2130 domino
805 2065 868 2140 filii,
884 2065 999 2128 vestris
1015 2065 1106 2127 iustis
1122 2063 1397 2146 postulationibus
1413 2072 1506 2146 grato
1524 2072 1753 2128 concurrentes

69 2173 216 2227 assensu,
240 2151 472 2215 decimationes
497 2153 593 2218 Gadii
612 2153 637 2240 ²)
670 2162 704 2216 et
726 2163 793 2218 tres
816 2154 980 2228 ecclesias,
1003 2152 1159 2216 videlicet
1182 2160 1294 2216 sancte
1318 2153 1421 2216 Marie
1444 2153 1475 2216 in
1500 2151 1621 2228 Garda,
1649 2155 1753 2217 sancti

69 2241 205 2304 Ioannis
229 2244 261 2304 in
286 2241 444 2304 Fontanis
478 2250 511 2305 et
540 2245 644 2306 sancti
668 2243 850 2331 Thome⁸)‚
882 2264 955 2308 cum
979 2243 1122 2318 decimis,
1154 2241 1376 2305 oblationibus
1408 2251 1441 2306 et
1472 2241 1636 2326 parochia,
1668 2245 1754 2305 sicut

70 2351 127 2393 eas
158 2330 392 2394 rationabiliter
423 2332 599 2414 possidetis
635 2342 668 2396 et
707 2334 923 2414 predecessor
954 2341 1080 2405 noster,
1113 2333 1168 2412 pie
1200 2331 1433 2395 recordationis
1456 2330 1624 2394 Adrianus
1655 2352 1752 2415 papa,

69 2419 168 2482 vobis
193 2420 405 2492 confirmavit,
430 2421 595 2485 devotioni
619 2430 728 2485 vestre
752 2425 946 2486 auctoritate
969 2420 1154 2504 apostolica
1170 2420 1401 2484 confirmamus
1417 2428 1451 2484 et
1467 2422 1625 2504 presentis
1642 2421 1753 2503 scripti

70 2509 255 2591 patrocinio
283 2510 529 2574 communimus.
577 2509 773 2588 Statuentes‚
805 2520 841 2574 ut
872 2509 951 2575 nulli
983 2513 1118 2574 omnino
1150 2509 1319 2573 hominurn
1349 2510 1452 2585 liceat,
1486 2509 1570 2573 hanc
1600 2511 1751 2595 paginam

70 2607 185 2661 nostre
201 2597 458 2662 confirmationis
480 2600 654 2684 infringere
669 2611 725 2664 aut
741 2603 769 2665 ei
786 2601 989 2684 aliquatenus
1005 2601 1176 2663 contraire.
1209 2601 1243 2665 Si
1259 2601 1332 2679 quis
1348 2609 1456 2663 autern
1473 2598 1538 2662 hoc
1554 2608 1753 2682 attemptare

69 2687 318 2770 presumpserit,
349 2689 604 2770 indignationem
629 2692 867 2774 omnipotentis
891 2691 944 2753 dei
969 2695 1003 2752 et
1026 2690 1199 2753 beatorum
1224 2688 1310 2752 Petri
1339 2697 1373 2752 et
1396 2688 1494 2762 Pauli,
1524 2689 1751 2771 apostolorum

70 2777 147 2852 eius,
172 2797 209 2840 se
232 2780 359 2840 noverit
382 2780 595 2843 incursurum.
618 2817 661 2826 —
685 2780 760 2843 Dat
783 2779 966 2855 Tusculani,
990 2791 1014 2840 v
1036 2779 1113 2841 Idus
1137 2778 1269 2861 Aprilis.

238 2893 351 2958 ssingere
367 2893 492 2959 Abrclrrr‘st
514 2894 554 2943 des
575 2893 642 2942 Cart.
660 2895 702 2943 del
720 2894 825 2958 capitolo
842 2896 870 2943 di
886 2895 938 2944 San
959 2895 1036 2944 I’ietro
1049 2901 1076 2960 p.
1096 2895 1121 2954 8,
1139 2893 1174 2943 im
1191 2893 1306 2944 Archinio
1324 2892 1351 2941 di
1367 2893 1433 2942 State
1439 2904 1449 2951 ,·
1473 2894 1535 2943 nach
1554 2893 1754 2954 Kalterrbrrmrur

71 2963 277 3014 Pabstrrrkunden
289 2971 317 3029 p.
336 2967 379 3025 46,
398 2965 438 3014 des
455 2966 529 3014 Libro
546 2966 606 3016 delle
622 2968 681 3016 Arre
690 2967 742 3032 fol.
761 2969 777 3016 2
799 2967 858 3028 (mir
873 2967 940 3016 nicht
955 2967 1118 3034 reegdrrglr'et),
1135 2966 1168 3015 im
1185 2965 1299 3016 Archinr'e
1320 2964 1453 3029 captorem
1468 2979 1499 3012 ru
1516 2966 1633 3031 Belogera.

820 3250 888 3327 Nr.
917 3255 1006 3328 309.

68 3383 257 3448 Alexander
269 3383 292 3447 I
290 3383 334 3447 ΙΙ
341 3383 468 3467 befielrlt
481 3383 542 3448 deu
556 3381 764 3449 Kanonikeru
779 3406 840 3448 von
852 3384 954 3449 Santu
967 3385 1081 3449 Maria
1098 3385 1131 3449 iu
1143 3381 1267 3470 Poggr‘o
1280 3383 1457 3468 imperiale
1471 3384 1510 3449 dr'
1520 3383 1666 3466 Firerrre,
1680 3384 1754 3450 dem

71 3473 206 3537 Kloster
220 3493 281 3536 von
297 3473 420 3557 Poggio
437 3473 614 3556 imperiale
628 3473 684 3538 die
698 3475 784 3538 alten
801 3475 1017 3557 Begrlz'bnr'sse
1026 3476 1104 3555 srei
1116 3495 1156 3538 eu
1179 3474 1286 3538 lasseu
1313 3474 1386 3536 und
1404 3473 1459 3538 die
1475 3472 1683 3554 Sonderseste
1698 3475 1755 3539 des

71 3563 222 3627 Klosters
242 3561 333 3625 nicht
355 3560 568 3642 melzufee'eru,
590 3583 628 3626 er
649 3563 741 3627 theut
763 3563 859 3626 ilenen
882 3565 952 3644 ruit,
973 3564 1052 3628 dass
1074 3585 1112 3628 er
1135 3562 1210 3628 dem
1227 3560 1436 3636 Erebuchofe
1462 3583 1523 3625 oon
1539 3562 1675 3627 Floreuz
1700 3561 1755 3628 die

347 3651 501 3733 Aufsiclrt
513 3652 592 3715 iiber
605 3652 660 3717 die
676 3653 897 3736 lunelzaltuug
909 3653 1019 3717 dieser
1042 3651 1223 3733 Vorsclrrr'ft
1232 3650 1375 3738 gegeben
1390 3651 1481 3715 habe.

605 3767 1000 3852 1171—1161Apr2'223.
1040 3765 1225 3832 Tusculum.

235 3902 429 3967 Alexander
457 3903 644 3984 episcopus
677 3923 789 3966 servus
813 3923 981 3967 servorum
1013 3903 1076 3978 dei,
1108 3901 1234 3966 dilectis
1263 3899 1343 3976 tiliis,
1368 3900 1511 3983 plebano
1542 3909 1575 3964 et
1606 3901 1759 3964 fratribus

70 4003 185 4058 sancte
202 3992 306 4057 Marie
329 3992 372 4054 de
388 3992 542 4068 Martura,
566 3991 702 4057 salutem
728 4000 761 4055 et
777 3991 993 4076 apostolicam
1016 3993 1289 4055 benedictionem.
1327 3989 1524 4054 Audivimus
1548 3997 1582 4052 et
1596 3993 1759 4053 veementi

71 4104 185 4147 sumus
210 4083 434 4146 commotione
457 4080 588 4156 turbati,
620 4082 708 4160 quod
740 4102 800 4145 vos
824 4084 1024 4146 monasterio
1048 4081 1151 4144 sancti
1174 4079 1344 4144 Michaelis
1376 4079 1418 4143 de
1442 4080 1587 4143 Martura
1610 4079 1758 4161 antiquas

71 4174 274 4256 sepulturas,
306 4190 387 4251 quas
409 4170 533 4234 habere
556 4170 694 4246 solebat,
717 4170 844 4234 auferre
883 4172 1018 4235 minime
1050 4171 1225 4234 dubitastis
1248 4179 1291 4245 et,
1313 4170 1404 4251 quod
1428 4167 1587 4255 gravi(u)s
1611 4176 1661 4231 est
1684 4177 1759 4232 eta

71 4273 265 4326 sanctorum
289 4269 420 4343 patrum
445 4260 702 4324 institutionibus
726 4261 876 4335 alienum,
899 4259 1087 4325 hominibus
1111 4261 1153 4324 de
1176 4260 1283 4341 burgo
1299 4267 1334 4322 et
1353 4257 1434 4333 aliis,
1457 4257 1530 4321 illuc
1545 4257 1760 4336 venientibus,

71 4353 135 4416 sub
153 4347 474 4414 interminationibus
491 4350 706 4414 anathematis
723 4349 921 4431 proibuistiS,
939 4370 980 4414 ne
995 4352 1037 4415 ad
1055 4351 1274 4434 prescriptum
1292 4350 1527 4412 monasterium
1548 4349 1760 4411 convenirent

73 4463 135 4505 nec
152 4441 277 4504 ibidem
295 4439 452 4521 eligerent
468 4439 680 4522 sepulturam.
706 4440 801 4503 Licet
816 4448 925 4504 autem
941 4461 1040 4523 super
1055 4439 1104 4502 his
1121 4447 1248 4502 nostras
1264 4438 1389 4501 litteras
1405 4457 1510 4518 nuper
1525 4437 1712 4518 receperitis
1725 4435 1760 4524 ⁴),

71 4531 135 4594 hec
160 4539 272 4592 tamen
295 4529 386 4593 iuxta
409 4530 598 4591 mandatum
624 4536 772 4591 nostrum
796 4529 959 4610 corrigere
983 4529 1139 4602 noluistis,
1168 4535 1220 4589 set
1243 4528 1354 4609 potius
1377 4525 1497 4590 exinde
1520 4525 1671 4589 fratribus
1687 4547 1760 4609 pre·

72 4621 190 4702 scripti
222 4619 287 4682 loci
319 4619 484 4694 maiorem,
517 4619 600 4680 sicut
623 4619 722 4699 prius,
754 4618 935 4681 molestiam
968 4618 1144 4698 irrogastis,
1176 4617 1220 4678 ita
1244 4615 1387 4695 quidem,
1421 4616 1512 4697 quod
1543 4622 1657 4678 contra
1687 4637 1761 4698 pro·

73 4709 272 4772 bibitionem
296 4715 440 4770 nostram
466 4707 584 4769 festum
601 4706 699 4770 beate
713 4707 825 4782 Lucie,
848 4707 939 4786 quod
955 4706 1015 4788 ipsi
1032 4705 1154 4768 habent
1170 4706 1364 4787 precipuum
1385 4703 1412 4791 a)
1436 4713 1470 4768 et
1484 4703 1640 4780 solemne,
1657 4726 1762 4787 nuper

73 4799 147 4882 plus
171 4798 271 4861 solito
295 4798 539 4879 presumpsistis
563 4795 767 4859 sollemniter
791 4796 965 4859 celebrare.
1011 4791 1177 4876 Quoniam
1203 4795 1301 4876 igitur
1320 4793 1382 4856 hec
1398 4796 1581 4858 incorrecta
1596 4793 1761 4859 dimittere

74 4888 230 4952 nolumus
254 4906 314 4950 nec
339 4885 509 4960 debemus,
539 4886 731 4948 discretioni
755 4894 862 4948 vestre
886 4906 945 4968 per
968 4883 1153 4967 apostolica
1175 4885 1298 4965 scripta
1322 4883 1535 4965 precipiendo
1568 4883 1761 4946 mandamns

74 4978 163 5040 etin
187 4978 307 5040 virtute
332 4975 522 5038 obedientie
550 4975 756 5057 iniungimus,
790 4977 944 5054 quatinus
973 4975 1123 5054 antiquas
1152 4973 1338 5055 sepulturas
1370 4973 1543 5057 prescripti
1575 4974 1761 5036 monasterii

73 5067 197 5130 liberas
221 5068 283 5149 ipsi
308 5074 341 5128 et
364 5063 541 5140 absolutas
565 5067 653 5126 omni
679 5064 852 5127 occasione
876 5065 1073 5146 postposita,
1097 5063 1277 5137 dimittatis,
1302 5063 1363 5124 nisi
1387 5062 1473 5126 forte
1498 5061 1612 5143 aliquis
1635 5082 1760 5139 eorum,

75 5157 143 5238 quii
168 5155 233 5219 illic
249 5157 399 5237 antiquas
416 5153 599 5235 sepulturas
616 5152 740 5216 habere
756 5161 942 5227 noscuntur,
967 5153 1055 5234 apud
1072 5172 1131 5215 vos
1148 5172 1191 5214 ex
1206 5153 1384 5215 devotione
1402 5149 1536 5234 elegerit
1551 5151 1761 5233 sepulturam,

75 5255 118 5321 et,
134 5246 220 5309 sicut
235 5243 404 5327 publicum
424 5243 632 5305 interdictum
650 5243 766 5305 secisse
783 5243 936 5316 dicimini,
961 5262 1002 5304 ne
1018 5240 1115 5321 aliqui
1132 5243 1319 5306 devotionis
1335 5241 1450 5304 intuitu
1466 5241 1508 5302 ad
1527 5242 1760 5304 monasterium

75 5335 295 5417 prescriptum
319 5331 511 5396 conveniant
535 5331 587 5395 vel
616 5332 741 5395 ibidem
771 5332 893 5413 eligant
924 5330 1142 5414 sepulturam,
1174 5332 1219 5393 ita
1249 5330 1380 5413 publice
1411 5329 1622 5392 interdictum
1653 5331 1762 5413 ipsum

75 5425 209 5507 penitus
232 5423 401 5497 revocetis,
425 5420 616 5503 supradictis
639 5420 828 5484 hominibus
859 5429 1093 5504 proponentes,
1124 5419 1263 5500 qualiter
1292 5419 1431 5483 liberum
1456 5426 1508 5482 est
1537 5419 1594 5495 eis,
1627 5420 1660 5481 in
1690 5440 1764 5502 pre·

75 5515 202 5595 scripto
218 5511 425 5585 monasterio,
441 5510 531 5573 salva
548 5511 667 5574 iustitia
678 5519 786 5573 vestra
802 5513 833 5574 in
847 5518 941 5594 parte
956 5511 1154 5586 testamenti,
1170 5505 1397 5595 sepultura(m)
1414 5510 1485 5571 sine
1500 5508 1763 5575 contradictione

236 5619 423 5626 --—--.-..—-
429 5619 504 5626 .--.-.

239 5647 264 5708 a)
283 5645 409 5709 pcipnum.
428 5683 482 5689 .-
501 5645 537 5709 n)
556 5644 634 5710 Vergl.
653 5643 691 5694 die
706 5643 824 5694 Urkrurde
835 5658 890 5692 vem
907 5645 937 5692 12
951 5641 1085 5692 November
1098 5643 1172 5692 1186.
1246 5645 1273 5710 2)
1296 5642 1389 5709 Gaggr'e
1407 5643 1435 5692 dt
1451 5640 1598 5705 Meutagrra,
1621 5641 1687 5692 com.
1705 5645 1764 5694 neu

76 5716 179 5776 Eur'lr‘a,
195 5724 266 5781 prov.
286 5717 313 5764 di
329 5716 446 5783 Belogna,
464 5715 569 5766 eircoud.
589 5717 616 5765 di
637 5717 745 5783 Vergue,
769 5715 854 5764 urard.
872 5714 900 5763 di
918 5713 1036 5764 Porrecto.
1121 5717 1148 5778 3)
1172 5715 1251 5780 Vergl.
1263 5715 1319 5779 fiir
1335 5715 1373 5764 dir
1391 5713 1444 5764 drer'
1459 5713 1569 5762 eruum
1588 5711 1626 5762 die
1648 5715 1766 5766 Urkrmdr

76 5805 131 5840 verer
151 5793 166 5839 7
185 5789 316 5839 December
332 5789 512 5848 ssot-1169,
530 5787 578 5838 Nr.
599 5790 660 5840 209.
732 5789 760 5853 4)
782 5786 925 5853 Jedenfolls
942 5787 987 5836 dar
1005 5787 1082 5836 Breve
1099 5786 1146 5836 Nr.
1167 5788 1228 5837 ³05.

1505 5863 1564 5930 ³⁶*
