<?xml version="1.0" encoding="UTF-8"?>
<!DOCTYPE html PUBLIC "-//W3C//DTD XHTML 1.0 Transitional//EN"
    "http://www.w3.org/TR/xhtml1/DTD/xhtml1-transitional.dtd">
<html xmlns="http://www.w3.org/1999/xhtml" xml:lang="en" lang="en">
 <head>
  <title>
</title>
<meta http-equiv="Content-Type" content="text/html;charset=utf-8" />
  <meta name='ocr-system' content='tesseract 3.04.00' />
  <meta name='ocr-capabilities' content='ocr_page ocr_carea ocr_par ocr_line ocrx_word'/>
</head>
<body>
  <div class='ocr_page' id='page_1' title='image "./actapontificumr00hargoog_0145.png"; bbox 0 0 4126 6356; ppageno 0'>
   <div class='ocr_carea' id='block_1_1' title="bbox 1682 365 1741 428">
    <p class='ocr_par' dir='ltr' id='par_1_1' title="bbox 1682 365 1741 428">
     <span class='ocr_line' id='line_1_1' title="bbox 1682 365 1741 428; baseline 0 0"><span class='ocrx_word' id='word_1_1' title='bbox 1682 365 1741 428; x_wconf 83' lang='lat'>133</span> 
     </span>
    </p>
   </div>
   <div class='ocr_carea' id='block_1_2' title="bbox 82 531 1749 2488">
    <p class='ocr_par' dir='ltr' id='par_1_2' title="bbox 82 531 1746 1400">
     <span class='ocr_line' id='line_1_2' title="bbox 83 531 1743 618; baseline 0.002 -24"><span class='ocrx_word' id='word_1_2' title='bbox 83 532 140 595; x_wconf 90' lang='lat' dir='ltr'>sub</span> <span class='ocrx_word' id='word_1_3' title='bbox 169 531 258 594; x_wconf 87' lang='lat' dir='ltr'>beati</span> <span class='ocrx_word' id='word_1_4' title='bbox 281 531 367 596; x_wconf 87' lang='lat' dir='ltr'>Petri</span> <span class='ocrx_word' id='word_1_5' title='bbox 398 537 433 592; x_wconf 92' lang='lat' dir='ltr'>et</span> <span class='ocrx_word' id='word_1_6' title='bbox 462 536 573 593; x_wconf 92' lang='lat' dir='ltr'>nostra</span> <span class='ocrx_word' id='word_1_7' title='bbox 603 532 810 611; x_wconf 88' lang='lat' dir='ltr'>protectione</span> <span class='ocrx_word' id='word_1_8' title='bbox 837 533 1032 615; x_wconf 88' lang='lat' dir='ltr'>suscipimus</span> <span class='ocrx_word' id='word_1_9' title='bbox 1061 542 1095 596; x_wconf 91' lang='lat' dir='ltr'>et</span> <span class='ocrx_word' id='word_1_10' title='bbox 1127 535 1286 616; x_wconf 91' lang='lat' dir='ltr'>presentis</span> <span class='ocrx_word' id='word_1_11' title='bbox 1317 534 1428 616; x_wconf 89' lang='lat' dir='ltr'>scripti</span> <span class='ocrx_word' id='word_1_12' title='bbox 1458 535 1626 618; x_wconf 85' lang='lat' dir='ltr'>privilegio</span> <span class='ocrx_word' id='word_1_13' title='bbox 1656 555 1743 598; x_wconf 92' lang='lat' dir='ltr'>com·</span> 
     </span>
     <span class='ocr_line' id='line_1_3' title="bbox 84 617 1745 704; baseline 0.002 -20"><span class='ocrx_word' id='word_1_14' title='bbox 84 622 247 684; x_wconf 89' lang='lat' dir='ltr'>munimus.</span> <span class='ocrx_word' id='word_1_15' title='bbox 293 617 490 695; x_wconf 88' lang='lat' dir='ltr'>Statuentes,</span> <span class='ocrx_word' id='word_1_16' title='bbox 521 627 556 682; x_wconf 93' lang='lat' dir='ltr'>ut</span> <span class='ocrx_word' id='word_1_17' title='bbox 587 639 810 702; x_wconf 89' lang='lat' dir='ltr'>quascumque</span> <span class='ocrx_word' id='word_1_18' title='bbox 841 622 1073 702; x_wconf 90' lang='lat' dir='ltr'>possessiones,</span> <span class='ocrx_word' id='word_1_19' title='bbox 1103 641 1330 704; x_wconf 89' lang='lat' dir='ltr'>quaecumque</span> <span class='ocrx_word' id='word_1_20' title='bbox 1357 625 1444 687; x_wconf 89' lang='lat' dir='ltr'>bona</span> <span class='ocrx_word' id='word_1_21' title='bbox 1467 626 1583 687; x_wconf 89' lang='lat' dir='ltr'>eadem</span> <span class='ocrx_word' id='word_1_22' title='bbox 1606 624 1745 689; x_wconf 90' lang='lat' dir='ltr'>ecclesia</span> 
     </span>
     <span class='ocr_line' id='line_1_4' title="bbox 83 708 1744 796; baseline 0.002 -22"><span class='ocrx_word' id='word_1_23' title='bbox 83 713 112 774; x_wconf 88' lang='lat' dir='ltr'>in</span> <span class='ocrx_word' id='word_1_24' title='bbox 140 711 376 792; x_wconf 86' lang='lat' dir='ltr'>presentiarum</span> <span class='ocrx_word' id='word_1_25' title='bbox 408 708 491 771; x_wconf 88' lang='lat' dir='ltr'>iuste</span> <span class='ocrx_word' id='word_1_26' title='bbox 521 715 555 771; x_wconf 91' lang='lat' dir='ltr'>et</span> <span class='ocrx_word' id='word_1_27' title='bbox 585 711 741 772; x_wconf 91' lang='lat' dir='ltr'>canonice</span> <span class='ocrx_word' id='word_1_28' title='bbox 772 711 933 791; x_wconf 89' lang='lat' dir='ltr'>possidet,</span> <span class='ocrx_word' id='word_1_29' title='bbox 973 720 1027 775; x_wconf 92' lang='lat' dir='ltr'>aut</span> <span class='ocrx_word' id='word_1_30' title='bbox 1066 713 1097 774; x_wconf 91' lang='lat' dir='ltr'>in</span> <span class='ocrx_word' id='word_1_31' title='bbox 1125 711 1268 776; x_wconf 78' lang='lat' dir='ltr'>futurum</span> <span class='ocrx_word' id='word_1_32' title='bbox 1300 715 1510 777; x_wconf 84' lang='lat' dir='ltr'>concessione</span> <span class='ocrx_word' id='word_1_33' title='bbox 1544 714 1744 796; x_wconf 86' lang='lat' dir='ltr'>pontificum,</span> 
     </span>
     <span class='ocr_line' id='line_1_5' title="bbox 82 797 1744 886; baseline 0.002 -23"><span class='ocrx_word' id='word_1_34' title='bbox 82 799 249 881; x_wconf 86' lang='lat' dir='ltr'>largitione</span> <span class='ocrx_word' id='word_1_35' title='bbox 272 819 385 881; x_wconf 91' lang='lat' dir='ltr'>regum</span> <span class='ocrx_word' id='word_1_36' title='bbox 408 797 460 860; x_wconf 95' lang='lat' dir='ltr'>vel</span> <span class='ocrx_word' id='word_1_37' title='bbox 490 797 681 880; x_wconf 88' lang='lat' dir='ltr'>principum,</span> <span class='ocrx_word' id='word_1_38' title='bbox 712 798 880 862; x_wconf 91' lang='lat' dir='ltr'>oblatione</span> <span class='ocrx_word' id='word_1_39' title='bbox 904 800 1048 864; x_wconf 87' lang='lat' dir='ltr'>fidelium</span> <span class='ocrx_word' id='word_1_40' title='bbox 1072 821 1128 862; x_wconf 92' lang='lat' dir='ltr'>seu</span> <span class='ocrx_word' id='word_1_41' title='bbox 1152 801 1220 863; x_wconf 91' lang='lat' dir='ltr'>aliis</span> <span class='ocrx_word' id='word_1_42' title='bbox 1244 804 1335 865; x_wconf 92' lang='lat' dir='ltr'>iustis</span> <span class='ocrx_word' id='word_1_43' title='bbox 1363 804 1470 865; x_wconf 92' lang='lat' dir='ltr'>modis</span> <span class='ocrx_word' id='word_1_44' title='bbox 1502 804 1567 866; x_wconf 92' lang='lat' dir='ltr'>deo</span> <span class='ocrx_word' id='word_1_45' title='bbox 1598 806 1744 886; x_wconf 90' lang='lat' dir='ltr'>propitio</span> 
     </span>
     <span class='ocr_line' id='line_1_6' title="bbox 83 886 1743 974; baseline 0.002 -22"><span class='ocrx_word' id='word_1_46' title='bbox 83 891 198 971; x_wconf 87' lang='lat' dir='ltr'>poterit</span> <span class='ocrx_word' id='word_1_47' title='bbox 239 887 392 970; x_wconf 87' lang='lat' dir='ltr'>adipisci,</span> <span class='ocrx_word' id='word_1_48' title='bbox 432 886 525 950; x_wconf 86' lang='lat' dir='ltr'>firma</span> <span class='ocrx_word' id='word_1_49' title='bbox 559 887 618 950; x_wconf 92' lang='lat' dir='ltr'>tibi</span> <span class='ocrx_word' id='word_1_50' title='bbox 648 889 778 967; x_wconf 90' lang='lat' dir='ltr'>tuisque</span> <span class='ocrx_word' id='word_1_51' title='bbox 808 890 1048 952; x_wconf 90' lang='lat' dir='ltr'>successoribus</span> <span class='ocrx_word' id='word_1_52' title='bbox 1080 897 1114 952; x_wconf 92' lang='lat' dir='ltr'>et</span> <span class='ocrx_word' id='word_1_53' title='bbox 1142 889 1264 953; x_wconf 91' lang='lat' dir='ltr'>illibata</span> <span class='ocrx_word' id='word_1_54' title='bbox 1295 900 1521 974; x_wconf 83' lang='lat' dir='ltr'>permaneant3</span> <span class='ocrx_word' id='word_1_55' title='bbox 1561 893 1592 954; x_wconf 95' lang='lat' dir='ltr'>in</span> <span class='ocrx_word' id='word_1_56' title='bbox 1625 893 1743 974; x_wconf 92' lang='lat' dir='ltr'>quibus</span> 
     </span>
     <span class='ocr_line' id='line_1_7' title="bbox 84 975 1746 1062; baseline 0.003 -22"><span class='ocrx_word' id='word_1_57' title='bbox 84 979 249 1042; x_wconf 88' lang='lat' dir='ltr'>ecclesiam</span> <span class='ocrx_word' id='word_1_58' title='bbox 272 977 375 1040; x_wconf 90' lang='lat' dir='ltr'>sancti</span> <span class='ocrx_word' id='word_1_59' title='bbox 397 975 549 1039; x_wconf 89' lang='lat' dir='ltr'>Nichoiai</span> <span class='ocrx_word' id='word_1_60' title='bbox 573 997 646 1039; x_wconf 92' lang='lat' dir='ltr'>cum</span> <span class='ocrx_word' id='word_1_61' title='bbox 672 978 821 1040; x_wconf 88' lang='lat' dir='ltr'>omnibus</span> <span class='ocrx_word' id='word_1_62' title='bbox 844 980 1048 1061; x_wconf 86' lang='lat' dir='ltr'>pertinentiis</span> <span class='ocrx_word' id='word_1_63' title='bbox 1076 980 1140 1041; x_wconf 90' lang='lat' dir='ltr'>suis</span> <span class='ocrx_word' id='word_1_64' title='bbox 1171 981 1307 1062; x_wconf 92' lang='lat' dir='ltr'>proprio</span> <span class='ocrx_word' id='word_1_65' title='bbox 1330 980 1491 1043; x_wconf 91' lang='lat' dir='ltr'>vocabulo</span> <span class='ocrx_word' id='word_1_66' title='bbox 1514 982 1667 1045; x_wconf 87' lang='lat' dir='ltr'>duximus</span> <span class='ocrx_word' id='word_1_67' title='bbox 1690 1003 1746 1046; x_wconf 86' lang='lat' dir='ltr'>ex·</span> 
     </span>
     <span class='ocr_line' id='line_1_8' title="bbox 84 1066 1744 1151; baseline 0.002 -20"><span class='ocrx_word' id='word_1_68' title='bbox 84 1068 293 1150; x_wconf 90' lang='lat' dir='ltr'>primendam.</span> <span class='ocrx_word' id='word_1_69' title='bbox 347 1066 561 1129; x_wconf 90' lang='lat' dir='ltr'>Decernimus</span> <span class='ocrx_word' id='word_1_70' title='bbox 591 1085 678 1148; x_wconf 89' lang='lat' dir='ltr'>ergo,</span> <span class='ocrx_word' id='word_1_71' title='bbox 709 1073 744 1127; x_wconf 90' lang='lat' dir='ltr'>ut</span> <span class='ocrx_word' id='word_1_72' title='bbox 775 1066 853 1129; x_wconf 93' lang='lat' dir='ltr'>nulli</span> <span class='ocrx_word' id='word_1_73' title='bbox 887 1071 1020 1131; x_wconf 90' lang='lat' dir='ltr'>omnino</span> <span class='ocrx_word' id='word_1_74' title='bbox 1049 1067 1219 1131; x_wconf 90' lang='lat' dir='ltr'>hominum</span> <span class='ocrx_word' id='word_1_75' title='bbox 1251 1069 1353 1144; x_wconf 90' lang='lat' dir='ltr'>liceat,</span> <span class='ocrx_word' id='word_1_76' title='bbox 1384 1069 1544 1151; x_wconf 83' lang='lat' dir='ltr'>prefatam</span> <span class='ocrx_word' id='word_1_77' title='bbox 1575 1070 1744 1135; x_wconf 89' lang='lat' dir='ltr'>ecclesiam</span> 
     </span>
     <span class='ocr_line' id='line_1_9' title="bbox 83 1155 1745 1241; baseline 0.004 -23"><span class='ocrx_word' id='word_1_78' title='bbox 83 1164 134 1220; x_wconf 91' lang='lat' dir='ltr'>aut</span> <span class='ocrx_word' id='word_1_79' title='bbox 149 1157 237 1222; x_wconf 93' lang='lat' dir='ltr'>bona</span> <span class='ocrx_word' id='word_1_80' title='bbox 252 1157 352 1238; x_wconf 91' lang='lat' dir='ltr'>ipsius</span> <span class='ocrx_word' id='word_1_81' title='bbox 375 1162 500 1218; x_wconf 91' lang='lat' dir='ltr'>temere</span> <span class='ocrx_word' id='word_1_82' title='bbox 517 1204 523 1217; x_wconf 93' lang='lat'>.</span> <span class='ocrx_word' id='word_1_83' title='bbox 540 1202 548 1217; x_wconf 90' lang='lat'>.</span> <span class='ocrx_word' id='word_1_84' title='bbox 566 1205 572 1218; x_wconf 96' lang='lat'>.</span> <span class='ocrx_word' id='word_1_85' title='bbox 589 1155 702 1218; x_wconf 90' lang='lat' dir='ltr'>usibus</span> <span class='ocrx_word' id='word_1_86' title='bbox 717 1156 915 1219; x_wconf 91' lang='lat' dir='ltr'>omnimodis</span> <span class='ocrx_word' id='word_1_87' title='bbox 931 1157 1107 1238; x_wconf 78' lang='lat' dir='ltr'>profutura,</span> <span class='ocrx_word' id='word_1_88' title='bbox 1130 1157 1218 1221; x_wconf 88' lang='lat' dir='ltr'>salva</span> <span class='ocrx_word' id='word_1_89' title='bbox 1239 1159 1325 1221; x_wconf 91' lang='lat' dir='ltr'>sedis</span> <span class='ocrx_word' id='word_1_90' title='bbox 1349 1160 1530 1241; x_wconf 91' lang='lat' dir='ltr'>apostolice</span> <span class='ocrx_word' id='word_1_91' title='bbox 1551 1163 1745 1224; x_wconf 91' lang='lat' dir='ltr'>auctoritate</span> 
     </span>
     <span class='ocr_line' id='line_1_10' title="bbox 82 1241 1745 1397; baseline 0.001 -87"><span class='ocrx_word' id='word_1_92' title='bbox 82 1254 113 1397; x_wconf 50' lang='lat' dir='ltr'>gt</span> <span class='ocrx_word' id='word_1_93' title='bbox 137 1247 302 1310; x_wconf 83' lang='lat' dir='ltr'>diocesani</span> <span class='ocrx_word' id='word_1_94' title='bbox 326 1247 475 1328; x_wconf 89' lang='lat' dir='ltr'>episcopi</span> <span class='ocrx_word' id='word_1_95' title='bbox 499 1247 659 1308; x_wconf 90' lang='lat' dir='ltr'>canonica</span> <span class='ocrx_word' id='word_1_96' title='bbox 682 1241 839 1332; x_wconf 86' lang='lat' dir='ltr'>iusti[cia].</span> <span class='ocrx_word' id='word_1_97' title='bbox 885 1243 919 1308; x_wconf 91' lang='lat' dir='ltr'>Si</span> <span class='ocrx_word' id='word_1_98' title='bbox 941 1266 1007 1326; x_wconf 89' lang='lat' dir='ltr'>qua</span> <span class='ocrx_word' id='word_1_99' title='bbox 1028 1247 1125 1329; x_wconf 87' lang='lat' dir='ltr'>igitur</span> <span class='ocrx_word' id='word_1_100' title='bbox 1147 1294 1154 1308; x_wconf 88' lang='lat'>.</span> <span class='ocrx_word' id='word_1_101' title='bbox 1179 1295 1186 1308; x_wconf 91' lang='lat'>.</span> <span class='ocrx_word' id='word_1_102' title='bbox 1210 1295 1217 1309; x_wconf 95' lang='lat'>.</span> <span class='ocrx_word' id='word_1_103' title='bbox 1241 1245 1374 1311; x_wconf 88' lang='lat' dir='ltr'>Cunctis</span> <span class='ocrx_word' id='word_1_104' title='bbox 1398 1257 1508 1312; x_wconf 90' lang='lat' dir='ltr'>autem</span> <span class='ocrx_word' id='word_1_105' title='bbox 1532 1298 1539 1312; x_wconf 91' lang='lat'>.</span> <span class='ocrx_word' id='word_1_106' title='bbox 1564 1301 1570 1313; x_wconf 94' lang='lat'>.</span> <span class='ocrx_word' id='word_1_107' title='bbox 1596 1297 1603 1312; x_wconf 92' lang='lat'>.</span> <span class='ocrx_word' id='word_1_108' title='bbox 1627 1251 1745 1313; x_wconf 90' lang='lat' dir='ltr'>Amen.</span> 
     </span>
     <span class='ocr_line' id='line_1_11' title="bbox 113 1356 234 1400; baseline 0.017 -18"><span class='ocrx_word' id='word_1_109' title='bbox 113 1356 167 1400; x_wconf 61' lang='lat' dir='ltr'>um·</span> <span class='ocrx_word' id='word_1_110' title='bbox 194 1371 234 1384; x_wconf 75' lang='grc' dir='ltr'>ι-</span> 
     </span>
    </p>

    <p class='ocr_par' dir='ltr' id='par_1_3' title="bbox 289 1420 1354 1511">
     <span class='ocr_line' id='line_1_12' title="bbox 289 1420 1354 1511; baseline 0.004 -26"><span class='ocrx_word' id='word_1_111' title='bbox 289 1423 344 1506; x_wconf 87' lang='lat' dir='ltr'>(R)</span> <span class='ocrx_word' id='word_1_112' title='bbox 367 1423 441 1504; x_wconf 88' lang='lat' dir='ltr'>Ego</span> <span class='ocrx_word' id='word_1_113' title='bbox 464 1422 661 1486; x_wconf 87' lang='lat' dir='ltr'>Anastasius</span> <span class='ocrx_word' id='word_1_114' title='bbox 684 1420 845 1507; x_wconf 72' lang='lat' dir='ltr'>catholice</span> <span class='ocrx_word' id='word_1_115' title='bbox 869 1423 1005 1511; x_wconf 75' lang='lat' dir='ltr'>ecclesie</span> <span class='ocrx_word' id='word_1_116' title='bbox 1028 1425 1204 1508; x_wconf 90' lang='lat' dir='ltr'>episcopus</span> <span class='ocrx_word' id='word_1_117' title='bbox 1228 1445 1269 1489; x_wconf 89' lang='lat' dir='ltr'>ss.</span> <span class='ocrx_word' id='word_1_118' title='bbox 1293 1426 1354 1508; x_wconf 85' lang='lat' dir='ltr'>(M)</span> 
     </span>
    </p>

    <p class='ocr_par' dir='ltr' id='par_1_4' title="bbox 288 1511 1139 1597">
     <span class='ocr_line' id='line_1_13' title="bbox 288 1511 1139 1597; baseline 0.006 -24"><span class='ocrx_word' id='word_1_119' title='bbox 288 1548 333 1560; x_wconf 90' lang='lat'>--</span> <span class='ocrx_word' id='word_1_120' title='bbox 356 1514 378 1593; x_wconf 89' lang='lat'><strong>†</strong></span> <span class='ocrx_word' id='word_1_121' title='bbox 399 1514 473 1594; x_wconf 84' lang='lat' dir='ltr'>Ego</span> <span class='ocrx_word' id='word_1_122' title='bbox 497 1511 649 1574; x_wconf 91' lang='lat' dir='ltr'>Himarus</span> <span class='ocrx_word' id='word_1_123' title='bbox 673 1511 875 1575; x_wconf 89' lang='lat' dir='ltr'>Tusculanus</span> <span class='ocrx_word' id='word_1_124' title='bbox 898 1515 1074 1597; x_wconf 91' lang='lat' dir='ltr'>episcopus</span> <span class='ocrx_word' id='word_1_125' title='bbox 1098 1535 1139 1578; x_wconf 91' lang='lat' dir='ltr'>ss.</span> 
     </span>
    </p>

    <p class='ocr_par' dir='ltr' id='par_1_5' title="bbox 288 1598 954 1685">
     <span class='ocr_line' id='line_1_14' title="bbox 288 1598 954 1685; baseline -0.002 -21"><span class='ocrx_word' id='word_1_126' title='bbox 288 1604 310 1683; x_wconf 89' lang='lat'><strong>†</strong></span> <span class='ocrx_word' id='word_1_127' title='bbox 332 1603 406 1685; x_wconf 89' lang='lat' dir='ltr'>Ego</span> <span class='ocrx_word' id='word_1_128' title='bbox 429 1601 506 1684; x_wconf 90' lang='lat' dir='ltr'>Ugo</span> <span class='ocrx_word' id='word_1_129' title='bbox 531 1598 692 1664; x_wconf 90' lang='lat' dir='ltr'>Ostiensis</span> <span class='ocrx_word' id='word_1_130' title='bbox 716 1601 891 1683; x_wconf 91' lang='lat' dir='ltr'>episcopus</span> <span class='ocrx_word' id='word_1_131' title='bbox 913 1621 954 1663; x_wconf 92' lang='lat' dir='ltr'>ss.</span> 
     </span>
    </p>

    <p class='ocr_par' dir='ltr' id='par_1_6' title="bbox 291 1690 1452 1774">
     <span class='ocr_line' id='line_1_15' title="bbox 291 1690 1452 1774; baseline 0.001 -20"><span class='ocrx_word' id='word_1_132' title='bbox 291 1727 330 1737; x_wconf 89' lang='lat'>—</span> <span class='ocrx_word' id='word_1_133' title='bbox 354 1692 375 1773; x_wconf 87' lang='lat'><strong>†</strong></span> <span class='ocrx_word' id='word_1_134' title='bbox 398 1692 471 1774; x_wconf 86' lang='lat' dir='ltr'>Ego</span> <span class='ocrx_word' id='word_1_135' title='bbox 494 1690 673 1772; x_wconf 88' lang='lat' dir='ltr'>Gregorius</span> <span class='ocrx_word' id='word_1_136' title='bbox 696 1691 856 1773; x_wconf 89' lang='lat' dir='ltr'>presbiter</span> <span class='ocrx_word' id='word_1_137' title='bbox 879 1691 1051 1755; x_wconf 86' lang='lat' dir='ltr'>cardinalis</span> <span class='ocrx_word' id='word_1_138' title='bbox 1073 1693 1122 1754; x_wconf 91' lang='lat' dir='ltr'>tit.</span> <span class='ocrx_word' id='word_1_139' title='bbox 1147 1693 1249 1755; x_wconf 91' lang='lat' dir='ltr'>sancti</span> <span class='ocrx_word' id='word_1_140' title='bbox 1272 1692 1389 1756; x_wconf 86' lang='lat' dir='ltr'>Calixti</span> <span class='ocrx_word' id='word_1_141' title='bbox 1411 1712 1452 1755; x_wconf 91' lang='lat' dir='ltr'>ss.</span> 
     </span>
    </p>

    <p class='ocr_par' dir='ltr' id='par_1_7' title="bbox 289 1779 1428 1870">
     <span class='ocr_line' id='line_1_16' title="bbox 289 1779 1428 1870; baseline 0.001 -27"><span class='ocrx_word' id='word_1_142' title='bbox 289 1783 310 1862; x_wconf 89' lang='lat'>†</span> <span class='ocrx_word' id='word_1_143' title='bbox 332 1782 406 1863; x_wconf 88' lang='lat' dir='ltr'>Ego</span> <span class='ocrx_word' id='word_1_144' title='bbox 430 1779 630 1844; x_wconf 91' lang='lat' dir='ltr'>Octavianus</span> <span class='ocrx_word' id='word_1_145' title='bbox 654 1780 819 1862; x_wconf 87' lang='lat' dir='ltr'>presbiter</span> <span class='ocrx_word' id='word_1_146' title='bbox 841 1781 1013 1844; x_wconf 83' lang='lat' dir='ltr'>cardinalis</span> <span class='ocrx_word' id='word_1_147' title='bbox 1036 1782 1084 1844; x_wconf 92' lang='lat' dir='ltr'>tit.</span> <span class='ocrx_word' id='word_1_148' title='bbox 1107 1789 1218 1868; x_wconf 73' lang='lat' dir='ltr'>sancte</span> <span class='ocrx_word' id='word_1_149' title='bbox 1243 1781 1364 1870; x_wconf 71' lang='lat' dir='ltr'>Cecilie</span> <span class='ocrx_word' id='word_1_150' title='bbox 1387 1802 1428 1844; x_wconf 90' lang='lat' dir='ltr'>ss.</span> 
     </span>
    </p>

    <p class='ocr_par' dir='ltr' id='par_1_8' title="bbox 287 1869 1652 1952">
     <span class='ocr_line' id='line_1_17' title="bbox 287 1869 1652 1952; baseline 0.002 -21"><span class='ocrx_word' id='word_1_151' title='bbox 287 1869 309 1951; x_wconf 93' lang='lat'>†</span> <span class='ocrx_word' id='word_1_152' title='bbox 332 1869 404 1952; x_wconf 87' lang='lat' dir='ltr'>Ego</span> <span class='ocrx_word' id='word_1_153' title='bbox 428 1869 588 1934; x_wconf 88' lang='lat' dir='ltr'>Hemicus</span> <span class='ocrx_word' id='word_1_154' title='bbox 611 1870 773 1951; x_wconf 89' lang='lat' dir='ltr'>presbiter</span> <span class='ocrx_word' id='word_1_155' title='bbox 796 1869 967 1933; x_wconf 90' lang='lat' dir='ltr'>cardinalis</span> <span class='ocrx_word' id='word_1_156' title='bbox 990 1872 1038 1933; x_wconf 86' lang='lat' dir='ltr'>tit</span> <span class='ocrx_word' id='word_1_157' title='bbox 1061 1879 1247 1934; x_wconf 89' lang='lat' dir='ltr'>sanctorum</span> <span class='ocrx_word' id='word_1_158' title='bbox 1270 1871 1369 1935; x_wconf 88' lang='lat' dir='ltr'>Nerei</span> <span class='ocrx_word' id='word_1_159' title='bbox 1393 1879 1427 1933; x_wconf 92' lang='lat' dir='ltr'>et</span> <span class='ocrx_word' id='word_1_160' title='bbox 1449 1869 1588 1934; x_wconf 90' lang='lat' dir='ltr'>Achillei</span> <span class='ocrx_word' id='word_1_161' title='bbox 1610 1891 1652 1934; x_wconf 92' lang='lat' dir='ltr'>ss.</span> 
     </span>
    </p>

    <p class='ocr_par' dir='ltr' id='par_1_9' title="bbox 288 1956 1747 2047">
     <span class='ocr_line' id='line_1_18' title="bbox 288 1956 1747 2047; baseline 0.001 -26"><span class='ocrx_word' id='word_1_162' title='bbox 288 1995 332 2005; x_wconf 95' lang='lat'>—</span> <span class='ocrx_word' id='word_1_163' title='bbox 354 1961 374 2042; x_wconf 96' lang='lat'><strong>†</strong></span> <span class='ocrx_word' id='word_1_164' title='bbox 397 1958 471 2042; x_wconf 88' lang='lat' dir='ltr'>Ego</span> <span class='ocrx_word' id='word_1_165' title='bbox 496 1956 597 2021; x_wconf 93' lang='lat' dir='ltr'>Oddo</span> <span class='ocrx_word' id='word_1_166' title='bbox 628 1958 784 2022; x_wconf 90' lang='lat' dir='ltr'>diaconus</span> <span class='ocrx_word' id='word_1_167' title='bbox 814 1959 986 2022; x_wconf 88' lang='lat' dir='ltr'>cardinalis</span> <span class='ocrx_word' id='word_1_168' title='bbox 1017 1962 1122 2023; x_wconf 90' lang='lat' dir='ltr'>sancti</span> <span class='ocrx_word' id='word_1_169' title='bbox 1147 1958 1281 2042; x_wconf 88' lang='lat' dir='ltr'>Georgii</span> <span class='ocrx_word' id='word_1_170' title='bbox 1314 1957 1368 2046; x_wconf 88' lang='lat' dir='ltr'>[ad</span> <span class='ocrx_word' id='word_1_171' title='bbox 1389 1960 1509 2023; x_wconf 93' lang='lat' dir='ltr'>Velum</span> <span class='ocrx_word' id='word_1_172' title='bbox 1536 1957 1682 2047; x_wconf 88' lang='lat' dir='ltr'>aureum]</span> <span class='ocrx_word' id='word_1_173' title='bbox 1706 1980 1747 2023; x_wconf 92' lang='lat' dir='ltr'>ss.</span> 
     </span>
    </p>

    <p class='ocr_par' dir='ltr' id='par_1_10' title="bbox 288 2044 1497 2135">
     <span class='ocr_line' id='line_1_19' title="bbox 288 2044 1497 2135; baseline -0.001 -23"><span class='ocrx_word' id='word_1_174' title='bbox 288 2051 309 2132; x_wconf 90' lang='lat'>†</span> <span class='ocrx_word' id='word_1_175' title='bbox 332 2049 406 2130; x_wconf 90' lang='lat' dir='ltr'>Ego</span> <span class='ocrx_word' id='word_1_176' title='bbox 431 2044 550 2135; x_wconf 88' lang='lat' dir='ltr'>G[uido</span> <span class='ocrx_word' id='word_1_177' title='bbox 573 2044 743 2134; x_wconf 85' lang='lat' dir='ltr'>diaconus]</span> <span class='ocrx_word' id='word_1_178' title='bbox 767 2048 937 2111; x_wconf 91' lang='lat' dir='ltr'>cardinalis</span> <span class='ocrx_word' id='word_1_179' title='bbox 961 2057 1073 2134; x_wconf 71' lang='lat' dir='ltr'>sancte</span> <span class='ocrx_word' id='word_1_180' title='bbox 1097 2046 1212 2135; x_wconf 76' lang='lat' dir='ltr'>Ma[rie</span> <span class='ocrx_word' id='word_1_181' title='bbox 1237 2052 1268 2112; x_wconf 93' lang='lat' dir='ltr'>in</span> <span class='ocrx_word' id='word_1_182' title='bbox 1291 2046 1432 2134; x_wconf 87' lang='lat' dir='ltr'>Porticu]</span> <span class='ocrx_word' id='word_1_183' title='bbox 1457 2069 1497 2111; x_wconf 87' lang='lat' dir='ltr'>ss.</span> 
     </span>
    </p>

    <p class='ocr_par' dir='ltr' id='par_1_11' title="bbox 288 2133 1552 2227">
     <span class='ocr_line' id='line_1_20' title="bbox 288 2133 1552 2227; baseline 0 -26"><span class='ocrx_word' id='word_1_184' title='bbox 288 2139 308 2224; x_wconf 90' lang='lat'><em>†</em></span> <span class='ocrx_word' id='word_1_185' title='bbox 331 2138 405 2220; x_wconf 87' lang='lat' dir='ltr'>Ego</span> <span class='ocrx_word' id='word_1_186' title='bbox 428 2133 619 2222; x_wconf 86' lang='lat' dir='ltr'>[Gerardus]</span> <span class='ocrx_word' id='word_1_187' title='bbox 643 2137 801 2200; x_wconf 90' lang='lat' dir='ltr'>diaconus</span> <span class='ocrx_word' id='word_1_188' title='bbox 826 2137 997 2201; x_wconf 87' lang='lat' dir='ltr'>cardinalis</span> <span class='ocrx_word' id='word_1_189' title='bbox 1020 2146 1133 2202; x_wconf 90' lang='lat' dir='ltr'>sancte</span> <span class='ocrx_word' id='word_1_190' title='bbox 1157 2138 1259 2227; x_wconf 71' lang='lat' dir='ltr'>Marie</span> <span class='ocrx_word' id='word_1_191' title='bbox 1282 2141 1314 2201; x_wconf 91' lang='lat' dir='ltr'>in</span> <span class='ocrx_word' id='word_1_192' title='bbox 1336 2140 1400 2202; x_wconf 88' lang='lat' dir='ltr'>Via</span> <span class='ocrx_word' id='word_1_193' title='bbox 1423 2138 1488 2202; x_wconf 89' lang='lat' dir='ltr'>lata</span> <span class='ocrx_word' id='word_1_194' title='bbox 1511 2159 1552 2201; x_wconf 90' lang='lat' dir='ltr'>ss.</span> 
     </span>
    </p>

    <p class='ocr_par' dir='ltr' id='par_1_12' title="bbox 233 2225 1748 2316">
     <span class='ocr_line' id='line_1_21' title="bbox 233 2225 1748 2316; baseline 0.001 -27"><span class='ocrx_word' id='word_1_195' title='bbox 233 2227 312 2290; x_wconf 89' lang='lat' dir='ltr'>Dat.</span> <span class='ocrx_word' id='word_1_196' title='bbox 327 2227 491 2302; x_wconf 87' lang='lat' dir='ltr'>Laterani,</span> <span class='ocrx_word' id='word_1_197' title='bbox 515 2247 575 2308; x_wconf 89' lang='lat' dir='ltr'>per</span> <span class='ocrx_word' id='word_1_198' title='bbox 597 2247 729 2290; x_wconf 91' lang='lat' dir='ltr'>manum</span> <span class='ocrx_word' id='word_1_199' title='bbox 745 2225 895 2303; x_wconf 87' lang='lat' dir='ltr'>Rolandi,</span> <span class='ocrx_word' id='word_1_200' title='bbox 917 2236 1030 2316; x_wconf 72' lang='lat' dir='ltr'>sancte</span> <span class='ocrx_word' id='word_1_201' title='bbox 1051 2227 1200 2309; x_wconf 75' lang='lat' dir='ltr'>Romane</span> <span class='ocrx_word' id='word_1_202' title='bbox 1224 2228 1360 2312; x_wconf 75' lang='lat' dir='ltr'>ecclesie</span> <span class='ocrx_word' id='word_1_203' title='bbox 1382 2228 1554 2311; x_wconf 91' lang='lat' dir='ltr'>presbiteri</span> <span class='ocrx_word' id='word_1_204' title='bbox 1577 2228 1748 2292; x_wconf 88' lang='lat' dir='ltr'>cardinalis</span> 
     </span>
    </p>

    <p class='ocr_par' dir='ltr' id='par_1_13' title="bbox 82 2315 1749 2488">
     <span class='ocr_line' id='line_1_22' title="bbox 83 2315 1749 2403; baseline 0.002 -26"><span class='ocrx_word' id='word_1_205' title='bbox 83 2322 112 2378; x_wconf 88' lang='lat' dir='ltr'>et</span> <span class='ocrx_word' id='word_1_206' title='bbox 132 2315 326 2380; x_wconf 86' lang='lat' dir='ltr'>cancellarii.</span> <span class='ocrx_word' id='word_1_207' title='bbox 371 2331 436 2380; x_wconf 86' lang='lat' dir='ltr'>x111</span> <span class='ocrx_word' id='word_1_208' title='bbox 458 2316 511 2379; x_wconf 90' lang='lat' dir='ltr'>Kl.</span> <span class='ocrx_word' id='word_1_209' title='bbox 533 2316 599 2378; x_wconf 89' lang='lat' dir='ltr'>Ian.</span> <span class='ocrx_word' id='word_1_210' title='bbox 645 2317 828 2380; x_wconf 90' lang='lat' dir='ltr'>Indictione</span> <span class='ocrx_word' id='word_1_211' title='bbox 850 2331 885 2380; x_wconf 91' lang='lat'>11.</span> <span class='ocrx_word' id='word_1_212' title='bbox 930 2317 1160 2381; x_wconf 90' lang='lat' dir='ltr'>Incarnationis</span> <span class='ocrx_word' id='word_1_213' title='bbox 1191 2317 1354 2403; x_wconf 74' lang='lat' dir='ltr'>dominice</span> <span class='ocrx_word' id='word_1_214' title='bbox 1385 2338 1469 2381; x_wconf 90' lang='lat' dir='ltr'>anno</span> <span class='ocrx_word' id='word_1_215' title='bbox 1501 2330 1621 2380; x_wconf 80' lang='lat' dir='ltr'>MCLIII.</span> <span class='ocrx_word' id='word_1_216' title='bbox 1666 2319 1749 2381; x_wconf 93' lang='lat' dir='ltr'>Pon·</span> 
     </span>
     <span class='ocr_line' id='line_1_23' title="bbox 82 2403 1119 2488; baseline 0.003 -20"><span class='ocrx_word' id='word_1_217' title='bbox 82 2403 214 2469; x_wconf 87' lang='lat' dir='ltr'>tificatus</span> <span class='ocrx_word' id='word_1_218' title='bbox 237 2426 320 2470; x_wconf 90' lang='lat' dir='ltr'>vero</span> <span class='ocrx_word' id='word_1_219' title='bbox 344 2407 457 2469; x_wconf 93' lang='lat' dir='ltr'>domni</span> <span class='ocrx_word' id='word_1_220' title='bbox 478 2406 647 2470; x_wconf 90' lang='lat' dir='ltr'>Anastasii</span> <span class='ocrx_word' id='word_1_221' title='bbox 671 2426 726 2488; x_wconf 90' lang='lat' dir='ltr'>pp.</span> <span class='ocrx_word' id='word_1_222' title='bbox 751 2419 803 2469; x_wconf 86' lang='lat'>1111</span> <span class='ocrx_word' id='word_1_223' title='bbox 826 2425 912 2468; x_wconf 90' lang='lat' dir='ltr'>anno</span> <span class='ocrx_word' id='word_1_224' title='bbox 936 2408 1053 2488; x_wconf 91' lang='lat' dir='ltr'>primo.</span> <span class='ocrx_word' id='word_1_225' title='bbox 1079 2441 1119 2454; x_wconf 85' lang='lat'><em>-</em></span> 
     </span>
    </p>
   </div>
   <div class='ocr_carea' id='block_1_3' title="bbox 82 2519 1753 3232">
    <p class='ocr_par' dir='ltr' id='par_1_14' title="bbox 83 2519 1751 2642">
     <span class='ocr_line' id='line_1_24' title="bbox 236 2519 1751 2588; baseline 0 -18"><span class='ocrx_word' id='word_1_226' title='bbox 236 2520 281 2570; x_wconf 88' lang='lat' dir='ltr'>Or.</span> <span class='ocrx_word' id='word_1_227' title='bbox 309 2520 401 2571; x_wconf 75' lang='lat' dir='ltr'>Nachh.</span> <span class='ocrx_word' id='word_1_228' title='bbox 430 2520 596 2588; x_wconf 67' lang='lat' dir='ltr'>(Peimeuble)</span> <span class='ocrx_word' id='word_1_229' title='bbox 618 2519 652 2569; x_wconf 85' lang='lat' dir='ltr'>im</span> <span class='ocrx_word' id='word_1_230' title='bbox 675 2519 789 2570; x_wconf 78' lang='lat' dir='ltr'>Archivio</span> <span class='ocrx_word' id='word_1_231' title='bbox 813 2519 841 2568; x_wconf 84' lang='lat' dir='ltr'>di</span> <span class='ocrx_word' id='word_1_232' title='bbox 863 2519 931 2570; x_wconf 78' lang='lat' dir='ltr'>State</span> <span class='ocrx_word' id='word_1_233' title='bbox 956 2537 986 2570; x_wconf 81' lang='grc' dir='ltr'>ιιι</span> <span class='ocrx_word' id='word_1_234' title='bbox 1015 2521 1085 2582; x_wconf 76' lang='lat' dir='ltr'>Rsa,</span> <span class='ocrx_word' id='word_1_235' title='bbox 1116 2521 1172 2571; x_wconf 84' lang='lat' dir='ltr'>und</span> <span class='ocrx_word' id='word_1_236' title='bbox 1194 2523 1278 2587; x_wconf 73' lang='lat' dir='ltr'>Reges!</span> <span class='ocrx_word' id='word_1_237' title='bbox 1300 2521 1334 2571; x_wconf 83' lang='lat' dir='ltr'>im</span> <span class='ocrx_word' id='word_1_238' title='bbox 1357 2521 1422 2572; x_wconf 79' lang='lat' dir='ltr'>Cart.</span> <span class='ocrx_word' id='word_1_239' title='bbox 1442 2521 1510 2572; x_wconf 85' lang='lat' dir='ltr'>XLI</span> <span class='ocrx_word' id='word_1_240' title='bbox 1526 2523 1566 2572; x_wconf 84' lang='lat' dir='ltr'>des</span> <span class='ocrx_word' id='word_1_241' title='bbox 1583 2521 1697 2572; x_wconf 77' lang='lat' dir='ltr'>Archiuie</span> <span class='ocrx_word' id='word_1_242' title='bbox 1724 2521 1751 2570; x_wconf 80' lang='lat' dir='ltr'>di</span> 
     </span>
     <span class='ocr_line' id='line_1_25' title="bbox 83 2591 311 2642; baseline 0 0"><span class='ocrx_word' id='word_1_243' title='bbox 83 2591 142 2642; x_wconf 76' lang='lat' dir='ltr'>Suo</span> <span class='ocrx_word' id='word_1_244' title='bbox 156 2608 186 2640; x_wconf 88' lang='grc' dir='ltr'>ιιι</span> <span class='ocrx_word' id='word_1_245' title='bbox 202 2591 311 2642; x_wconf 70' lang='lat' dir='ltr'>Morem.</span> 
     </span>
    </p>

    <p class='ocr_par' dir='ltr' id='par_1_15' title="bbox 82 2662 1753 3232">
     <span class='ocr_line' id='line_1_26' title="bbox 236 2662 1752 2731; baseline 0 -17"><span class='ocrx_word' id='word_1_246' title='bbox 236 2664 307 2731; x_wconf 85' lang='lat' dir='ltr'>Perg.</span> <span class='ocrx_word' id='word_1_247' title='bbox 325 2663 385 2724; x_wconf 71' lang='lat' dir='ltr'>ital,</span> <span class='ocrx_word' id='word_1_248' title='bbox 409 2664 444 2713; x_wconf 81' lang='lat' dir='ltr'>br.</span> <span class='ocrx_word' id='word_1_249' title='bbox 465 2665 551 2725; x_wconf 84' lang='lat'>0,505,</span> <span class='ocrx_word' id='word_1_250' title='bbox 575 2665 637 2729; x_wconf 75' lang='lat' dir='ltr'>lang</span> <span class='ocrx_word' id='word_1_251' title='bbox 654 2663 722 2724; x_wconf 81' lang='lat'>0,53,</span> <span class='ocrx_word' id='word_1_252' title='bbox 746 2669 822 2712; x_wconf 81' lang='lat' dir='ltr'>unten</span> <span class='ocrx_word' id='word_1_253' title='bbox 845 2662 913 2712; x_wconf 74' lang='lat' dir='ltr'>nieht</span> <span class='ocrx_word' id='word_1_254' title='bbox 934 2663 1116 2729; x_wconf 81' lang='lat' dir='ltr'>umgeschlegen</span> <span class='ocrx_word' id='word_1_255' title='bbox 1133 2664 1190 2712; x_wconf 82' lang='lat' dir='ltr'>und</span> <span class='ocrx_word' id='word_1_256' title='bbox 1202 2663 1326 2728; x_wconf 64' lang='lat' dir='ltr'>pumbin,</span> <span class='ocrx_word' id='word_1_257' title='bbox 1350 2665 1414 2715; x_wconf 72' lang='lat' dir='ltr'>caah</span> <span class='ocrx_word' id='word_1_258' title='bbox 1437 2664 1475 2714; x_wconf 76' lang='grc' dir='ltr'>ιιίε</span> <span class='ocrx_word' id='word_1_259' title='bbox 1492 2681 1606 2731; x_wconf 83' lang='lat' dir='ltr'>gewesm.</span> <span class='ocrx_word' id='word_1_260' title='bbox 1643 2665 1752 2730; x_wconf 80' lang='lat' dir='ltr'>Faltreng</span> 
     </span>
     <span class='ocr_line' id='line_1_27' title="bbox 85 2733 1750 2801; baseline 0.002 -19"><span class='ocrx_word' id='word_1_261' title='bbox 85 2733 122 2782; x_wconf 76' lang='lat' dir='ltr'>der</span> <span class='ocrx_word' id='word_1_262' title='bbox 136 2735 231 2787; x_wconf 74' lang='lat' dir='ltr'>Bellen.</span> <span class='ocrx_word' id='word_1_263' title='bbox 270 2737 307 2785; x_wconf 82' lang='lat' dir='ltr'>Ist</span> <span class='ocrx_word' id='word_1_264' title='bbox 325 2735 474 2786; x_wconf 69' lang='lat' dir='ltr'>Rvnkbulle</span> <span class='ocrx_word' id='word_1_265' title='bbox 490 2735 536 2784; x_wconf 83' lang='lat' dir='ltr'>mie</span> <span class='ocrx_word' id='word_1_266' title='bbox 552 2735 623 2785; x_wconf 84' lang='lat' dir='ltr'>deren</span> <span class='ocrx_word' id='word_1_267' title='bbox 640 2734 872 2784; x_wconf 78' lang='lat' dir='ltr'>Aeusserliehkeiten.</span> <span class='ocrx_word' id='word_1_268' title='bbox 882 2735 970 2784; x_wconf 85' lang='lat' dir='ltr'>—Die</span> <span class='ocrx_word' id='word_1_269' title='bbox 987 2734 1162 2801; x_wconf 76' lang='lat' dir='ltr'>Nachbildung</span> <span class='ocrx_word' id='word_1_270' title='bbox 1183 2735 1283 2786; x_wconf 78' lang='lat' dir='ltr'>erkemre</span> <span class='ocrx_word' id='word_1_271' title='bbox 1304 2753 1363 2787; x_wconf 84' lang='lat' dir='ltr'>man</span> <span class='ocrx_word' id='word_1_272' title='bbox 1386 2753 1421 2786; x_wconf 85' lang='lat' dir='ltr'>an</span> <span class='ocrx_word' id='word_1_273' title='bbox 1438 2737 1597 2787; x_wconf 77' lang='lat' dir='ltr'>Einaelker&#39;ten</span> <span class='ocrx_word' id='word_1_274' title='bbox 1615 2737 1658 2786; x_wconf 83' lang='lat' dir='ltr'>der</span> <span class='ocrx_word' id='word_1_275' title='bbox 1673 2744 1750 2787; x_wconf 76' lang='lat' dir='ltr'>ersten</span> 
     </span>
     <span class='ocr_line' id='line_1_28' title="bbox 85 2805 1753 2874; baseline 0.001 -18"><span class='ocrx_word' id='word_1_276' title='bbox 85 2805 140 2856; x_wconf 70' lang='lat' dir='ltr'>uile</span> <span class='ocrx_word' id='word_1_277' title='bbox 155 2808 210 2856; x_wconf 68' lang='lat' dir='ltr'>rard</span> <span class='ocrx_word' id='word_1_278' title='bbox 232 2807 274 2856; x_wconf 84' lang='lat' dir='ltr'>des</span> <span class='ocrx_word' id='word_1_279' title='bbox 291 2808 445 2871; x_wconf 59' lang='lat' dir='ltr'>Kommpts,</span> <span class='ocrx_word' id='word_1_280' title='bbox 472 2809 509 2857; x_wconf 82' lang='lat' dir='ltr'>die</span> <span class='ocrx_word' id='word_1_281' title='bbox 527 2807 602 2856; x_wconf 81' lang='lat' dir='ltr'>denen</span> <span class='ocrx_word' id='word_1_282' title='bbox 618 2806 661 2856; x_wconf 87' lang='lat' dir='ltr'>der</span> <span class='ocrx_word' id='word_1_283' title='bbox 681 2807 805 2872; x_wconf 64' lang='lat' dir='ltr'>Orrgtirale</span> <span class='ocrx_word' id='word_1_284' title='bbox 828 2806 895 2855; x_wconf 78' lang='lat' dir='ltr'>nicht</span> <span class='ocrx_word' id='word_1_285' title='bbox 915 2806 1076 2870; x_wconf 74' lang='lat' dir='ltr'>msprechen,</span> <span class='ocrx_word' id='word_1_286' title='bbox 1095 2809 1186 2872; x_wconf 86' lang='lat' dir='ltr'>femer</span> <span class='ocrx_word' id='word_1_287' title='bbox 1209 2808 1303 2869; x_wconf 84' lang='lat' dir='ltr'>daran,</span> <span class='ocrx_word' id='word_1_288' title='bbox 1330 2809 1386 2857; x_wconf 81' lang='lat' dir='ltr'>dass</span> <span class='ocrx_word' id='word_1_289' title='bbox 1403 2809 1468 2857; x_wconf 80' lang='lat' dir='ltr'>Alles</span> <span class='ocrx_word' id='word_1_290' title='bbox 1489 2825 1537 2858; x_wconf 84' lang='lat' dir='ltr'>von</span> <span class='ocrx_word' id='word_1_291' title='bbox 1551 2809 1656 2874; x_wconf 73' lang='lat' dir='ltr'>gles&#39;cleer</span> <span class='ocrx_word' id='word_1_292' title='bbox 1672 2808 1753 2858; x_wconf 77' lang='lat' dir='ltr'>Hand</span> 
     </span>
     <span class='ocr_line' id='line_1_29' title="bbox 84 2877 1750 2946; baseline 0.001 -19"><span class='ocrx_word' id='word_1_293' title='bbox 84 2877 238 2944; x_wconf 76' lang='lat' dir='ltr'>eingetragm,</span> <span class='ocrx_word' id='word_1_294' title='bbox 270 2879 364 2928; x_wconf 77' lang='lat' dir='ltr'>obwohl</span> <span class='ocrx_word' id='word_1_295' title='bbox 386 2880 423 2928; x_wconf 85' lang='lat' dir='ltr'>die</span> <span class='ocrx_word' id='word_1_296' title='bbox 442 2879 623 2946; x_wconf 77' lang='lat' dir='ltr'>Zeugmfimm</span> <span class='ocrx_word' id='word_1_297' title='bbox 645 2878 672 2927; x_wconf 84' lang='lat' dir='ltr'>in</span> <span class='ocrx_word' id='word_1_298' title='bbox 696 2877 813 2928; x_wconf 77' lang='lat' dir='ltr'>munchen</span> <span class='ocrx_word' id='word_1_299' title='bbox 834 2878 984 2928; x_wconf 83' lang='lat' dir='ltr'>Buclrstabm</span> <span class='ocrx_word' id='word_1_300' title='bbox 1006 2877 1144 2927; x_wconf 68' lang='lat' dir='ltr'>abnehrlielr</span> <span class='ocrx_word' id='word_1_301' title='bbox 1165 2894 1213 2927; x_wconf 82' lang='lat' dir='ltr'>ven</span> <span class='ocrx_word' id='word_1_302' title='bbox 1237 2881 1312 2930; x_wconf 80' lang='lat' dir='ltr'>denen</span> <span class='ocrx_word' id='word_1_303' title='bbox 1335 2880 1375 2929; x_wconf 87' lang='lat' dir='ltr'>des</span> <span class='ocrx_word' id='word_1_304' title='bbox 1397 2880 1579 2945; x_wconf 70' lang='lat' dir='ltr'>Haupekerpers</span> <span class='ocrx_word' id='word_1_305' title='bbox 1601 2880 1750 2930; x_wconf 84' lang='lat' dir='ltr'>versclu&#39;eden</span> 
     </span>
     <span class='ocr_line' id='line_1_30' title="bbox 82 2947 1751 3018; baseline 0.001 -20"><span class='ocrx_word' id='word_1_306' title='bbox 82 2951 180 3014; x_wconf 68' lang='lat' dir='ltr'>garelle!</span> <span class='ocrx_word' id='word_1_307' title='bbox 200 2952 321 3011; x_wconf 63' lang='lat' dir='ltr'>wanden,</span> <span class='ocrx_word' id='word_1_308' title='bbox 345 2951 378 3000; x_wconf 82' lang='lat' dir='ltr'>sie</span> <span class='ocrx_word' id='word_1_309' title='bbox 398 2951 455 3000; x_wconf 83' lang='lat' dir='ltr'>und</span> <span class='ocrx_word' id='word_1_310' title='bbox 478 2951 515 3000; x_wconf 77' lang='lat' dir='ltr'>die</span> <span class='ocrx_word' id='word_1_311' title='bbox 532 2951 660 3014; x_wconf 79' lang='lat' dir='ltr'>Dntr&#39;eamg</span> <span class='ocrx_word' id='word_1_312' title='bbox 681 2950 744 3009; x_wconf 69' lang='lat' dir='ltr'>rinei,</span> <span class='ocrx_word' id='word_1_313' title='bbox 770 2948 815 2998; x_wconf 81' lang='lat' dir='ltr'>wie</span> <span class='ocrx_word' id='word_1_314' title='bbox 837 2966 860 2999; x_wconf 91' lang='lat' dir='ltr'>es</span> <span class='ocrx_word' id='word_1_315' title='bbox 882 2947 983 3013; x_wconf 78' lang='lat' dir='ltr'>scheim,</span> <span class='ocrx_word' id='word_1_316' title='bbox 1008 2951 1054 2998; x_wconf 82' lang='lat' dir='ltr'>mit</span> <span class='ocrx_word' id='word_1_317' title='bbox 1074 2950 1223 3000; x_wconf 73' lang='lat' dir='ltr'>vereremur</span> <span class='ocrx_word' id='word_1_318' title='bbox 1240 2952 1315 3000; x_wconf 82' lang='lat' dir='ltr'>Dinte</span> <span class='ocrx_word' id='word_1_319' title='bbox 1334 2952 1490 3018; x_wconf 79' lang='lat' dir='ltr'>geselerr&#39;eben.</span> <span class='ocrx_word' id='word_1_320' title='bbox 1528 2953 1583 3002; x_wconf 83' lang='lat' dir='ltr'>Das</span> <span class='ocrx_word' id='word_1_321' title='bbox 1601 2953 1624 3001; x_wconf 92' lang='lat' dir='ltr'>R</span> <span class='ocrx_word' id='word_1_322' title='bbox 1641 2952 1751 3001; x_wconf 76' lang='lat' dir='ltr'>Rolands</span> 
     </span>
     <span class='ocr_line' id='line_1_31' title="bbox 85 3021 1749 3089; baseline 0.001 -19"><span class='ocrx_word' id='word_1_323' title='bbox 85 3022 160 3072; x_wconf 63' lang='lat' dir='ltr'>verde</span> <span class='ocrx_word' id='word_1_324' title='bbox 179 3022 258 3088; x_wconf 79' lang='lat' dir='ltr'>gler&#39;eh</span> <span class='ocrx_word' id='word_1_325' title='bbox 283 3023 441 3088; x_wconf 77' lang='lat' dir='ltr'>mr&#39;tgemacht,</span> <span class='ocrx_word' id='word_1_326' title='bbox 467 3023 512 3072; x_wconf 82' lang='lat' dir='ltr'>das</span> <span class='ocrx_word' id='word_1_327' title='bbox 536 3021 706 3088; x_wconf 79' lang='lat' dir='ltr'>Monegramm</span> <span class='ocrx_word' id='word_1_328' title='bbox 727 3021 772 3070; x_wconf 78' lang='lat' dir='ltr'>mit</span> <span class='ocrx_word' id='word_1_329' title='bbox 793 3022 852 3070; x_wconf 68' lang='lat' dir='ltr'>awai</span> <span class='ocrx_word' id='word_1_330' title='bbox 868 3036 966 3087; x_wconf 79' lang='lat' dir='ltr'>grossen</span> <span class='ocrx_word' id='word_1_331' title='bbox 991 3022 1087 3072; x_wconf 82' lang='lat' dir='ltr'>Knoten</span> <span class='ocrx_word' id='word_1_332' title='bbox 1111 3039 1145 3072; x_wconf 84' lang='lat' dir='ltr'>an</span> <span class='ocrx_word' id='word_1_333' title='bbox 1168 3022 1211 3072; x_wconf 83' lang='lat' dir='ltr'>der</span> <span class='ocrx_word' id='word_1_334' title='bbox 1234 3023 1340 3089; x_wconf 74' lang='lat' dir='ltr'>Sckregc</span> <span class='ocrx_word' id='word_1_335' title='bbox 1360 3024 1450 3074; x_wconf 70' lang='lat' dir='ltr'>bomem</span> <span class='ocrx_word' id='word_1_336' title='bbox 1472 3039 1497 3072; x_wconf 88' lang='lat' dir='ltr'>so</span> <span class='ocrx_word' id='word_1_337' title='bbox 1519 3031 1585 3074; x_wconf 78' lang='lat' dir='ltr'>sorest</span> <span class='ocrx_word' id='word_1_338' title='bbox 1606 3024 1673 3074; x_wconf 70' lang='lat' dir='ltr'>niem</span> <span class='ocrx_word' id='word_1_339' title='bbox 1697 3039 1749 3083; x_wconf 85' lang='lat' dir='ltr'>vor,</span> 
     </span>
     <span class='ocr_line' id='line_1_32' title="bbox 89 3092 1749 3162; baseline 0.001 -20"><span class='ocrx_word' id='word_1_340' title='bbox 89 3092 209 3160; x_wconf 77' lang='lat' dir='ltr'>Umchlag</span> <span class='ocrx_word' id='word_1_341' title='bbox 225 3095 285 3144; x_wconf 81' lang='lat' dir='ltr'>und</span> <span class='ocrx_word' id='word_1_342' title='bbox 301 3095 564 3160; x_wconf 70' lang='lat' dir='ltr'>Plumbinmgrsehlm.</span> <span class='ocrx_word' id='word_1_343' title='bbox 586 3123 618 3130; x_wconf 99' lang='lat'>—</span> <span class='ocrx_word' id='word_1_344' title='bbox 638 3094 709 3142; x_wconf 70' lang='lat' dir='ltr'>Auca</span> <span class='ocrx_word' id='word_1_345' title='bbox 725 3093 763 3142; x_wconf 81' lang='lat' dir='ltr'>die</span> <span class='ocrx_word' id='word_1_346' title='bbox 780 3092 959 3159; x_wconf 76' lang='lat' dir='ltr'>Feemulirung</span> <span class='ocrx_word' id='word_1_347' title='bbox 979 3101 1057 3159; x_wconf 73' lang='lat' dir='ltr'>erregt</span> <span class='ocrx_word' id='word_1_348' title='bbox 1073 3095 1178 3154; x_wconf 82' lang='lat' dir='ltr'>Amtoss,</span> <span class='ocrx_word' id='word_1_349' title='bbox 1195 3110 1222 3143; x_wconf 85' lang='lat' dir='ltr'>so</span> <span class='ocrx_word' id='word_1_350' title='bbox 1239 3095 1330 3145; x_wconf 88' lang='lat' dir='ltr'>divinis</span> <span class='ocrx_word' id='word_1_351' title='bbox 1349 3095 1467 3158; x_wconf 76' lang='lat' dir='ltr'>cultibuS,</span> <span class='ocrx_word' id='word_1_352' title='bbox 1493 3096 1597 3162; x_wconf 87' lang='lat' dir='ltr'>proprio</span> <span class='ocrx_word' id='word_1_353' title='bbox 1615 3095 1749 3158; x_wconf 86' lang='lat' dir='ltr'>vocabulo,</span> 
     </span>
     <span class='ocr_line' id='line_1_33' title="bbox 86 3163 1751 3232; baseline 0.002 -20"><span class='ocrx_word' id='word_1_354' title='bbox 86 3165 213 3227; x_wconf 71' lang='lat' dir='ltr'>arthous,</span> <span class='ocrx_word' id='word_1_355' title='bbox 231 3167 324 3232; x_wconf 74' lang='lat' dir='ltr'>ferm</span> <span class='ocrx_word' id='word_1_356' title='bbox 340 3182 391 3215; x_wconf 75' lang='lat' dir='ltr'>mer</span> <span class='ocrx_word' id='word_1_357' title='bbox 407 3167 466 3216; x_wconf 80' lang='grc' dir='ltr'><strong><em>ιιιιι·</em></strong></span> <span class='ocrx_word' id='word_1_358' title='bbox 481 3173 540 3216; x_wconf 77' lang='lat' dir='ltr'>state</span> <span class='ocrx_word' id='word_1_359' title='bbox 555 3165 609 3216; x_wconf 83' lang='lat' dir='ltr'>drer&#39;</span> <span class='ocrx_word' id='word_1_360' title='bbox 630 3167 714 3225; x_wconf 85' lang='lat' dir='ltr'>Amen,</span> <span class='ocrx_word' id='word_1_361' title='bbox 734 3164 813 3214; x_wconf 86' lang='lat' dir='ltr'>sancti</span> <span class='ocrx_word' id='word_1_362' title='bbox 833 3163 922 3215; x_wconf 86' lang='lat' dir='ltr'>Calixti</span> <span class='ocrx_word' id='word_1_363' title='bbox 939 3171 998 3214; x_wconf 75' lang='lat' dir='ltr'>state</span> <span class='ocrx_word' id='word_1_364' title='bbox 1019 3167 1068 3216; x_wconf 83' lang='lat' dir='ltr'>bles</span> <span class='ocrx_word' id='word_1_365' title='bbox 1087 3164 1190 3226; x_wconf 85' lang='lat' dir='ltr'>Calixti;</span> <span class='ocrx_word' id='word_1_366' title='bbox 1215 3166 1321 3218; x_wconf 81' lang='lat' dir='ltr'>dennecle</span> <span class='ocrx_word' id='word_1_367' title='bbox 1342 3168 1373 3217; x_wconf 80' lang='lat' dir='ltr'>ist</span> <span class='ocrx_word' id='word_1_368' title='bbox 1396 3168 1433 3218; x_wconf 80' lang='lat' dir='ltr'>die</span> <span class='ocrx_word' id='word_1_369' title='bbox 1454 3167 1571 3218; x_wconf 82' lang='lat' dir='ltr'>Urkunde</span> <span class='ocrx_word' id='word_1_370' title='bbox 1594 3168 1671 3218; x_wconf 74' lang='lat' dir='ltr'>sicher</span> <span class='ocrx_word' id='word_1_371' title='bbox 1687 3167 1751 3217; x_wconf 74' lang='lat' dir='ltr'>nach</span> 
     </span>
    </p>
   </div>
   <div class='ocr_carea' id='block_1_4' title="bbox 85 3235 443 3304">
    <p class='ocr_par' dir='ltr' id='par_1_16' title="bbox 85 3235 443 3304">
     <span class='ocr_line' id='line_1_34' title="bbox 85 3235 443 3304; baseline 0.011 -20"><span class='ocrx_word' id='word_1_372' title='bbox 85 3235 155 3286; x_wconf 79' lang='lat' dir='ltr'>eelser</span> <span class='ocrx_word' id='word_1_373' title='bbox 174 3238 276 3304; x_wconf 82' lang='lat' dir='ltr'>Vorlage</span> <span class='ocrx_word' id='word_1_374' title='bbox 292 3237 443 3304; x_wconf 75' lang='lat' dir='ltr'>angeserta&#39;gt.</span> 
     </span>
    </p>
   </div>
   <div class='ocr_carea' id='block_1_5' title="bbox 820 3438 1006 3515">
    <p class='ocr_par' dir='ltr' id='par_1_17' title="bbox 820 3438 1006 3515">
     <span class='ocr_line' id='line_1_35' title="bbox 820 3438 1006 3515; baseline 0.005 -1"><span class='ocrx_word' id='word_1_375' title='bbox 820 3438 887 3514; x_wconf 88' lang='lat' dir='ltr'>Nr.</span> <span class='ocrx_word' id='word_1_376' title='bbox 920 3443 1006 3515; x_wconf 80' lang='lat'>126.</span> 
     </span>
    </p>
   </div>
   <div class='ocr_carea' id='block_1_6' title="bbox 84 3568 1750 3741">
    <p class='ocr_par' dir='ltr' id='par_1_18' title="bbox 84 3568 1750 3741">
     <span class='ocr_line' id='line_1_36' title="bbox 84 3568 1750 3654; baseline 0.004 -21"><span class='ocrx_word' id='word_1_377' title='bbox 84 3568 274 3636; x_wconf 79' lang='lat' dir='ltr'>Anastaseies</span> <span class='ocrx_word' id='word_1_378' title='bbox 289 3571 314 3634; x_wconf 90' lang='lat' dir='ltr'><em>J</em></span> <span class='ocrx_word' id='word_1_379' title='bbox 319 3569 351 3635; x_wconf 91' lang='lat' dir='ltr'><em>V</em></span> <span class='ocrx_word' id='word_1_380' title='bbox 359 3571 510 3654; x_wconf 67' lang='lat' dir='ltr'>bestiitigt</span> <span class='ocrx_word' id='word_1_381' title='bbox 526 3569 599 3634; x_wconf 85' lang='lat' dir='ltr'>dem</span> <span class='ocrx_word' id='word_1_382' title='bbox 624 3569 787 3636; x_wconf 83' lang='lat' dir='ltr'>Konvente</span> <span class='ocrx_word' id='word_1_383' title='bbox 807 3593 868 3636; x_wconf 85' lang='lat' dir='ltr'>von</span> <span class='ocrx_word' id='word_1_384' title='bbox 891 3570 959 3636; x_wconf 80' lang='lat' dir='ltr'>San</span> <span class='ocrx_word' id='word_1_385' title='bbox 985 3568 1150 3636; x_wconf 83' lang='lat' dir='ltr'>Ge&#39;ouanne&#39;</span> <span class='ocrx_word' id='word_1_386' title='bbox 1169 3572 1203 3636; x_wconf 87' lang='lat' dir='ltr'>in</span> <span class='ocrx_word' id='word_1_387' title='bbox 1220 3573 1378 3638; x_wconf 87' lang='lat' dir='ltr'>Laterano</span> <span class='ocrx_word' id='word_1_388' title='bbox 1399 3593 1440 3638; x_wconf 76' lang='lat' dir='ltr'>zu</span> <span class='ocrx_word' id='word_1_389' title='bbox 1456 3573 1538 3638; x_wconf 84' lang='lat' dir='ltr'>Rom</span> <span class='ocrx_word' id='word_1_390' title='bbox 1561 3573 1615 3637; x_wconf 87' lang='lat' dir='ltr'>die</span> <span class='ocrx_word' id='word_1_391' title='bbox 1630 3574 1750 3640; x_wconf 81' lang='lat' dir='ltr'>Besitz·</span> 
     </span>
     <span class='ocr_line' id='line_1_37' title="bbox 567 3660 1254 3741; baseline 0.004 -17"><span class='ocrx_word' id='word_1_392' title='bbox 567 3661 701 3725; x_wconf 76' lang='lat' dir='ltr'>thei‘mer</span> <span class='ocrx_word' id='word_1_393' title='bbox 720 3660 791 3725; x_wconf 84' lang='lat' dir='ltr'>und</span> <span class='ocrx_word' id='word_1_394' title='bbox 810 3662 929 3726; x_wconf 80' lang='lat' dir='ltr'>Reclzte</span> <span class='ocrx_word' id='word_1_395' title='bbox 949 3663 1056 3727; x_wconf 83' lang='lat' dir='ltr'>seiner</span> <span class='ocrx_word' id='word_1_396' title='bbox 1078 3660 1254 3741; x_wconf 75' lang='lat' dir='ltr'>Kirclee1).</span> 
     </span>
    </p>
   </div>
   <div class='ocr_carea' id='block_1_7' title="bbox 637 3795 1190 3861">
    <p class='ocr_par' dir='ltr' id='par_1_19' title="bbox 637 3795 1190 3861">
     <span class='ocr_line' id='line_1_38' title="bbox 637 3795 1190 3861; baseline 0 -1"><span class='ocrx_word' id='word_1_397' title='bbox 637 3797 723 3860; x_wconf 80' lang='lat'><strong><em>1153</em></strong></span> <span class='ocrx_word' id='word_1_398' title='bbox 743 3795 920 3861; x_wconf 81' lang='lat' dir='ltr'>December</span> <span class='ocrx_word' id='word_1_399' title='bbox 940 3797 993 3861; x_wconf 79' lang='lat'>30.</span> <span class='ocrx_word' id='word_1_400' title='bbox 1039 3795 1190 3860; x_wconf 81' lang='lat' dir='ltr'>Lateran.</span> 
     </span>
    </p>
   </div>
   <div class='ocr_carea' id='block_1_8' title="bbox 87 3928 1753 5622">
    <p class='ocr_par' dir='ltr' id='par_1_20' title="bbox 87 3928 1753 5622">
     <span class='ocr_line' id='line_1_39' title="bbox 235 3928 1751 4013; baseline 0 -19"><span class='ocrx_word' id='word_1_401' title='bbox 235 3930 430 3996; x_wconf 88' lang='lat' dir='ltr'>Anastasius</span> <span class='ocrx_word' id='word_1_402' title='bbox 453 3931 638 4013; x_wconf 70' lang='lat' dir='ltr'>episcopus</span> <span class='ocrx_word' id='word_1_403' title='bbox 667 3950 779 3994; x_wconf 91' lang='lat' dir='ltr'>servus</span> <span class='ocrx_word' id='word_1_404' title='bbox 802 3950 970 3994; x_wconf 90' lang='lat' dir='ltr'>servorum</span> <span class='ocrx_word' id='word_1_405' title='bbox 994 3930 1058 4007; x_wconf 90' lang='lat' dir='ltr'>dei,</span> <span class='ocrx_word' id='word_1_406' title='bbox 1088 3930 1214 3993; x_wconf 92' lang='lat' dir='ltr'>dilectis</span> <span class='ocrx_word' id='word_1_407' title='bbox 1245 3929 1319 3994; x_wconf 86' lang='lat' dir='ltr'>filiis</span> <span class='ocrx_word' id='word_1_408' title='bbox 1341 3928 1488 4006; x_wconf 91' lang='lat' dir='ltr'>Iohanni,</span> <span class='ocrx_word' id='word_1_409' title='bbox 1519 3931 1619 4013; x_wconf 90' lang='lat' dir='ltr'>priori</span> <span class='ocrx_word' id='word_1_410' title='bbox 1642 3951 1751 3994; x_wconf 90' lang='lat' dir='ltr'>sacro·</span> 
     </span>
     <span class='ocr_line' id='line_1_40' title="bbox 87 4019 1750 4104; baseline 0.002 -23"><span class='ocrx_word' id='word_1_411' title='bbox 87 4021 177 4083; x_wconf 85' lang='lat' dir='ltr'>saneti</span> <span class='ocrx_word' id='word_1_412' title='bbox 200 4020 386 4104; x_wconf 90' lang='lat' dir='ltr'>patriarchii</span> <span class='ocrx_word' id='word_1_413' title='bbox 406 4019 523 4083; x_wconf 88' lang='lat' dir='ltr'>basilic</span> <span class='ocrx_word' id='word_1_414' title='bbox 557 4019 736 4084; x_wconf 86' lang='lat' dir='ltr'>Salvatoris</span> <span class='ocrx_word' id='word_1_415' title='bbox 759 4020 894 4096; x_wconf 91' lang='lat' dir='ltr'>domini,</span> <span class='ocrx_word' id='word_1_416' title='bbox 917 4039 983 4100; x_wconf 90' lang='lat' dir='ltr'>que</span> <span class='ocrx_word' id='word_1_417' title='bbox 999 4019 1265 4084; x_wconf 87' lang='lat' dir='ltr'>Constantiniana</span> <span class='ocrx_word' id='word_1_418' title='bbox 1284 4026 1428 4096; x_wconf 89' lang='lat' dir='ltr'>vocatur,</span> <span class='ocrx_word' id='word_1_419' title='bbox 1452 4021 1640 4103; x_wconf 90' lang='lat' dir='ltr'>pariterque</span> <span class='ocrx_word' id='word_1_420' title='bbox 1661 4020 1750 4084; x_wconf 91' lang='lat' dir='ltr'>beati</span> 
     </span>
     <span class='ocr_line' id='line_1_41' title="bbox 87 4039 1750 4192; baseline 0.001 -23"><span class='ocrx_word' id='word_1_421' title='bbox 87 4107 230 4174; x_wconf 88' lang='lat' dir='ltr'>Iohannis</span> <span class='ocrx_word' id='word_1_422' title='bbox 255 4111 399 4192; x_wconf 86' lang='lat' dir='ltr'>baptiste</span> <span class='ocrx_word' id='word_1_423' title='bbox 428 4117 461 4172; x_wconf 93' lang='lat' dir='ltr'>et</span> <span class='ocrx_word' id='word_1_424' title='bbox 483 4039 636 4172; x_wconf 67' lang='lat' dir='ltr'>Iolannis</span> <span class='ocrx_word' id='word_1_425' title='bbox 667 4109 874 4191; x_wconf 85' lang='lat' dir='ltr'>evangeliste,</span> <span class='ocrx_word' id='word_1_426' title='bbox 905 4110 1040 4192; x_wconf 89' lang='lat' dir='ltr'>eiusque</span> <span class='ocrx_word' id='word_1_427' title='bbox 1064 4109 1215 4173; x_wconf 88' lang='lat' dir='ltr'>iratribus</span> <span class='ocrx_word' id='word_1_428' title='bbox 1244 4109 1415 4184; x_wconf 89' lang='lat' dir='ltr'>canonicis,</span> <span class='ocrx_word' id='word_1_429' title='bbox 1445 4117 1513 4172; x_wconf 91' lang='lat' dir='ltr'>tam</span> <span class='ocrx_word' id='word_1_430' title='bbox 1543 4109 1750 4192; x_wconf 90' lang='lat' dir='ltr'>presentibus</span> 
     </span>
     <span class='ocr_line' id='line_1_42' title="bbox 88 4197 1751 4282; baseline 0.002 -22"><span class='ocrx_word' id='word_1_431' title='bbox 88 4216 176 4276; x_wconf 89' lang='lat' dir='ltr'>quam</span> <span class='ocrx_word' id='word_1_432' title='bbox 192 4199 318 4278; x_wconf 86' lang='lat' dir='ltr'>suturis,</span> <span class='ocrx_word' id='word_1_433' title='bbox 343 4198 523 4281; x_wconf 87' lang='lat' dir='ltr'>regularem</span> <span class='ocrx_word' id='word_1_434' title='bbox 539 4201 640 4262; x_wconf 85' lang='lat' dir='ltr'>vitam</span> <span class='ocrx_word' id='word_1_435' title='bbox 656 4197 822 4282; x_wconf 83' lang='lat' dir='ltr'>professis,</span> <span class='ocrx_word' id='word_1_436' title='bbox 846 4201 1096 4282; x_wconf 89' lang='lat' dir='ltr'>imperpetuum.</span> <span class='ocrx_word' id='word_1_437' title='bbox 1134 4201 1334 4263; x_wconf 91' lang='lat' dir='ltr'>Potestatem</span> <span class='ocrx_word' id='word_1_438' title='bbox 1350 4199 1472 4282; x_wconf 90' lang='lat' dir='ltr'>ligandi</span> <span class='ocrx_word' id='word_1_439' title='bbox 1487 4208 1587 4278; x_wconf 92' lang='lat' dir='ltr'>atque</span> <span class='ocrx_word' id='word_1_440' title='bbox 1602 4198 1751 4263; x_wconf 91' lang='lat' dir='ltr'>solvendi</span> 
     </span>
     <span class='ocr_line' id='line_1_43' title="bbox 87 4287 1752 4370; baseline 0 -19"><span class='ocrx_word' id='word_1_441' title='bbox 87 4295 147 4351; x_wconf 84' lang='lat' dir='ltr'>tam</span> <span class='ocrx_word' id='word_1_442' title='bbox 169 4291 201 4353; x_wconf 96' lang='lat' dir='ltr'>in</span> <span class='ocrx_word' id='word_1_443' title='bbox 226 4291 305 4352; x_wconf 92' lang='lat' dir='ltr'>celis</span> <span class='ocrx_word' id='word_1_444' title='bbox 329 4308 427 4369; x_wconf 90' lang='lat' dir='ltr'>quam</span> <span class='ocrx_word' id='word_1_445' title='bbox 444 4289 474 4350; x_wconf 94' lang='lat' dir='ltr'>in</span> <span class='ocrx_word' id='word_1_446' title='bbox 491 4295 577 4352; x_wconf 89' lang='lat' dir='ltr'>terra</span> <span class='ocrx_word' id='word_1_447' title='bbox 591 4288 691 4352; x_wconf 90' lang='lat' dir='ltr'>beato</span> <span class='ocrx_word' id='word_1_448' title='bbox 708 4289 804 4351; x_wconf 89' lang='lat' dir='ltr'>Petro</span> <span class='ocrx_word' id='word_1_449' title='bbox 821 4288 954 4367; x_wconf 90' lang='lat' dir='ltr'>eiusque</span> <span class='ocrx_word' id='word_1_450' title='bbox 970 4288 1212 4351; x_wconf 91' lang='lat' dir='ltr'>successoribus</span> <span class='ocrx_word' id='word_1_451' title='bbox 1228 4295 1363 4352; x_wconf 91' lang='lat' dir='ltr'>auctore</span> <span class='ocrx_word' id='word_1_452' title='bbox 1378 4289 1513 4351; x_wconf 94' lang='lat' dir='ltr'>domino</span> <span class='ocrx_word' id='word_1_453' title='bbox 1529 4287 1752 4370; x_wconf 89' lang='lat' dir='ltr'>principaliter</span> 
     </span>
     <span class='ocr_line' id='line_1_44' title="bbox 88 4375 1752 4460; baseline 0 -20"><span class='ocrx_word' id='word_1_454' title='bbox 88 4379 231 4443; x_wconf 86' lang='lat' dir='ltr'>traditam</span> <span class='ocrx_word' id='word_1_455' title='bbox 262 4378 324 4442; x_wconf 90' lang='lat' dir='ltr'>illis</span> <span class='ocrx_word' id='word_1_456' title='bbox 356 4377 494 4442; x_wconf 89' lang='lat' dir='ltr'>ecclesia</span> <span class='ocrx_word' id='word_1_457' title='bbox 516 4377 624 4440; x_wconf 92' lang='lat' dir='ltr'>verbis</span> <span class='ocrx_word' id='word_1_458' title='bbox 647 4377 805 4460; x_wconf 86' lang='lat' dir='ltr'>agnoscit,</span> <span class='ocrx_word' id='word_1_459' title='bbox 837 4377 958 4457; x_wconf 92' lang='lat' dir='ltr'>quibus</span> <span class='ocrx_word' id='word_1_460' title='bbox 980 4377 1111 4442; x_wconf 87' lang='lat' dir='ltr'>Petrum</span> <span class='ocrx_word' id='word_1_461' title='bbox 1135 4385 1185 4440; x_wconf 90' lang='lat' dir='ltr'>est</span> <span class='ocrx_word' id='word_1_462' title='bbox 1208 4379 1297 4441; x_wconf 92' lang='lat' dir='ltr'>idem</span> <span class='ocrx_word' id='word_1_463' title='bbox 1319 4378 1402 4441; x_wconf 93' lang='lat' dir='ltr'>deus</span> <span class='ocrx_word' id='word_1_464' title='bbox 1424 4377 1600 4441; x_wconf 85' lang='lat' dir='ltr'>allocutus:</span> <span class='ocrx_word' id='word_1_465' title='bbox 1638 4375 1752 4459; x_wconf 83' lang='lat' dir='ltr'>Quod·</span> 
     </span>
     <span class='ocr_line' id='line_1_45' title="bbox 89 4465 1752 4550; baseline 0.002 -23"><span class='ocrx_word' id='word_1_466' title='bbox 89 4485 220 4550; x_wconf 91' lang='lat' dir='ltr'>cumque</span> <span class='ocrx_word' id='word_1_467' title='bbox 243 4467 393 4550; x_wconf 87' lang='lat' dir='ltr'>ligaveris</span> <span class='ocrx_word' id='word_1_468' title='bbox 416 4487 515 4550; x_wconf 90' lang='lat' dir='ltr'>super</span> <span class='ocrx_word' id='word_1_469' title='bbox 538 4475 667 4542; x_wconf 91' lang='lat' dir='ltr'>terram,</span> <span class='ocrx_word' id='word_1_470' title='bbox 696 4468 758 4530; x_wconf 89' lang='lat' dir='ltr'>erit</span> <span class='ocrx_word' id='word_1_471' title='bbox 779 4465 913 4548; x_wconf 89' lang='lat' dir='ltr'>ligatum</span> <span class='ocrx_word' id='word_1_472' title='bbox 937 4474 971 4528; x_wconf 93' lang='lat' dir='ltr'>et</span> <span class='ocrx_word' id='word_1_473' title='bbox 993 4468 1026 4529; x_wconf 95' lang='lat' dir='ltr'>in</span> <span class='ocrx_word' id='word_1_474' title='bbox 1048 4466 1120 4530; x_wconf 90' lang='lat' dir='ltr'>celo</span> <span class='ocrx_word' id='word_1_475' title='bbox 1151 4474 1192 4542; x_wconf 90' lang='lat' dir='ltr'>et,</span> <span class='ocrx_word' id='word_1_476' title='bbox 1223 4467 1458 4550; x_wconf 91' lang='lat' dir='ltr'>quodcumque</span> <span class='ocrx_word' id='word_1_477' title='bbox 1486 4467 1622 4530; x_wconf 90' lang='lat' dir='ltr'>solveris</span> <span class='ocrx_word' id='word_1_478' title='bbox 1653 4487 1752 4550; x_wconf 90' lang='lat' dir='ltr'>super</span> 
     </span>
     <span class='ocr_line' id='line_1_46' title="bbox 89 4554 1750 4638; baseline 0.004 -24"><span class='ocrx_word' id='word_1_479' title='bbox 89 4561 207 4634; x_wconf 86' lang='lat' dir='ltr'>terram,</span> <span class='ocrx_word' id='word_1_480' title='bbox 230 4561 294 4622; x_wconf 89' lang='lat' dir='ltr'>erit</span> <span class='ocrx_word' id='word_1_481' title='bbox 315 4557 459 4621; x_wconf 92' lang='lat' dir='ltr'>solutum</span> <span class='ocrx_word' id='word_1_482' title='bbox 483 4563 516 4619; x_wconf 91' lang='lat' dir='ltr'>et</span> <span class='ocrx_word' id='word_1_483' title='bbox 539 4557 571 4619; x_wconf 95' lang='lat' dir='ltr'>in</span> <span class='ocrx_word' id='word_1_484' title='bbox 596 4556 673 4619; x_wconf 90' lang='lat' dir='ltr'>celis</span> <span class='ocrx_word' id='word_1_485' title='bbox 691 4554 727 4638; x_wconf 79' lang='lat'>²).</span> <span class='ocrx_word' id='word_1_486' title='bbox 772 4555 839 4637; x_wconf 89' lang='lat' dir='ltr'>Ipsi</span> <span class='ocrx_word' id='word_1_487' title='bbox 863 4574 997 4635; x_wconf 90' lang='lat' dir='ltr'>quoque</span> <span class='ocrx_word' id='word_1_488' title='bbox 1020 4563 1053 4619; x_wconf 90' lang='lat' dir='ltr'>et</span> <span class='ocrx_word' id='word_1_489' title='bbox 1075 4557 1208 4638; x_wconf 90' lang='lat' dir='ltr'>proprie</span> <span class='ocrx_word' id='word_1_490' title='bbox 1232 4556 1367 4620; x_wconf 86' lang='lat' dir='ltr'>firmitas</span> <span class='ocrx_word' id='word_1_491' title='bbox 1391 4565 1424 4620; x_wconf 89' lang='lat' dir='ltr'>et</span> <span class='ocrx_word' id='word_1_492' title='bbox 1446 4556 1550 4621; x_wconf 88' lang='lat' dir='ltr'>aliene</span> <span class='ocrx_word' id='word_1_493' title='bbox 1573 4556 1650 4620; x_wconf 88' lang='lat' dir='ltr'>fidei</span> <span class='ocrx_word' id='word_1_494' title='bbox 1674 4577 1750 4620; x_wconf 89' lang='lat' dir='ltr'>con-</span> 
     </span>
     <span class='ocr_line' id='line_1_47' title="bbox 90 4642 1752 4729; baseline 0.002 -24"><span class='ocrx_word' id='word_1_495' title='bbox 90 4642 219 4710; x_wconf 88' lang='lat' dir='ltr'>firmatio</span> <span class='ocrx_word' id='word_1_496' title='bbox 243 4648 362 4712; x_wconf 92' lang='lat' dir='ltr'>eodem</span> <span class='ocrx_word' id='word_1_497' title='bbox 394 4647 459 4709; x_wconf 92' lang='lat' dir='ltr'>deo</span> <span class='ocrx_word' id='word_1_498' title='bbox 489 4653 624 4708; x_wconf 92' lang='lat' dir='ltr'>auctore</span> <span class='ocrx_word' id='word_1_499' title='bbox 647 4651 818 4728; x_wconf 91' lang='lat' dir='ltr'>prestatur,</span> <span class='ocrx_word' id='word_1_500' title='bbox 842 4665 917 4707; x_wconf 92' lang='lat' dir='ltr'>cum</span> <span class='ocrx_word' id='word_1_501' title='bbox 941 4646 983 4708; x_wconf 88' lang='lat' dir='ltr'>ad</span> <span class='ocrx_word' id='word_1_502' title='bbox 1007 4665 1082 4708; x_wconf 90' lang='lat' dir='ltr'>eum</span> <span class='ocrx_word' id='word_1_503' title='bbox 1105 4645 1238 4709; x_wconf 83' lang='lat' dir='ltr'>dicitur:</span> <span class='ocrx_word' id='word_1_504' title='bbox 1276 4646 1403 4729; x_wconf 89' lang='lat' dir='ltr'>Rogavi</span> <span class='ocrx_word' id='word_1_505' title='bbox 1426 4667 1487 4728; x_wconf 91' lang='lat' dir='ltr'>pro</span> <span class='ocrx_word' id='word_1_506' title='bbox 1509 4652 1552 4721; x_wconf 90' lang='lat' dir='ltr'>te,</span> <span class='ocrx_word' id='word_1_507' title='bbox 1581 4648 1686 4723; x_wconf 90' lang='lat' dir='ltr'>Petre,</span> <span class='ocrx_word' id='word_1_508' title='bbox 1717 4653 1752 4708; x_wconf 92' lang='lat' dir='ltr'>ut</span> 
     </span>
     <span class='ocr_line' id='line_1_48' title="bbox 90 4733 1753 4818; baseline 0.002 -24"><span class='ocrx_word' id='word_1_509' title='bbox 90 4753 148 4796; x_wconf 92' lang='lat' dir='ltr'>non</span> <span class='ocrx_word' id='word_1_510' title='bbox 169 4735 302 4801; x_wconf 86' lang='lat' dir='ltr'>deficiat</span> <span class='ocrx_word' id='word_1_511' title='bbox 324 4736 407 4799; x_wconf 88' lang='lat' dir='ltr'>fides</span> <span class='ocrx_word' id='word_1_512' title='bbox 430 4743 495 4809; x_wconf 88' lang='lat' dir='ltr'>tua,</span> <span class='ocrx_word' id='word_1_513' title='bbox 519 4742 553 4797; x_wconf 92' lang='lat' dir='ltr'>et</span> <span class='ocrx_word' id='word_1_514' title='bbox 575 4743 611 4798; x_wconf 93' lang='lat' dir='ltr'>tu</span> <span class='ocrx_word' id='word_1_515' title='bbox 633 4734 808 4816; x_wconf 88' lang='lat' dir='ltr'>aliquando</span> <span class='ocrx_word' id='word_1_516' title='bbox 832 4753 1007 4797; x_wconf 89' lang='lat' dir='ltr'>conversus</span> <span class='ocrx_word' id='word_1_517' title='bbox 1023 4734 1180 4798; x_wconf 86' lang='lat' dir='ltr'>confirma</span> <span class='ocrx_word' id='word_1_518' title='bbox 1200 4735 1314 4798; x_wconf 83' lang='lat' dir='ltr'>iratres</span> <span class='ocrx_word' id='word_1_519' title='bbox 1329 4742 1403 4799; x_wconf 89' lang='lat' dir='ltr'>tuos</span> <span class='ocrx_word' id='word_1_520' title='bbox 1421 4735 1457 4817; x_wconf 77' lang='lat'>⁸).</span> <span class='ocrx_word' id='word_1_521' title='bbox 1496 4733 1641 4818; x_wconf 91' lang='lat' dir='ltr'>Oportet</span> <span class='ocrx_word' id='word_1_522' title='bbox 1656 4736 1753 4817; x_wconf 90' lang='lat' dir='ltr'>igitur</span> 
     </span>
     <span class='ocr_line' id='line_1_49' title="bbox 91 4822 1752 4908; baseline 0.002 -25"><span class='ocrx_word' id='word_1_523' title='bbox 91 4842 152 4900; x_wconf 86' lang='lat' dir='ltr'>nos,</span> <span class='ocrx_word' id='word_1_524' title='bbox 174 4827 244 4904; x_wconf 94' lang='lat' dir='ltr'>qui,</span> <span class='ocrx_word' id='word_1_525' title='bbox 267 4826 344 4889; x_wconf 90' lang='lat' dir='ltr'>licet</span> <span class='ocrx_word' id='word_1_526' title='bbox 365 4825 499 4907; x_wconf 86' lang='lat' dir='ltr'>indigni,</span> <span class='ocrx_word' id='word_1_527' title='bbox 529 4824 618 4887; x_wconf 90' lang='lat' dir='ltr'>beati</span> <span class='ocrx_word' id='word_1_528' title='bbox 640 4824 726 4887; x_wconf 90' lang='lat' dir='ltr'>Petri</span> <span class='ocrx_word' id='word_1_529' title='bbox 751 4823 931 4886; x_wconf 89' lang='lat' dir='ltr'>residemus</span> <span class='ocrx_word' id='word_1_530' title='bbox 954 4825 987 4886; x_wconf 94' lang='lat' dir='ltr'>in</span> <span class='ocrx_word' id='word_1_531' title='bbox 1009 4822 1099 4900; x_wconf 82' lang='lat' dir='ltr'>locO,</span> <span class='ocrx_word' id='word_1_532' title='bbox 1133 4832 1231 4908; x_wconf 90' lang='lat' dir='ltr'>prout</span> <span class='ocrx_word' id='word_1_533' title='bbox 1262 4825 1369 4888; x_wconf 89' lang='lat' dir='ltr'>divina</span> <span class='ocrx_word' id='word_1_534' title='bbox 1399 4823 1493 4887; x_wconf 89' lang='lat' dir='ltr'>nobis</span> <span class='ocrx_word' id='word_1_535' title='bbox 1522 4824 1695 4888; x_wconf 91' lang='lat' dir='ltr'>clementia</span> <span class='ocrx_word' id='word_1_536' title='bbox 1718 4832 1752 4888; x_wconf 93' lang='lat' dir='ltr'>et</span> 
     </span>
     <span class='ocr_line' id='line_1_50' title="bbox 91 4912 1752 4997; baseline 0.004 -26"><span class='ocrx_word' id='word_1_537' title='bbox 91 4913 164 4976; x_wconf 89' lang='lat' dir='ltr'>scire</span> <span class='ocrx_word' id='word_1_538' title='bbox 185 4923 219 4977; x_wconf 90' lang='lat' dir='ltr'>et</span> <span class='ocrx_word' id='word_1_539' title='bbox 241 4935 341 4997; x_wconf 91' lang='lat' dir='ltr'>posse</span> <span class='ocrx_word' id='word_1_540' title='bbox 364 4915 545 4988; x_wconf 90' lang='lat' dir='ltr'>donaverit,</span> <span class='ocrx_word' id='word_1_541' title='bbox 569 4933 669 4995; x_wconf 91' lang='lat' dir='ltr'>prava</span> <span class='ocrx_word' id='word_1_542' title='bbox 692 4913 865 4994; x_wconf 90' lang='lat' dir='ltr'>corrigere,</span> <span class='ocrx_word' id='word_1_543' title='bbox 890 4920 978 4975; x_wconf 88' lang='lat' dir='ltr'>recta</span> <span class='ocrx_word' id='word_1_544' title='bbox 1001 4912 1132 4976; x_wconf 91' lang='lat' dir='ltr'>firmare</span> <span class='ocrx_word' id='word_1_545' title='bbox 1153 4922 1187 4977; x_wconf 93' lang='lat' dir='ltr'>et</span> <span class='ocrx_word' id='word_1_546' title='bbox 1209 4916 1242 4977; x_wconf 90' lang='lat' dir='ltr'>in</span> <span class='ocrx_word' id='word_1_547' title='bbox 1265 4917 1333 4977; x_wconf 90' lang='lat' dir='ltr'>eius</span> <span class='ocrx_word' id='word_1_548' title='bbox 1357 4913 1496 4978; x_wconf 88' lang='lat' dir='ltr'>ecclesia</span> <span class='ocrx_word' id='word_1_549' title='bbox 1517 4915 1562 4977; x_wconf 92' lang='lat' dir='ltr'>sic</span> <span class='ocrx_word' id='word_1_550' title='bbox 1578 4913 1621 4977; x_wconf 89' lang='lat' dir='ltr'>ad</span> <span class='ocrx_word' id='word_1_551' title='bbox 1637 4915 1752 4977; x_wconf 90' lang='lat' dir='ltr'>interni</span> 
     </span>
     <span class='ocr_line' id='line_1_51' title="bbox 91 5001 1752 5086; baseline 0.002 -24"><span class='ocrx_word' id='word_1_552' title='bbox 91 5001 250 5068; x_wconf 89' lang='lat' dir='ltr'>arbitrium</span> <span class='ocrx_word' id='word_1_553' title='bbox 281 5004 394 5066; x_wconf 91' lang='lat' dir='ltr'>iudicis</span> <span class='ocrx_word' id='word_1_554' title='bbox 425 5003 632 5085; x_wconf 89' lang='lat' dir='ltr'>disponenda</span> <span class='ocrx_word' id='word_1_555' title='bbox 664 5003 848 5084; x_wconf 90' lang='lat' dir='ltr'>disponere,</span> <span class='ocrx_word' id='word_1_556' title='bbox 877 5009 913 5065; x_wconf 91' lang='lat' dir='ltr'>ut</span> <span class='ocrx_word' id='word_1_557' title='bbox 936 5003 978 5064; x_wconf 90' lang='lat' dir='ltr'>de</span> <span class='ocrx_word' id='word_1_558' title='bbox 1000 5002 1091 5066; x_wconf 90' lang='lat' dir='ltr'>vultu</span> <span class='ocrx_word' id='word_1_559' title='bbox 1114 5005 1183 5067; x_wconf 91' lang='lat' dir='ltr'>eius</span> <span class='ocrx_word' id='word_1_560' title='bbox 1206 5004 1361 5066; x_wconf 89' lang='lat' dir='ltr'>iudicium</span> <span class='ocrx_word' id='word_1_561' title='bbox 1386 5011 1533 5066; x_wconf 89' lang='lat' dir='ltr'>nostrum</span> <span class='ocrx_word' id='word_1_562' title='bbox 1557 5003 1695 5086; x_wconf 91' lang='lat' dir='ltr'>prodeat</span> <span class='ocrx_word' id='word_1_563' title='bbox 1718 5012 1752 5066; x_wconf 90' lang='lat' dir='ltr'>et</span> 
     </span>
     <span class='ocr_line' id='line_1_52' title="bbox 92 5090 1751 5174; baseline 0.001 -21"><span class='ocrx_word' id='word_1_564' title='bbox 92 5090 169 5154; x_wconf 89' lang='lat' dir='ltr'>oculi</span> <span class='ocrx_word' id='word_1_565' title='bbox 191 5095 293 5156; x_wconf 89' lang='lat' dir='ltr'>nostri</span> <span class='ocrx_word' id='word_1_566' title='bbox 316 5093 450 5157; x_wconf 91' lang='lat' dir='ltr'>videant</span> <span class='ocrx_word' id='word_1_567' title='bbox 472 5095 661 5174; x_wconf 88' lang='lat' dir='ltr'>equitatem.</span> <span class='ocrx_word' id='word_1_568' title='bbox 707 5090 838 5173; x_wconf 92' lang='lat' dir='ltr'>Equum</span> <span class='ocrx_word' id='word_1_569' title='bbox 862 5098 913 5153; x_wconf 90' lang='lat' dir='ltr'>est</span> <span class='ocrx_word' id='word_1_570' title='bbox 928 5111 1007 5174; x_wconf 90' lang='lat' dir='ltr'>ergo</span> <span class='ocrx_word' id='word_1_571' title='bbox 1031 5113 1069 5155; x_wconf 90' lang='lat' dir='ltr'>ac</span> <span class='ocrx_word' id='word_1_572' title='bbox 1085 5092 1288 5169; x_wconf 87' lang='lat' dir='ltr'>rationabile,</span> <span class='ocrx_word' id='word_1_573' title='bbox 1311 5100 1346 5155; x_wconf 93' lang='lat' dir='ltr'>ut</span> <span class='ocrx_word' id='word_1_574' title='bbox 1366 5113 1442 5156; x_wconf 92' lang='lat' dir='ltr'>suus</span> <span class='ocrx_word' id='word_1_575' title='bbox 1458 5094 1631 5173; x_wconf 90' lang='lat' dir='ltr'>unicuique</span> <span class='ocrx_word' id='word_1_576' title='bbox 1645 5092 1751 5156; x_wconf 91' lang='lat' dir='ltr'>honor</span> 
     </span>
     <span class='ocr_line' id='line_1_53' title="bbox 92 5179 1750 5265; baseline 0.004 -25"><span class='ocrx_word' id='word_1_577' title='bbox 92 5181 219 5246; x_wconf 88' lang='lat' dir='ltr'>ecclesie</span> <span class='ocrx_word' id='word_1_578' title='bbox 249 5203 289 5245; x_wconf 90' lang='lat' dir='ltr'>ae</span> <span class='ocrx_word' id='word_1_579' title='bbox 319 5183 458 5264; x_wconf 87' lang='lat' dir='ltr'>dignitas</span> <span class='ocrx_word' id='word_1_580' title='bbox 489 5188 700 5244; x_wconf 90' lang='lat' dir='ltr'>conservetur</span> <span class='ocrx_word' id='word_1_581' title='bbox 730 5188 771 5255; x_wconf 83' lang='lat' dir='ltr'>et,</span> <span class='ocrx_word' id='word_1_582' title='bbox 800 5182 884 5243; x_wconf 91' lang='lat' dir='ltr'>sicut</span> <span class='ocrx_word' id='word_1_583' title='bbox 916 5182 948 5244; x_wconf 91' lang='lat' dir='ltr'>in</span> <span class='ocrx_word' id='word_1_584' title='bbox 980 5179 1112 5245; x_wconf 91' lang='lat' dir='ltr'>humani</span> <span class='ocrx_word' id='word_1_585' title='bbox 1138 5202 1299 5264; x_wconf 90' lang='lat' dir='ltr'>compage</span> <span class='ocrx_word' id='word_1_586' title='bbox 1322 5184 1471 5265; x_wconf 87' lang='lat' dir='ltr'>corporis</span> <span class='ocrx_word' id='word_1_587' title='bbox 1494 5181 1645 5245; x_wconf 89' lang='lat' dir='ltr'>naturalis</span> <span class='ocrx_word' id='word_1_588' title='bbox 1669 5183 1750 5246; x_wconf 86' lang='lat' dir='ltr'>ratio</span> 
     </span>
     <span class='ocr_line' id='line_1_54' title="bbox 92 5267 1750 5354; baseline 0.003 -25"><span class='ocrx_word' id='word_1_589' title='bbox 92 5269 216 5352; x_wconf 88' lang='lat' dir='ltr'>singulis</span> <span class='ocrx_word' id='word_1_590' title='bbox 239 5271 499 5354; x_wconf 90' lang='lat' dir='ltr'>quibuscumque</span> <span class='ocrx_word' id='word_1_591' title='bbox 523 5271 679 5335; x_wconf 90' lang='lat' dir='ltr'>membris</span> <span class='ocrx_word' id='word_1_592' title='bbox 702 5267 902 5332; x_wconf 88' lang='lat' dir='ltr'>adsalutem</span> <span class='ocrx_word' id='word_1_593' title='bbox 924 5271 1098 5352; x_wconf 88' lang='lat' dir='ltr'>providens</span> <span class='ocrx_word' id='word_1_594' title='bbox 1125 5271 1284 5354; x_wconf 90' lang='lat' dir='ltr'>speciales</span> <span class='ocrx_word' id='word_1_595' title='bbox 1302 5280 1335 5334; x_wconf 92' lang='lat' dir='ltr'>et</span> <span class='ocrx_word' id='word_1_596' title='bbox 1349 5271 1500 5353; x_wconf 91' lang='lat' dir='ltr'>proprios</span> <span class='ocrx_word' id='word_1_597' title='bbox 1515 5280 1606 5335; x_wconf 87' lang='lat' dir='ltr'>actus</span> <span class='ocrx_word' id='word_1_598' title='bbox 1622 5272 1750 5348; x_wconf 89' lang='lat' dir='ltr'>edocet,</span> 
     </span>
     <span class='ocr_line' id='line_1_55' title="bbox 93 5359 1749 5444; baseline 0.002 -25"><span class='ocrx_word' id='word_1_599' title='bbox 93 5359 296 5424; x_wconf 89' lang='lat' dir='ltr'>nobilioribus</span> <span class='ocrx_word' id='word_1_600' title='bbox 326 5382 405 5424; x_wconf 90' lang='lat' dir='ltr'>vero</span> <span class='ocrx_word' id='word_1_601' title='bbox 436 5381 528 5424; x_wconf 89' lang='lat' dir='ltr'>suam</span> <span class='ocrx_word' id='word_1_602' title='bbox 558 5360 749 5442; x_wconf 89' lang='lat' dir='ltr'>dignitatem</span> <span class='ocrx_word' id='word_1_603' title='bbox 781 5367 963 5436; x_wconf 90' lang='lat' dir='ltr'>conservat,</span> <span class='ocrx_word' id='word_1_604' title='bbox 994 5360 1038 5423; x_wconf 88' lang='lat' dir='ltr'>ita</span> <span class='ocrx_word' id='word_1_605' title='bbox 1070 5363 1101 5424; x_wconf 91' lang='lat' dir='ltr'>in</span> <span class='ocrx_word' id='word_1_606' title='bbox 1133 5381 1273 5444; x_wconf 90' lang='lat' dir='ltr'>corpore</span> <span class='ocrx_word' id='word_1_607' title='bbox 1304 5361 1442 5424; x_wconf 89' lang='lat' dir='ltr'>ecclesie</span> <span class='ocrx_word' id='word_1_608' title='bbox 1473 5361 1653 5444; x_wconf 90' lang='lat' dir='ltr'>apostolica</span> <span class='ocrx_word' id='word_1_609' title='bbox 1675 5381 1749 5444; x_wconf 90' lang='lat' dir='ltr'>pro-</span> 
     </span>
     <span class='ocr_line' id='line_1_56' title="bbox 93 5447 1751 5533; baseline 0.004 -26"><span class='ocrx_word' id='word_1_610' title='bbox 93 5447 227 5514; x_wconf 89' lang='lat' dir='ltr'>videntia</span> <span class='ocrx_word' id='word_1_611' title='bbox 253 5452 433 5514; x_wconf 90' lang='lat' dir='ltr'>secundum</span> <span class='ocrx_word' id='word_1_612' title='bbox 462 5470 627 5514; x_wconf 90' lang='lat' dir='ltr'>sacrorum</span> <span class='ocrx_word' id='word_1_613' title='bbox 652 5447 869 5511; x_wconf 90' lang='lat' dir='ltr'>institutiones</span> <span class='ocrx_word' id='word_1_614' title='bbox 894 5469 1056 5513; x_wconf 90' lang='lat' dir='ltr'>canonum</span> <span class='ocrx_word' id='word_1_615' title='bbox 1090 5453 1252 5514; x_wconf 89' lang='lat' dir='ltr'>universas</span> <span class='ocrx_word' id='word_1_616' title='bbox 1282 5451 1365 5532; x_wconf 87' lang='lat' dir='ltr'>regit</span> <span class='ocrx_word' id='word_1_617' title='bbox 1397 5450 1557 5526; x_wconf 89' lang='lat' dir='ltr'>ecclesias,</span> <span class='ocrx_word' id='word_1_618' title='bbox 1588 5451 1751 5533; x_wconf 90' lang='lat' dir='ltr'>digniores</span> 
     </span>
     <span class='ocr_line' id='line_1_57' title="bbox 93 5539 1750 5622; baseline 0.003 -24"><span class='ocrx_word' id='word_1_619' title='bbox 93 5546 194 5603; x_wconf 89' lang='lat' dir='ltr'>autem</span> <span class='ocrx_word' id='word_1_620' title='bbox 224 5547 258 5604; x_wconf 91' lang='lat' dir='ltr'>et</span> <span class='ocrx_word' id='word_1_621' title='bbox 287 5539 480 5604; x_wconf 79' lang='lat' dir='ltr'>famosiores</span> <span class='ocrx_word' id='word_1_622' title='bbox 511 5541 543 5602; x_wconf 93' lang='lat' dir='ltr'>in</span> <span class='ocrx_word' id='word_1_623' title='bbox 573 5540 622 5602; x_wconf 90' lang='lat' dir='ltr'>sui</span> <span class='ocrx_word' id='word_1_624' title='bbox 653 5545 757 5600; x_wconf 87' lang='lat' dir='ltr'>status</span> <span class='ocrx_word' id='word_1_625' title='bbox 786 5541 994 5620; x_wconf 85' lang='lat' dir='ltr'>prerogativa</span> <span class='ocrx_word' id='word_1_626' title='bbox 1025 5540 1174 5603; x_wconf 91' lang='lat' dir='ltr'>custodit.</span> <span class='ocrx_word' id='word_1_627' title='bbox 1221 5540 1324 5603; x_wconf 90' lang='lat' dir='ltr'>Huius</span> <span class='ocrx_word' id='word_1_628' title='bbox 1347 5541 1459 5622; x_wconf 87' lang='lat' dir='ltr'>itaque</span> <span class='ocrx_word' id='word_1_629' title='bbox 1482 5540 1614 5603; x_wconf 88' lang='lat' dir='ltr'>rationis</span> <span class='ocrx_word' id='word_1_630' title='bbox 1637 5540 1750 5604; x_wconf 90' lang='lat' dir='ltr'>debito</span> 
     </span>
    </p>
   </div>
   <div class='ocr_carea' id='block_1_9' title="bbox 95 5671 506 5682">
    <p class='ocr_par' dir='ltr' id='par_1_21' title="bbox 95 5671 506 5682">
     <span class='ocr_line' id='line_1_58' title="bbox 95 5671 506 5682; baseline 0.01 -5"><span class='ocrx_word' id='word_1_631' title='bbox 95 5671 242 5682; x_wconf 56' lang='grc' dir='ltr'>-ψ</span> <span class='ocrx_word' id='word_1_632' title='bbox 474 5675 506 5681; x_wconf 78' lang='grc'>...-</span> 
     </span>
    </p>
   </div>
   <div class='ocr_carea' id='block_1_10' title="bbox 245 5731 1750 5802">
    <p class='ocr_par' dir='ltr' id='par_1_22' title="bbox 245 5731 1750 5802">
     <span class='ocr_line' id='line_1_59' title="bbox 245 5731 1750 5802; baseline 0 -17"><span class='ocrx_word' id='word_1_633' title='bbox 245 5737 270 5802; x_wconf 90' lang='lat'>1)</span> <span class='ocrx_word' id='word_1_634' title='bbox 295 5735 371 5800; x_wconf 82' lang='lat' dir='ltr'>Vergl.</span> <span class='ocrx_word' id='word_1_635' title='bbox 391 5734 428 5785; x_wconf 82' lang='lat' dir='ltr'>die</span> <span class='ocrx_word' id='word_1_636' title='bbox 451 5735 510 5786; x_wconf 80' lang='lat' dir='ltr'>Urk.</span> <span class='ocrx_word' id='word_1_637' title='bbox 528 5749 583 5783; x_wconf 83' lang='lat' dir='ltr'>vem</span> <span class='ocrx_word' id='word_1_638' title='bbox 596 5736 630 5784; x_wconf 78' lang='lat'>21</span> <span class='ocrx_word' id='word_1_639' title='bbox 647 5731 715 5798; x_wconf 80' lang='lat' dir='ltr'>Juni</span> <span class='ocrx_word' id='word_1_640' title='bbox 732 5731 798 5782; x_wconf 83' lang='grc'><em>1138</em></span> <span class='ocrx_word' id='word_1_641' title='bbox 815 5731 871 5782; x_wconf 81' lang='lat' dir='ltr'>und</span> <span class='ocrx_word' id='word_1_642' title='bbox 888 5735 920 5784; x_wconf 77' lang='grc'><em>19</em></span> <span class='ocrx_word' id='word_1_643' title='bbox 940 5731 995 5782; x_wconf 85' lang='lat' dir='ltr'>Mai</span> <span class='ocrx_word' id='word_1_644' title='bbox 1013 5733 1086 5783; x_wconf 79' lang='lat'><strong><em>1154.</em></strong></span> <span class='ocrx_word' id='word_1_645' title='bbox 1159 5734 1187 5797; x_wconf 76' lang='grc' dir='ltr'>ι)</span> <span class='ocrx_word' id='word_1_646' title='bbox 1205 5731 1323 5782; x_wconf 77' lang='grc' dir='ltr'>ΜαΙΙιᾶιιι</span> <span class='ocrx_word' id='word_1_647' title='bbox 1345 5734 1384 5794; x_wconf 82' lang='grc'><em>16,</em></span> <span class='ocrx_word' id='word_1_648' title='bbox 1406 5733 1447 5782; x_wconf 86' lang='grc'><em>19.</em></span> <span class='ocrx_word' id='word_1_649' title='bbox 1520 5733 1547 5800; x_wconf 82' lang='grc'>3)</span> <span class='ocrx_word' id='word_1_650' title='bbox 1563 5732 1750 5793; x_wconf 71' lang='lat' dir='ltr'>Lucas22,32.</span> 
     </span>
    </p>
   </div>
   <div class='ocr_carea' id='block_1_11' title="bbox 0 0 2080 6356">
    <p class='ocr_par' dir='ltr' id='par_1_23' title="bbox 0 0 2080 6356">
     <span class='ocr_line' id='line_1_60' title="bbox 0 0 2080 6356; baseline 0 0"><span class='ocrx_word' id='word_1_651' title='bbox 0 0 2080 6356; x_wconf 95' lang='lat' dir='ltr'> </span> 
     </span>
    </p>
   </div>
  </div>
 </body>
</html>
