4090 6358
1668 343 1708 416 33

204 524 246 573 Or.
265 523 297 571 inc
316 522 469 588 allgenceincn
485 520 666 570 Relchsarchiue
683 537 714 570 an
732 521 867 573 Miinchen.

202 595 271 660 Perg.
296 594 356 654 nac,
382 595 416 644 br.
444 595 631 653 0,585-0,59,
660 594 718 659 lang
736 596 810 653 ont,
837 601 910 644 κκίακ
929 611 947 643 α.
967 598 1045 656 0,035
1069 595 1261 661 neregeschlagen‚
1290 597 1367 646 durch
1394 595 1452 645 eruci
1478 595 1571 645 Lbcher
1592 596 1650 661 geht
1674 595 1711 644 dic

38 666 211 730 urspric'nglich
234 666 301 715 ruehl
322 683 376 714 rosa
400 666 455 714 und
475 665 606 730 rueissgelbe
630 665 781 730 diinnsddcge
799 666 986 727 Seidcnschnnr,
1012 683 1098 717 rueran
1122 667 1166 716 dns
1183 668 1309 733 Blcisiegcl
1322 669 1370 718 Nr.
1391 672 1406 716 4
1424 668 1507 733 hdrrgt.
1544 667 1653 733 Faltung
1669 667 1712 716 dcr

39 738 134 784 Bnllen.
175 737 246 786 Erstc
270 737 333 786 Zeilc
359 753 405 786 nen
430 737 473 786 der
496 737 579 785 cheren
602 737 683 785 Κακία
708 739 795 796 0,065,
823 737 993 802 Hauptlebrper
1017 755 1065 788 uon
1090 739 1133 787 der
1154 739 1237 788 lcnhen
1255 741 1342 799 0,035,
1368 755 1416 788 ven
1440 740 1484 789 der
1505 738 1598 788 rechten
1623 741 1710 799 0,038.

40 808 170 856 lrrihicl-E:
194 809 290 868 Undal,
308 810 406 858 κανκίααί
423 808 478 858 und
491 807 559 857 scarb
577 807 769 873 heringehobcn,
795 807 852 857 hoch
871 811 958 869 0,036,
984 811 1032 874 ties
1046 812 1115 870 0,02.
1153 811 1200 859 Die
1225 810 1301 859 Wrrte
1324 810 1351 859 in
1375 811 1417 860 der
1440 818 1515 860 ersten
1534 809 1596 859 Zeile
1609 818 1656 875 gret
1670 826 1711 876 ge-

39 887 128 938 ίαακκί,
159 880 198 928 die
219 881 366 945 Obcrlcingcn
380 879 507 946 gestrcckt,
535 880 572 928 die
601 880 678 928 dcrd
702 879 747 928 mit
768 880 1058 940 Rundwichclschnbrkel,
1086 882 1184 931 dieder
1201 881 1272 929 imit
1294 881 1349 930 weit
1370 881 1559 948 hinabgehenden
1582 881 1638 930 und
1658 897 1711 931 ver-

39 952 170 1000 biinslelten
190 951 475 1016 Spr'tsrm'cleclschnbrhcln
493 951 612 1010 versehen,
631 951 676 999 das
693 951 716 999 G
735 951 775 1000 des
792 953 928 1002 Abnamens
949 954 980 1000 ist
996 953 1119 1018 einfacher
1135 953 1318 1018 schuppenntg
1334 953 1462 1002 venicrtcr
1478 952 1617 1002 Huchstabc.
1656 953 1711 1002 Ver·

39 1024 149 1088 eurgnng
170 1023 218 1072 Nr.
238 1026 255 1072 6
275 1023 359 1088 Jle
370 1039 377 1052 ·
397 1039 411 1083 ·,
438 1025 515 1072 beteret
535 1023 592 1071 und
611 1023 643 1070 im
659 1023 674 1087 J
692 1023 748 1071 und
763 1023 790 1071 M
808 1023 912 1084 vnaiert,
932 1025 999 1074 nense
1015 1027 1099 1083 0,127.
1136 1024 1354 1089 Kensceiptschn'ft
1369 1025 1425 1074 sehr
1446 1025 1547 1084 n‘erlich,
1573 1025 1609 1074 die
1626 1023 1711 1090 ergeni-

39 1096 96 1144 lichc
112 1095 162 1144 Art
179 1095 280 1160 Eugens
296 1095 452 1160 accswer'send,
472 1095 509 1144 die
527 1093 668 1158 Majnshcln
696 1095 753 1143 sind
768 1095 847 1160 conreg
862 1095 1054 1160 her-uergehoben,
1081 1101 1103 1144 st
1119 1097 1213 1144 undet
1229 1096 1307 1145 steten
1331 1097 1460 1146 mittelwn't
1475 1113 1522 1145 von
1547 1097 1667 1156 einander,
1694 1113 1711 1161 g

40 1167 81 1214 κίί
102 1167 238 1230 cr‘rrsachcue
272 1167 492 1219 Wicleelschnbrkel.
530 1166 675 1214 Zeilcnwcc'tc
697 1167 784 1224 0,018.
820 1167 897 1215 Ακίακ
921 1167 1003 1216 Nr.?
1028 1167 1080 1230 anf
1100 1167 1146 1216 den
1171 1169 1253 1216 Rauen
1276 1183 1323 1216 ven
1349 1169 1425 1226 0,024
1450 1168 1710 1234 zusammengedrcingt.

40 1240 98 1286 h'ote
117 1237 167 1286 Nr.
191 1242 214 1297 1,
236 1239 269 1286 im
288 1238 464 1288 Dnrchnecsser
480 1240 571 1296 0,058,
597 1253 644 1286 von
668 1237 711 1285 der
733 1239 813 1286 letzten
832 1237 894 1286 Zeile
912 1240 997 1298 0,011,
1021 1254 1068 1287 κακ
1087 1239 1130 1287 der
1150 1239 1232 1287 Iinhen
1249 1239 1330 1287 Κακία
1348 1241 1435 1298 0,095,
1459 1255 1513 1288 uem
1531 1237 1712 1305 Monegramnee

40 1325 59 1360 c.
77 1311 147 1369 0‚2⁸.
199 1309 383 1375 Monogrannn,
410 1317 484 1358 etwas
507 1310 595 1360 betentc
619 1308 719 1366 binim,
747 1308 791 1357 Nr.
813 1310 851 1368 21),
880 1309 938 1358 hoch
963 1311 1054 1369 0,057,
1081 1311 1140 1358 berit
1164 1313 1232 1370 0,04,
1260 1325 1307 1359 ven
1335 1310 1378 1359 der
1402 1310 1495 1360 rechten
1519 1311 1599 1360 Κακία
1622 1313 1710 1370 0,112.

44 1380 192 1445 lc'rnschn'st:
219 1381 294 1429 Βὶκία
309 1383 364 1446 fiir
384 1381 441 1441 sich,
469 1381 604 1448 Ringlerens
627 1381 682 1428 und
709 1380 872 1442 Untcrschrist
896 1381 1011 1446 ebensalls
1027 1382 1103 1430 Dinte
1120 1383 1175 1446 fiir
1198 1381 1256 1431 sich.
1293 1382 1422 1448 Datineng
1447 1397 1501 1431 vem
1525 1381 1646 1432 Schreiber
1672 1382 1712 1431 des

40 1452 227 1516 Hauptlebrpcrs,
247 1453 321 1502 darin
333 1453 455 1502 Gnidonis
474 1453 518 1500 enit
534 1451 693 1501 rothbrenner
706 1452 779 1500 Dinte
796 1451 952 1518 eingetragcn.
990 1453 1037 1501 Dic
1050 1453 1143 1518 Zeugen
1160 1453 1267 1502 schcinen
1279 1454 1326 1501 alle
1336 1453 1381 1501 mit
1393 1453 1498 1518 gleicher
1506 1454 1564 1518 sest
1580 1454 1713 1502 schwane'r

40 1525 112 1573 Βὶκία
125 1525 241 1588 gemacht
256 1525 360 1584 nasein,
379 1525 415 1572 dic
435 1525 557 1588 bresbytcr
573 1523 651 1571 sicher
666 1539 714 1571 von
731 1523 797 1572 einer
812 1524 868 1570 und
883 1524 999 1574 derselbcn
1017 1523 1107 1583 Hand,
1132 1523 1170 1572 die
1186 1541 1211 1572 so
1225 1531 1273 1589 gret
1292 1525 1337 1573 κὶα
1354 1523 1421 1573 nicht
1437 1524 1654 1584 individnah'sirte,
1679 1525 1712 1574 sic

40 1596 80 1643 hat
95 1595 160 1643 anch
178 1596 217 1644 die
235 1596 360 1644 Dichonen
382 1595 434 1644 Ono
458 1596 513 1644 und
531 1595 610 1643 Gnide
628 1593 663 1658 (S.
685 1593 774 1660 Μανία)
801 1595 958 1660 eingctragen.
995 1596 1052 1644 nter
1067 1595 1113 1644 den
1133 1595 1239 1662 gleiehen
1257 1595 1380 1645 Schrec'bcr
1398 1595 1489 1660 speicht
1505 1596 1581 1656 aruh,
1605 1598 1661 1645 dass
1677 1597 1713 1645 bei

41 1667 82 1715 den
99 1675 177 1716 ersten
196 1667 276 1716 beiden
296 1668 435 1733 Presbytern
453 1667 586 1716 cardinalis
606 1665 662 1714 und
677 1665 739 1714 tituli
763 1667 953 1730 mngeschrieben
971 1667 1011 1726 ist,
1039 1667 1131 1716 Kalixti
1154 1667 1199 1716 mit
1216 1668 1248 1727 K,
1273 1667 1311 1716 die
1331 1667 1444 1717 ndchsten
1469 1667 1522 1717 drei
1540 1668 1616 1716 haben
1640 1667 1710 1718 kard.

41 1739 92 1785 nnd
106 1739 151 1800 tin,
170 1739 268 1787 Aribert
285 1739 371 1788 wieder
387 1739 457 1800 tituli,
475 1739 512 1788 dic
531 1737 656 1786 Diakbncn
678 1737 747 1785 Oddo
763 1738 818 1785 und
837 1738 916 1786 Guido
938 1739 1002 1787 anch
1020 1738 1090 1788 kard.
1128 1739 1172 1787 Bei
1187 1739 1233 1787 den
1249 1739 1354 1788 anderen
1372 1739 1474 1788 Firmen
1492 1739 1523 1788 ist
1538 1739 1592 1788 hein
1615 1739 1713 1788 sicheres

45 1810 138 1860 Untcil
151 1810 263 1875 rnbgh'ch.
299 1811 366 1859 Dass
383 1811 421 1858 die
438 1810 549 1874 Bischiffe
566 1809 621 1857 nnd
636 1808 763 1856 Dcirhoncn
780 1810 940 1874 systematirch
958 1811 1106 1876 eingetragen
1123 1810 1185 1868 sind,
1203 1810 1261 1876 reigt
1277 1810 1322 1858 das
1335 1810 1513 1877 gleichmdsnge
1531 1810 1712 1876 Ucberschlngen

35 1883 62 1948 jc
76 1883 143 1932 cirnr
160 1881 231 1931 Zeile.
268 1882 403 1949 Liniincng
417 1881 451 1931 bis
467 1897 497 1930 en
514 1882 559 1930 den
578 1880 737 1940 Seelenlinien,
755 1881 793 1946 ef!
810 1881 914 1931 daniber
930 1897 987 1950 weg,
1006 1889 1081 1932 κκίακ
1098 1881 1175 1932 bisin
1194 1882 1238 1930 des
1259 1881 1462 1948 Umgeschlagene.
1710 1905 1716 1914 ·

331 2300 337 2330 Ι
798 2217 864 2294 Nr.
896 2219 957 2293 82.

44 2368 156 2455 Engen
182 2369 250 2433 III
268 2369 407 2433 verleiht
433 2369 506 2432 dem
536 2369 687 2449 Bischofe
716 2369 892 2432 Eberhard
916 2389 976 2432 von
1003 2368 1169 2451 Bamberg
1196 2369 1259 2432 das
1288 2367 1432 2432 Pallinm
1465 2367 1537 2431 und
1564 2368 1714 2452 bestct'te'ge

45 2459 108 2522 ihm
123 2458 180 2524 die
197 2458 437 2524 Besitethic'mer
449 2459 553 2524 seines
568 2457 775 2538 Hechste'ftes,
798 2459 905 2538 wefic'r
916 2457 1066 2540 jc'r'hrlich
1086 2458 1138 2521 ein
1152 2459 1399 2544 ansgeec'c'umter
1410 2456 1589 2521 Schimmel
1600 2479 1643 2521 an
1658 2456 1712 2522 die

636 2545 740 2611 Kurie
760 2568 801 2612 ece
827 2545 1002 2610 entre'ehten
1025 2547 1069 2610 ist
1084 2549 1119 2627 ¹).

619 2683 703 2745 1146
717 2679 892 2744 December
912 2683 963 2743 31.
1006 2677 1138 2743 Viterbo.

200 2802 365 2882 Eugenius
393 2801 577 2882 episcopus
606 2817 717 2862 servus
748 2815 915 2860 servorum
939 2797 1000 2874 dei,
1031 2796 1208 2860 venerabili
1240 2796 1328 2858 fratri
1351 2794 1551 2872 Eberhard0,
1584 2793 1710 2859 Baben·
1790 2841 1795 2852 .

46 2890 193 2971 bergensi
214 2893 242 2968 ⁸)
272 2890 441 2971 episcop0,
474 2889 608 2969 eiusque
641 2887 889 2963 successoribus,
922 2887 1078 2950 canonice
1108 2885 1343 2949 substituendis
1373 2897 1411 2948 IN
1439 2896 1516 2947 PPM.
1539 2919 1582 2930 -
1603 2883 1607 2971 l
1629 2885 1711 2948 Cum

47 2979 199 3043 universis
229 2989 342 3065 sancte
374 2979 512 3064 ecclesie
539 2977 613 3040 filiis
646 2976 814 3039 debitores
844 2997 886 3039 ex
917 2977 1061 3039 iniuncto
1092 2975 1189 3038 nobis
1219 2996 1239 3037 a
1271 2974 1334 3037 deo
1365 2974 1569 3056 apostolatus
1600 2973 1711 3037 officio

46 3070 233 3144 existamus,
265 3068 327 3130 illis
355 3079 464 3130 tamen
496 3067 576 3129 locis
607 3077 705 3147 atque
736 3066 884 3146 personis
914 3066 1120 3147 propensiori
1153 3085 1214 3127 nos
1244 3063 1397 3126 convenit
1429 3063 1571 3126 caritatis
1602 3064 1711 3126 studio

47 3158 220 3234 imminere,
254 3177 317 3242 que
340 3157 382 3219 ad
406 3157 517 3220 sedem
542 3155 757 3237 apostolicam
780 3152 969 3238 nolscuntur
994 3154 1166 3237 specialius
1188 3153 1360 3235 pertinere.
1404 3153 1509 3214 Huius
1532 3152 1576 3215 rei
1598 3153 1711 3234 gratia,
1755 3217 1757 3221 .

46 3248 237 3310 venerabilis
261 3247 359 3309 frater
381 3247 575 3309 EBERARDE
598 3245 763 3326 episcope,
793 3264 891 3325 quem
915 3245 1035 3325 utique,
1067 3253 1266 3324 cooperante
1290 3241 1434 3316 domino,
1467 3242 1609 3324 propriis
1632 3253 1711 3304 tam-

48 3355 139 3416 quam
163 3335 254 3399 beati
270 3336 354 3398 Petri
379 3334 529 3397 manibus
552 3335 584 3396 in
609 3334 800 3415 episcopum
824 3333 1092 3408 consecravimus
1116 3351 1256 3416 persone
1278 3339 1333 3417 tue
1356 3330 1498 3413 pallium,
1517 3331 1712 3413 pontificalis

47 3426 165 3488 scilicet
190 3424 290 3488 officii
313 3423 560 3505 plenitudinem,
583 3422 774 3484 humilitatis
797 3430 830 3484 et
846 3422 964 3507 iustitie
987 3423 1123 3502 signum,
1148 3421 1191 3482 ad
1213 3440 1305 3483 sacra
1327 3421 1495 3483 missamm
1518 3421 1713 3502 sollempnia

47 3514 240 3577 celebranda
270 3513 492 3588 concedimus,
526 3523 562 3574 ut
591 3511 742 3574 videlicet
772 3531 812 3572 eo
843 3510 893 3572 his
924 3511 1039 3574 diebus
1070 3509 1151 3572 infra
1181 3509 1351 3572 ecclesiam
1382 3510 1611 3572 tantummodo
1641 3530 1712 3591 per-

49 3602 165 3677 lruaris,
192 3605 247 3684 qui
264 3603 297 3664 in
313 3603 472 3684 presentis
492 3601 603 3682 scripti
623 3601 744 3682 pagina
759 3601 980 3662 continentur:
1003 3599 1036 3661 id
1052 3608 1101 3662 est
1116 3618 1199 3661 cena
1214 3598 1347 3673 domini,
1364 3598 1495 3679 pascha,
1512 3606 1712 3679 pentecoste,

48 3693 213 3755 nativitate
237 3691 361 3754 domini
394 3701 427 3753 et
456 3691 626 3753 salvatoris
658 3689 759 3751 nostri
783 3689 853 3751 Iesu
878 3688 1005 3764 Christi,
1037 3689 1069 3750 in
1103 3687 1255 3750 natalicio
1285 3686 1456 3750 beatorum
1487 3687 1713 3768 apostolorum

45 3780 121 3844 Petri
146 3792 181 3844 et
196 3781 297 3857 Pauli,
321 3782 352 3842 in
376 3780 619 3860 sollempnitate
635 3779 737 3840 sancti
754 3779 893 3840 Dionisii
910 3779 1079 3859 sanctique
1094 3777 1227 3858 Georgii
1244 3777 1418 3852 martirum,
1443 3777 1475 3838 in
1495 3777 1712 3841 anniversario

47 3889 172 3951 quoque
196 3877 251 3954 tue
283 3869 535 3932 consecrationis
559 3868 612 3930 die
644 3874 677 3929 et
703 3868 735 3928 in
768 3867 1029 3930 dedicationibus
1052 3866 1261 3951 ecclesiarum
1292 3875 1391 3947 atque
1413 3866 1446 3927 in
1477 3865 1714 3949 sollempnibus

47 3959 302 4022 ordinationibus
333 3958 536 4034 clericorum,
571 3958 602 4019 in
636 3957 810 4019 festivitate
840 3956 928 4018 beati
952 3957 1107 4018 HENRICI
1137 3955 1230 4036 regis,
1262 3955 1352 4017 cuius
1382 3975 1500 4036 corpus
1531 3956 1564 4018 in
1596 3956 1712 4019 eadem

47 4049 177 4130 ecclesia
202 4049 404 4129 requiescere
432 4047 580 4109 creditur.
631 4045 729 4108 Cuius
760 4044 909 4126 prolecto
941 4045 1039 4127 pallei
1071 4055 1104 4106 te
1135 4044 1284 4107 volumus
1314 4064 1374 4124 per
1402 4044 1512 4106 omnia
1542 4045 1662 4107 ienium
1682 4043 1712 4130 b)

46 4138 212 4200 vendicare
229 4148 262 4199 et
278 4156 450 4218 personam
475 4143 565 4196 tuam
590 4135 652 4197 deo
676 4135 820 4216 propitio
843 4134 943 4196 talem
967 4135 999 4196 in
1023 4133 1176 4196 omnibus
1199 4131 1363 4207 exhibere,
1389 4141 1423 4194 ut
1439 4140 1472 4196 et
1487 4132 1567 4196 boni
1584 4134 1712 4199 dulcem

47 4235 76 4286 et
96 4227 170 4289 mali
196 4237 229 4288 te
252 4227 342 4307 pium
366 4225 509 4287 sentiant
532 4231 759 4286 correctorem.
806 4223 841 4284 ln
866 4243 931 4304 qua
954 4223 1104 4285 nimirum
1128 4222 1330 4285 correctione
1352 4222 1439 4283 hunc
1469 4242 1539 4285 esse
1564 4224 1713 4287 ordinem

47 4317 168 4378 noveris
193 4314 443 4390 observandum,
476 4321 511 4375 ut
541 4332 698 4394 personas
724 4312 838 4393 diligas
862 4321 894 4374 et
917 4313 995 4374 vitia
1018 4312 1230 4394 persequaris,
1263 4332 1312 4386 ne,
1344 4311 1370 4374 si
1395 4311 1488 4373 aliter
1509 4332 1605 4393 agere
1629 4314 1713 4377 forte

47 4405 189 4478 volueris,
220 4412 364 4466 transeat
386 4404 418 4464 in
450 4401 675 4464 crudelitatem
707 4402 865 4464 correctio
897 4410 929 4463 et
959 4402 1087 4483 perdaS,
1119 4421 1203 4482 quos
1233 4400 1407 4463 emendare
1438 4401 1611 4464 desideras.
1658 4403 1712 4468 Sic

47 4495 123 4555 enim
139 4493 257 4556 vulnus
274 4492 375 4555 debes
399 4491 576 4564 abscidere,
601 4498 636 4553 ut
658 4510 726 4552 non
750 4491 856 4571 possis
880 4490 1029 4566 ulcerare,
1055 4490 1145 4572 quod
1169 4510 1284 4552 sanum
1304 4498 1362 4564 est,
1386 4510 1435 4565 ne,
1460 4490 1486 4552 si
1509 4489 1591 4571 plus,
1613 4512 1712 4574 quam

47 4601 89 4644 res
117 4583 230 4664 exigit,
263 4581 381 4644 ferrum
411 4580 619 4662 impresseris,
652 4599 780 4654 noceas,
813 4581 863 4641 cui
888 4579 1044 4660 prodesse
1069 4578 1210 4642 festinas
1256 4579 1331 4660 Ipsa
1355 4598 1488 4660 quoque
1512 4579 1651 4644 dulcedo
1678 4583 1710 4645 in

47 4679 74 4731 te
95 4682 191 4734 cauta
206 4671 256 4746 sit,
281 4691 347 4732 non
364 4670 505 4744 remissa,
530 4669 688 4731 correctio
711 4688 789 4730 vero
806 4668 944 4750 diligens
959 4669 1009 4744 sit,
1026 4689 1093 4731 non
1109 4687 1228 4742 severa,
1251 4675 1301 4729 set
1316 4668 1362 4728 sic
1383 4666 1519 4730 alterum
1542 4671 1714 4734 condiatur

48 4778 83 4821 ex
104 4760 217 4835 altero,
241 4768 276 4821 ut
300 4769 332 4821 et
355 4759 433 4821 boni
450 4758 595 4821 habeant
618 4757 769 4833 amand0,
796 4758 885 4838 quod
910 4767 1054 4833 caveant,
1079 4768 1111 4820 et
1134 4756 1225 4838 pravi
1250 4756 1435 4832 metuend0,
1461 4758 1550 4838 quod
1566 4759 1712 4842 diligant.

48 4847 133 4912 Hanc
157 4851 262 4931 igitur,
288 4847 386 4910 frater
408 4847 583 4922 karissime,
608 4847 750 4927 suscepti
768 4846 857 4928 pallii
884 4847 1085 4927 dignitatem,
1108 4846 1134 4908 si
1155 4845 1293 4908 sollicite
1316 4847 1501 4922 servaveris,
1526 4849 1615 4928 quod
1636 4849 1713 4913 loris

49 4940 205 5019 accepisse
229 4937 416 5012 dinosceris,
449 4937 533 4999 intus
557 4935 705 4999 habebis.
752 4935 1002 4998 Fratemitatem
1029 4945 1118 4997 tuam
1148 4935 1251 5016 gratia
1281 4934 1390 4997 divina
1421 4936 1584 4999 custodiat
1614 4947 1646 5001 et
1669 4940 1711 5003 ab

48 5027 191 5090 omnibus
214 5045 345 5107 semper
367 5034 496 5088 tueatur
518 5025 669 5087 adversis.
716 5023 803 5105 Quia
825 5045 903 5088 vero
927 5024 1017 5088 bona
1038 5023 1323 5104 Babenbergensis
1353 5025 1490 5112 ecclesie
1521 5027 1553 5088 in
1577 5026 1712 5092 diversis

48 5115 284 5198 episcopatibus
307 5114 358 5177 vel
381 5113 560 5196 parrochiis
583 5115 646 5176 sita
669 5121 752 5188 sunt,
785 5123 818 5176 et
842 5114 976 5194 quidam
1000 5115 1147 5195 episcopi
1171 5114 1203 5176 in
1232 5113 1421 5176 coercendis
1445 5114 1711 5182 malefactoribus

48 5205 91 5265 vel
105 5203 326 5268 turbatoribus
343 5203 518 5266 earundem
534 5204 789 5283 possessionum,
813 5213 912 5284 prout
927 5203 1121 5284 accepimus,
1139 5202 1341 5284 negligentes
1357 5203 1508 5281 existunt,
1533 5208 1712 5286 statuimus,

48 5299 85 5366 ut,
105 5295 129 5356 si
147 5295 276 5374 (i)idem
292 5293 520 5355 malefactores
536 5292 693 5354 canonice
716 5293 832 5354 moniti
848 5293 958 5356 ablata
974 5293 1140 5355 restituere
1163 5299 1197 5354 et
1217 5312 1236 5353 a
1251 5312 1309 5354 sua
1324 5295 1571 5376 presumptione
1587 5317 1712 5361 cessare

5 5399 6 5422 ³
48 5383 206 5459 noluerint,
231 5382 379 5464 episcopi
404 5401 544 5463 quoque,
570 5382 602 5443 in
627 5402 765 5463 quorum
788 5382 968 5463 parrochiis
991 5381 1114 5464 degunt
1135 5380 1177 5462 0),
1202 5383 1234 5443 in
1259 5401 1372 5443 eorum
1395 5385 1597 5449 correctione
1612 5387 1710 5468 negli-

197 5579 223 5638 αι)
241 5577 333 5640 Dasg
356 5574 434 5623 durch
451 5576 536 5624 Κακία
558 5574 614 5623 und
630 5575 765 5625 Korrectnr
787 5575 862 5625 ansi
884 5577 1015 5643 hergeslclle
1115 5576 1141 5636 b]
1164 5577 1229 5627 1139
1256 5576 1309 5625 on.
1334 5577 1369 5626 20
1396 5578 1511 5641 genium,
1537 5579 1578 5629 lies
1600 5581 1711 5645 gentium

50 5647 69 5708 c)
86 5653 143 5710 gunt
166 5649 220 5712 ans
233 5649 330 5706 Κακία,
358 5648 450 5710 ic'bcrg
477 5647 515 5696 die
539 5647 604 5696 einer
630 5647 766 5712 Oberldnge.
786 5686 839 5692 -
857 5651 893 5713 ,1)
912 5649 961 5697 Die
989 5647 1059 5697 Terre
1085 5645 1168 5714 Jaffe',
1198 5649 1258 5715 Reg.
1278 5649 1347 5699 orte
1371 5649 1427 5698 und
1447 5649 1546 5716 Migne,
1574 5652 1641 5704 Patr.
1660 5655 1712 5705 180

47 5722 69 5777 p.
86 5723 149 5768 1175
165 5719 225 5768 sind
238 5719 315 5784 vbllig
331 5719 497 5784 ungcnic'gend.
520 5747 551 5755 —
577 5718 655 5783 Vergl.
674 5719 710 5769 die
732 5719 791 5769 Ure.
810 5735 864 5769 vern
882 5721 915 5769 24
934 5720 1066 5784 September
1086 5722 1152 5769 1047
1172 5721 1228 5770 und
1243 5721 1276 5770 29
1297 5720 1394 5770 October
1412 5721 1487 5771 1131.

1451 5799 1503 5851 11*
