<?xml version="1.0" encoding="UTF-8"?>
<!DOCTYPE html PUBLIC "-//W3C//DTD XHTML 1.0 Transitional//EN"
    "http://www.w3.org/TR/xhtml1/DTD/xhtml1-transitional.dtd">
<html xmlns="http://www.w3.org/1999/xhtml" xml:lang="en" lang="en">
 <head>
  <title>
</title>
<meta http-equiv="Content-Type" content="text/html;charset=utf-8" />
  <meta name='ocr-system' content='tesseract 3.04.00' />
  <meta name='ocr-capabilities' content='ocr_page ocr_carea ocr_par ocr_line ocrx_word'/>
</head>
<body>
  <div class='ocr_page' id='page_1' title='image "./actapontificumr00hargoog_0411.png"; bbox 0 0 4126 6366; ppageno 0'>
   <div class='ocr_carea' id='block_1_1' title="bbox 1682 329 1746 404">
    <p class='ocr_par' dir='ltr' id='par_1_1' title="bbox 1682 329 1746 404">
     <span class='ocr_line' id='line_1_1' title="bbox 1682 329 1746 404; baseline 0.031 -2"><span class='ocrx_word' id='word_1_1' title='bbox 1682 329 1746 404; x_wconf 80' lang='lat'>399</span> 
     </span>
    </p>
   </div>
   <div class='ocr_carea' id='block_1_2' title="bbox 815 503 1072 585">
    <p class='ocr_par' dir='ltr' id='par_1_2' title="bbox 815 503 1072 585">
     <span class='ocr_line' id='line_1_2' title="bbox 815 503 1072 585; baseline 0.008 -2"><span class='ocrx_word' id='word_1_2' title='bbox 815 503 881 584; x_wconf 89' lang='lat' dir='ltr'>Nr.</span> <span class='ocrx_word' id='word_1_3' title='bbox 908 511 999 585; x_wconf 79' lang='lat'><strong>475.</strong></span> <span class='ocrx_word' id='word_1_4' title='bbox 1070 553 1072 560; x_wconf 52' lang='lat'>1</span> 
     </span>
    </p>
   </div>
   <div class='ocr_carea' id='block_1_3' title="bbox 68 627 1748 796">
    <p class='ocr_par' dir='ltr' id='par_1_3' title="bbox 68 627 1748 796">
     <span class='ocr_line' id='line_1_3' title="bbox 68 627 1748 725; baseline 0.007 -30"><span class='ocrx_word' id='word_1_5' title='bbox 68 627 214 697; x_wconf 68' lang='lat' dir='ltr'>(blestin</span> <span class='ocrx_word' id='word_1_6' title='bbox 230 631 296 697; x_wconf 87' lang='lat' dir='ltr'>III</span> <span class='ocrx_word' id='word_1_7' title='bbox 307 635 457 719; x_wconf 59' lang='lat' dir='ltr'>besutqrt</span> <span class='ocrx_word' id='word_1_8' title='bbox 470 633 543 700; x_wconf 84' lang='lat' dir='ltr'>dem</span> <span class='ocrx_word' id='word_1_9' title='bbox 561 636 712 719; x_wconf 75' lang='lat' dir='ltr'>Bisthose</span> <span class='ocrx_word' id='word_1_10' title='bbox 729 638 837 704; x_wconf 86' lang='lat' dir='ltr'>Guido</span> <span class='ocrx_word' id='word_1_11' title='bbox 856 663 916 706; x_wconf 86' lang='lat' dir='ltr'>von</span> <span class='ocrx_word' id='word_1_12' title='bbox 933 643 1037 706; x_wconf 85' lang='lat' dir='ltr'>Lucca</span> <span class='ocrx_word' id='word_1_13' title='bbox 1059 642 1113 705; x_wconf 82' lang='lat' dir='ltr'>die</span> <span class='ocrx_word' id='word_1_14' title='bbox 1131 639 1306 725; x_wconf 78' lang='lat' dir='ltr'>Bez‘legung</span> <span class='ocrx_word' id='word_1_15' title='bbox 1328 641 1416 706; x_wconf 83' lang='lat' dir='ltr'>eines</span> <span class='ocrx_word' id='word_1_16' title='bbox 1435 639 1662 705; x_wconf 74' lang='lat' dir='ltr'>Griterstreites</span> <span class='ocrx_word' id='word_1_17' title='bbox 1686 642 1748 706; x_wconf 79' lang='lat' dir='ltr'>mz&#39;t</span> 
     </span>
     <span class='ocr_line' id='line_1_4' title="bbox 621 728 1198 796; baseline 0.004 -5"><span class='ocrx_word' id='word_1_18' title='bbox 621 728 695 792; x_wconf 85' lang='lat' dir='ltr'>dem</span> <span class='ocrx_word' id='word_1_19' title='bbox 710 728 790 792; x_wconf 84' lang='lat' dir='ltr'><em>Abte</em></span> <span class='ocrx_word' id='word_1_20' title='bbox 806 730 980 796; x_wconf 83' lang='lat' dir='ltr'>chcovero</span> <span class='ocrx_word' id='word_1_21' title='bbox 994 753 1054 796; x_wconf 86' lang='lat' dir='ltr'>von</span> <span class='ocrx_word' id='word_1_22' title='bbox 1068 730 1198 795; x_wconf 84' lang='lat' dir='ltr'>Serena.</span> 
     </span>
    </p>
   </div>
   <div class='ocr_carea' id='block_1_4' title="bbox 643 845 1170 910">
    <p class='ocr_par' dir='ltr' id='par_1_4' title="bbox 643 845 1170 910">
     <span class='ocr_line' id='line_1_5' title="bbox 643 845 1170 910; baseline 0.006 -3"><span class='ocrx_word' id='word_1_23' title='bbox 643 847 726 908; x_wconf 88' lang='grc'><em>1195</em></span> <span class='ocrx_word' id='word_1_24' title='bbox 741 845 925 910; x_wconf 81' lang='lat' dir='ltr'><em>November</em></span> <span class='ocrx_word' id='word_1_25' title='bbox 939 849 989 910; x_wconf 79' lang='lat'>14.</span> <span class='ocrx_word' id='word_1_26' title='bbox 1019 847 1083 909; x_wconf 87' lang='lat' dir='ltr'>Lat</span> <span class='ocrx_word' id='word_1_27' title='bbox 1070 855 1170 910; x_wconf 83' lang='lat' dir='ltr'>t.eran</span> 
     </span>
    </p>
   </div>
   <div class='ocr_carea' id='block_1_5' title="bbox 53 957 1830 5596">
    <p class='ocr_par' dir='ltr' id='par_1_5' title="bbox 53 957 1830 5596">
     <span class='ocr_line' id='line_1_6' title="bbox 229 957 1744 1043; baseline 0.002 -21"><span class='ocrx_word' id='word_1_28' title='bbox 229 957 410 1023; x_wconf 92' lang='lat' dir='ltr'>Celestinus</span> <span class='ocrx_word' id='word_1_29' title='bbox 439 961 631 1043; x_wconf 89' lang='lat' dir='ltr'>episcopus,</span> <span class='ocrx_word' id='word_1_30' title='bbox 662 982 773 1025; x_wconf 91' lang='lat' dir='ltr'>servus</span> <span class='ocrx_word' id='word_1_31' title='bbox 803 983 971 1026; x_wconf 89' lang='lat' dir='ltr'>servorum</span> <span class='ocrx_word' id='word_1_32' title='bbox 1001 963 1069 1041; x_wconf 88' lang='lat' dir='ltr'>dei,</span> <span class='ocrx_word' id='word_1_33' title='bbox 1100 961 1276 1026; x_wconf 87' lang='lat' dir='ltr'>venerabili</span> <span class='ocrx_word' id='word_1_34' title='bbox 1307 962 1394 1024; x_wconf 90' lang='lat' dir='ltr'>frat&#39;</span> <span class='ocrx_word' id='word_1_35' title='bbox 1355 971 1396 1024; x_wconf 88' lang='lat' dir='ltr'>tn</span> <span class='ocrx_word' id='word_1_36' title='bbox 1419 961 1579 1037; x_wconf 88' lang='lat' dir='ltr'>Guidoni‚</span> <span class='ocrx_word' id='word_1_37' title='bbox 1610 963 1744 1025; x_wconf 89' lang='lat' dir='ltr'>Lucano</span> 
     </span>
     <span class='ocr_line' id='line_1_7' title="bbox 62 1045 1744 1135; baseline 0.004 -28"><span class='ocrx_word' id='word_1_38' title='bbox 62 1045 237 1129; x_wconf 86' lang='lat' dir='ltr'>episcopo,</span> <span class='ocrx_word' id='word_1_39' title='bbox 254 1048 392 1112; x_wconf 92' lang='lat' dir='ltr'>salutem</span> <span class='ocrx_word' id='word_1_40' title='bbox 408 1059 441 1112; x_wconf 91' lang='lat' dir='ltr'>et</span> <span class='ocrx_word' id='word_1_41' title='bbox 458 1050 676 1132; x_wconf 90' lang='lat' dir='ltr'>apostolicam</span> <span class='ocrx_word' id='word_1_42' title='bbox 692 1051 965 1116; x_wconf 85' lang='lat' dir='ltr'>benedictionem</span> <span class='ocrx_word' id='word_1_43' title='bbox 999 1053 1057 1126; x_wconf 89' lang='lat' dir='ltr'>Ea,</span> <span class='ocrx_word' id='word_1_44' title='bbox 1076 1073 1139 1135; x_wconf 90' lang='lat' dir='ltr'>que</span> <span class='ocrx_word' id='word_1_45' title='bbox 1155 1052 1275 1115; x_wconf 90' lang='lat' dir='ltr'>iudicio</span> <span class='ocrx_word' id='word_1_46' title='bbox 1291 1050 1342 1114; x_wconf 90' lang='lat' dir='ltr'>vel</span> <span class='ocrx_word' id='word_1_47' title='bbox 1358 1051 1536 1114; x_wconf 91' lang='lat' dir='ltr'>concordia</span> <span class='ocrx_word' id='word_1_48' title='bbox 1551 1060 1744 1128; x_wconf 90' lang='lat' dir='ltr'>statuuntur,</span> 
     </span>
     <span class='ocr_line' id='line_1_8' title="bbox 63 1133 1743 1222; baseline 0.004 -25"><span class='ocrx_word' id='word_1_49' title='bbox 63 1133 161 1198; x_wconf 89' lang='lat' dir='ltr'>firma</span> <span class='ocrx_word' id='word_1_50' title='bbox 184 1136 308 1201; x_wconf 90' lang='lat' dir='ltr'>debent</span> <span class='ocrx_word' id='word_1_51' title='bbox 331 1147 364 1201; x_wconf 90' lang='lat' dir='ltr'>et</span> <span class='ocrx_word' id='word_1_52' title='bbox 387 1138 511 1203; x_wconf 92' lang='lat' dir='ltr'>illibata</span> <span class='ocrx_word' id='word_1_53' title='bbox 535 1141 713 1203; x_wconf 86' lang='lat' dir='ltr'>consistere</span> <span class='ocrx_word' id='word_1_54' title='bbox 736 1151 778 1217; x_wconf 92' lang='lat' dir='ltr'>et,</span> <span class='ocrx_word' id='word_1_55' title='bbox 809 1163 850 1204; x_wconf 91' lang='lat' dir='ltr'>ne</span> <span class='ocrx_word' id='word_1_56' title='bbox 874 1143 906 1205; x_wconf 93' lang='lat' dir='ltr'>in</span> <span class='ocrx_word' id='word_1_57' title='bbox 930 1143 1071 1206; x_wconf 88' lang='lat' dir='ltr'>recidive</span> <span class='ocrx_word' id='word_1_58' title='bbox 1095 1141 1316 1205; x_wconf 91' lang='lat' dir='ltr'>contentionis</span> <span class='ocrx_word' id='word_1_59' title='bbox 1339 1140 1525 1222; x_wconf 89' lang='lat' dir='ltr'>scrupulum</span> <span class='ocrx_word' id='word_1_60' title='bbox 1549 1140 1743 1217; x_wconf 88' lang='lat' dir='ltr'>relabantur,</span> 
     </span>
     <span class='ocr_line' id='line_1_9' title="bbox 62 1224 1744 1309; baseline 0.004 -24"><span class='ocrx_word' id='word_1_61' title='bbox 62 1224 254 1305; x_wconf 89' lang='lat' dir='ltr'>apostolico</span> <span class='ocrx_word' id='word_1_62' title='bbox 283 1229 469 1309; x_wconf 91' lang='lat' dir='ltr'>patrocinio</span> <span class='ocrx_word' id='word_1_63' title='bbox 506 1230 660 1292; x_wconf 90' lang='lat' dir='ltr'>convenit</span> <span class='ocrx_word' id='word_1_64' title='bbox 692 1231 894 1294; x_wconf 91' lang='lat' dir='ltr'>communiri.</span> <span class='ocrx_word' id='word_1_65' title='bbox 947 1231 1030 1296; x_wconf 91' lang='lat' dir='ltr'>Cum</span> <span class='ocrx_word' id='word_1_66' title='bbox 1061 1240 1170 1295; x_wconf 90' lang='lat' dir='ltr'>autem</span> <span class='ocrx_word' id='word_1_67' title='bbox 1203 1231 1286 1293; x_wconf 92' lang='lat' dir='ltr'>inter</span> <span class='ocrx_word' id='word_1_68' title='bbox 1315 1240 1348 1292; x_wconf 90' lang='lat' dir='ltr'>te</span> <span class='ocrx_word' id='word_1_69' title='bbox 1387 1239 1420 1292; x_wconf 90' lang='lat' dir='ltr'>et</span> <span class='ocrx_word' id='word_1_70' title='bbox 1456 1228 1612 1292; x_wconf 90' lang='lat' dir='ltr'>dilectum</span> <span class='ocrx_word' id='word_1_71' title='bbox 1642 1229 1744 1292; x_wconf 91' lang='lat' dir='ltr'>filium</span> 
     </span>
     <span class='ocr_line' id='line_1_10' title="bbox 63 1313 1744 1403; baseline 0.004 -29"><span class='ocrx_word' id='word_1_72' title='bbox 63 1313 293 1392; x_wconf 90' lang='lat' dir='ltr'>Riccoverum,</span> <span class='ocrx_word' id='word_1_73' title='bbox 322 1316 479 1381; x_wconf 84' lang='lat' dir='ltr'>abbatem</span> <span class='ocrx_word' id='word_1_74' title='bbox 502 1319 690 1381; x_wconf 90' lang='lat' dir='ltr'>monasterii</span> <span class='ocrx_word' id='word_1_75' title='bbox 723 1319 765 1382; x_wconf 90' lang='lat' dir='ltr'>de</span> <span class='ocrx_word' id='word_1_76' title='bbox 789 1319 926 1395; x_wconf 89' lang='lat' dir='ltr'>Serena,</span> <span class='ocrx_word' id='word_1_77' title='bbox 956 1341 1056 1402; x_wconf 91' lang='lat' dir='ltr'>super</span> <span class='ocrx_word' id='word_1_78' title='bbox 1086 1318 1352 1403; x_wconf 89' lang='lat' dir='ltr'>possessionibus</span> <span class='ocrx_word' id='word_1_79' title='bbox 1383 1320 1504 1381; x_wconf 94' lang='lat' dir='ltr'>montis</span> <span class='ocrx_word' id='word_1_80' title='bbox 1535 1319 1577 1381; x_wconf 93' lang='lat' dir='ltr'>de</span> <span class='ocrx_word' id='word_1_81' title='bbox 1600 1317 1744 1383; x_wconf 89' lang='lat' dir='ltr'>Castello</span> 
     </span>
     <span class='ocr_line' id='line_1_11' title="bbox 63 1404 1830 1492; baseline 0.004 -29"><span class='ocrx_word' id='word_1_82' title='bbox 63 1411 96 1464; x_wconf 91' lang='lat' dir='ltr'>et</span> <span class='ocrx_word' id='word_1_83' title='bbox 121 1404 323 1484; x_wconf 89' lang='lat' dir='ltr'>quibusdam</span> <span class='ocrx_word' id='word_1_84' title='bbox 347 1406 417 1470; x_wconf 86' lang='lat' dir='ltr'>aliis</span> <span class='ocrx_word' id='word_1_85' title='bbox 441 1406 522 1471; x_wconf 87' lang='lat' dir='ltr'>locis</span> <span class='ocrx_word' id='word_1_86' title='bbox 543 1408 672 1489; x_wconf 91' lang='lat' dir='ltr'>questio</span> <span class='ocrx_word' id='word_1_87' title='bbox 689 1407 744 1470; x_wconf 92' lang='lat' dir='ltr'>diu</span> <span class='ocrx_word' id='word_1_88' title='bbox 761 1418 851 1472; x_wconf 90' lang='lat' dir='ltr'>mota</span> <span class='ocrx_word' id='word_1_89' title='bbox 868 1409 982 1472; x_wconf 90' lang='lat' dir='ltr'>fuisset</span> <span class='ocrx_word' id='word_1_90' title='bbox 997 1419 1030 1472; x_wconf 91' lang='lat' dir='ltr'>et</span> <span class='ocrx_word' id='word_1_91' title='bbox 1046 1430 1065 1473; x_wconf 90' lang='lat' dir='ltr'>a</span> <span class='ocrx_word' id='word_1_92' title='bbox 1081 1409 1159 1472; x_wconf 91' lang='lat' dir='ltr'>sede</span> <span class='ocrx_word' id='word_1_93' title='bbox 1176 1408 1359 1491; x_wconf 88' lang='lat' dir='ltr'>apostolica</span> <span class='ocrx_word' id='word_1_94' title='bbox 1376 1408 1564 1470; x_wconf 88' lang='lat' dir='ltr'>multotiens</span> <span class='ocrx_word' id='word_1_95' title='bbox 1581 1407 1743 1471; x_wconf 91' lang='lat' dir='ltr'>iudicibus</span> <span class='ocrx_word' id='word_1_96' title='bbox 1828 1485 1830 1492; x_wconf 46' lang='lat'>,</span> 
     </span>
     <span class='ocr_line' id='line_1_12' title="bbox 62 1491 1743 1580; baseline 0.005 -28"><span class='ocrx_word' id='word_1_97' title='bbox 62 1491 228 1574; x_wconf 82' lang='lat' dir='ltr'>delegata,</span> <span class='ocrx_word' id='word_1_98' title='bbox 257 1495 391 1558; x_wconf 90' lang='lat' dir='ltr'>tandem</span> <span class='ocrx_word' id='word_1_99' title='bbox 414 1517 474 1578; x_wconf 90' lang='lat' dir='ltr'>per</span> <span class='ocrx_word' id='word_1_100' title='bbox 497 1497 659 1578; x_wconf 91' lang='lat' dir='ltr'>quosdam</span> <span class='ocrx_word' id='word_1_101' title='bbox 682 1498 770 1560; x_wconf 93' lang='lat' dir='ltr'>viros</span> <span class='ocrx_word' id='word_1_102' title='bbox 793 1500 980 1580; x_wconf 86' lang='lat' dir='ltr'>prudentes,</span> <span class='ocrx_word' id='word_1_103' title='bbox 1010 1509 1079 1562; x_wconf 92' lang='lat' dir='ltr'>tam</span> <span class='ocrx_word' id='word_1_104' title='bbox 1104 1520 1123 1563; x_wconf 89' lang='lat' dir='ltr'>a</span> <span class='ocrx_word' id='word_1_105' title='bbox 1146 1509 1188 1574; x_wconf 95' lang='lat' dir='ltr'>te,</span> <span class='ocrx_word' id='word_1_106' title='bbox 1219 1517 1318 1580; x_wconf 90' lang='lat' dir='ltr'>quam</span> <span class='ocrx_word' id='word_1_107' title='bbox 1341 1499 1383 1560; x_wconf 91' lang='lat' dir='ltr'>ab</span> <span class='ocrx_word' id='word_1_108' title='bbox 1408 1498 1481 1579; x_wconf 93' lang='lat' dir='ltr'>ipso</span> <span class='ocrx_word' id='word_1_109' title='bbox 1511 1497 1632 1560; x_wconf 89' lang='lat' dir='ltr'>abbate</span> <span class='ocrx_word' id='word_1_110' title='bbox 1655 1516 1743 1560; x_wconf 89' lang='lat' dir='ltr'>com·</span> 
     </span>
     <span class='ocr_line' id='line_1_13' title="bbox 63 1583 1743 1669; baseline 0.004 -27"><span class='ocrx_word' id='word_1_111' title='bbox 63 1583 210 1644; x_wconf 89' lang='lat' dir='ltr'>muniter</span> <span class='ocrx_word' id='word_1_112' title='bbox 232 1583 363 1660; x_wconf 90' lang='lat' dir='ltr'>electos,</span> <span class='ocrx_word' id='word_1_113' title='bbox 389 1586 569 1648; x_wconf 89' lang='lat' dir='ltr'>amicabilis</span> <span class='ocrx_word' id='word_1_114' title='bbox 593 1588 787 1667; x_wconf 88' lang='lat' dir='ltr'>composita,</span> <span class='ocrx_word' id='word_1_115' title='bbox 818 1588 901 1651; x_wconf 91' lang='lat' dir='ltr'>sicut</span> <span class='ocrx_word' id='word_1_116' title='bbox 924 1609 967 1650; x_wconf 87' lang='lat' dir='ltr'>ex</span> <span class='ocrx_word' id='word_1_117' title='bbox 990 1587 1105 1651; x_wconf 91' lang='lat' dir='ltr'>litteris</span> <span class='ocrx_word' id='word_1_118' title='bbox 1128 1589 1192 1650; x_wconf 92' lang='lat' dir='ltr'>tuis</span> <span class='ocrx_word' id='word_1_119' title='bbox 1216 1596 1249 1649; x_wconf 90' lang='lat' dir='ltr'>et</span> <span class='ocrx_word' id='word_1_120' title='bbox 1273 1587 1374 1669; x_wconf 90' lang='lat' dir='ltr'>ipsius</span> <span class='ocrx_word' id='word_1_121' title='bbox 1405 1585 1535 1649; x_wconf 90' lang='lat' dir='ltr'>abbatis</span> <span class='ocrx_word' id='word_1_122' title='bbox 1568 1596 1601 1648; x_wconf 90' lang='lat' dir='ltr'>et</span> <span class='ocrx_word' id='word_1_123' title='bbox 1632 1606 1743 1668; x_wconf 89' lang='lat' dir='ltr'>quam-</span> 
     </span>
     <span class='ocr_line' id='line_1_14' title="bbox 63 1669 1743 1759; baseline 0.004 -28"><span class='ocrx_word' id='word_1_124' title='bbox 63 1669 209 1750; x_wconf 88' lang='lat' dir='ltr'>plurium</span> <span class='ocrx_word' id='word_1_125' title='bbox 238 1673 376 1737; x_wconf 90' lang='lat' dir='ltr'>aliorum</span> <span class='ocrx_word' id='word_1_126' title='bbox 406 1675 637 1756; x_wconf 87' lang='lat' dir='ltr'>cognovimus,</span> <span class='ocrx_word' id='word_1_127' title='bbox 668 1676 860 1741; x_wconf 86' lang='lat' dir='ltr'>intercessit.</span> <span class='ocrx_word' id='word_1_128' title='bbox 904 1678 1028 1740; x_wconf 91' lang='lat' dir='ltr'>Verum</span> <span class='ocrx_word' id='word_1_129' title='bbox 1059 1698 1132 1740; x_wconf 91' lang='lat' dir='ltr'>cum</span> <span class='ocrx_word' id='word_1_130' title='bbox 1165 1677 1271 1759; x_wconf 88' lang='lat' dir='ltr'>ipsam</span> <span class='ocrx_word' id='word_1_131' title='bbox 1301 1676 1577 1757; x_wconf 90' lang='lat' dir='ltr'>compositionem</span> <span class='ocrx_word' id='word_1_132' title='bbox 1611 1676 1743 1758; x_wconf 90' lang='lat' dir='ltr'>petieris</span> 
     </span>
     <span class='ocr_line' id='line_1_15' title="bbox 62 1760 1743 1850; baseline 0.004 -30"><span class='ocrx_word' id='word_1_133' title='bbox 62 1760 198 1841; x_wconf 83' lang='lat' dir='ltr'>scriptis</span> <span class='ocrx_word' id='word_1_134' title='bbox 222 1761 413 1843; x_wconf 91' lang='lat' dir='ltr'>apostolicis</span> <span class='ocrx_word' id='word_1_135' title='bbox 430 1763 624 1839; x_wconf 88' lang='lat' dir='ltr'>confirmari,</span> <span class='ocrx_word' id='word_1_136' title='bbox 648 1785 719 1840; x_wconf 93' lang='lat' dir='ltr'>nos,</span> <span class='ocrx_word' id='word_1_137' title='bbox 741 1767 806 1828; x_wconf 90' lang='lat' dir='ltr'>tuis</span> <span class='ocrx_word' id='word_1_138' title='bbox 828 1767 920 1828; x_wconf 91' lang='lat' dir='ltr'>iustis</span> <span class='ocrx_word' id='word_1_139' title='bbox 944 1766 1221 1848; x_wconf 88' lang='lat' dir='ltr'>postulationibus</span> <span class='ocrx_word' id='word_1_140' title='bbox 1244 1775 1338 1850; x_wconf 87' lang='lat' dir='ltr'>grato</span> <span class='ocrx_word' id='word_1_141' title='bbox 1355 1774 1584 1828; x_wconf 89' lang='lat' dir='ltr'>concurrentes</span> <span class='ocrx_word' id='word_1_142' title='bbox 1600 1785 1743 1840; x_wconf 89' lang='lat' dir='ltr'>assensu,</span> 
     </span>
     <span class='ocr_line' id='line_1_16' title="bbox 62 1851 1743 1936; baseline 0.004 -26"><span class='ocrx_word' id='word_1_143' title='bbox 62 1851 344 1932; x_wconf 90' lang='lat' dir='ltr'>compositionem</span> <span class='ocrx_word' id='word_1_144' title='bbox 375 1853 497 1934; x_wconf 89' lang='lat' dir='ltr'>ipsam,</span> <span class='ocrx_word' id='word_1_145' title='bbox 535 1853 577 1916; x_wconf 91' lang='lat' dir='ltr'>de</span> <span class='ocrx_word' id='word_1_146' title='bbox 607 1855 773 1918; x_wconf 92' lang='lat' dir='ltr'>communi</span> <span class='ocrx_word' id='word_1_147' title='bbox 803 1875 938 1918; x_wconf 87' lang='lat' dir='ltr'>assensu</span> <span class='ocrx_word' id='word_1_148' title='bbox 969 1865 1002 1918; x_wconf 91' lang='lat' dir='ltr'>et</span> <span class='ocrx_word' id='word_1_149' title='bbox 1031 1855 1144 1936; x_wconf 85' lang='lat' dir='ltr'>volunt</span> <span class='ocrx_word' id='word_1_150' title='bbox 1146 1864 1199 1918; x_wconf 89' lang='lat' dir='ltr'>ate</span> <span class='ocrx_word' id='word_1_151' title='bbox 1229 1855 1396 1936; x_wconf 88' lang='lat' dir='ltr'>utriusque</span> <span class='ocrx_word' id='word_1_152' title='bbox 1425 1853 1526 1936; x_wconf 92' lang='lat' dir='ltr'>partis</span> <span class='ocrx_word' id='word_1_153' title='bbox 1557 1853 1678 1916; x_wconf 88' lang='lat' dir='ltr'>factam</span> <span class='ocrx_word' id='word_1_154' title='bbox 1710 1864 1743 1917; x_wconf 90' lang='lat' dir='ltr'>et</span> 
     </span>
     <span class='ocr_line' id='line_1_17' title="bbox 63 1931 1743 2026; baseline 0.004 -27"><span class='ocrx_word' id='word_1_155' title='bbox 63 1949 243 2021; x_wconf 90' lang='lat' dir='ltr'>receptam,</span> <span class='ocrx_word' id='word_1_156' title='bbox 256 1941 339 2004; x_wconf 90' lang='lat' dir='ltr'>sicut</span> <span class='ocrx_word' id='word_1_157' title='bbox 356 1941 388 2005; x_wconf 92' lang='lat' dir='ltr'>in</span> <span class='ocrx_word' id='word_1_158' title='bbox 404 1943 620 2005; x_wconf 89' lang='lat' dir='ltr'>instrumento</span> <span class='ocrx_word' id='word_1_159' title='bbox 636 1942 780 2025; x_wconf 89' lang='lat' dir='ltr'>public0,</span> <span class='ocrx_word' id='word_1_160' title='bbox 793 1944 913 2008; x_wconf 87' lang='lat' dir='ltr'>exinde</span> <span class='ocrx_word' id='word_1_161' title='bbox 928 1944 1082 2008; x_wconf 90' lang='lat' dir='ltr'>confecto</span> <span class='ocrx_word' id='word_1_162' title='bbox 1084 1931 1231 2026; x_wconf 89' lang='lat' dir='ltr'>,plenius</span> <span class='ocrx_word' id='word_1_163' title='bbox 1248 1944 1441 2019; x_wconf 87' lang='lat' dir='ltr'>continetur,</span> <span class='ocrx_word' id='word_1_164' title='bbox 1455 1952 1557 2005; x_wconf 91' lang='lat' dir='ltr'>ratam</span> <span class='ocrx_word' id='word_1_165' title='bbox 1574 1943 1743 2019; x_wconf 89' lang='lat' dir='ltr'>habentes,</span> 
     </span>
     <span class='ocr_line' id='line_1_18' title="bbox 62 2031 1742 2117; baseline 0.004 -29"><span class='ocrx_word' id='word_1_166' title='bbox 62 2046 139 2089; x_wconf 91' lang='lat' dir='ltr'>eam</span> <span class='ocrx_word' id='word_1_167' title='bbox 165 2031 357 2094; x_wconf 90' lang='lat' dir='ltr'>auctoritate</span> <span class='ocrx_word' id='word_1_168' title='bbox 388 2032 572 2114; x_wconf 89' lang='lat' dir='ltr'>apostolica</span> <span class='ocrx_word' id='word_1_169' title='bbox 603 2031 834 2096; x_wconf 89' lang='lat' dir='ltr'>confirmamus</span> <span class='ocrx_word' id='word_1_170' title='bbox 872 2045 904 2096; x_wconf 88' lang='lat' dir='ltr'>et</span> <span class='ocrx_word' id='word_1_171' title='bbox 941 2035 1101 2117; x_wconf 91' lang='lat' dir='ltr'>presentis</span> <span class='ocrx_word' id='word_1_172' title='bbox 1133 2035 1244 2115; x_wconf 87' lang='lat' dir='ltr'>scripti</span> <span class='ocrx_word' id='word_1_173' title='bbox 1277 2032 1461 2115; x_wconf 85' lang='lat' dir='ltr'>patrocinio</span> <span class='ocrx_word' id='word_1_174' title='bbox 1494 2033 1742 2095; x_wconf 92' lang='lat' dir='ltr'>communimus.</span> 
     </span>
     <span class='ocr_line' id='line_1_19' title="bbox 61 2114 1743 2204; baseline 0.004 -26"><span class='ocrx_word' id='word_1_175' title='bbox 61 2114 121 2178; x_wconf 86' lang='lat' dir='ltr'>Ad</span> <span class='ocrx_word' id='word_1_176' title='bbox 146 2118 305 2182; x_wconf 90' lang='lat' dir='ltr'>maiorem</span> <span class='ocrx_word' id='word_1_177' title='bbox 328 2140 406 2183; x_wconf 92' lang='lat' dir='ltr'>vero</span> <span class='ocrx_word' id='word_1_178' title='bbox 430 2120 616 2184; x_wconf 88' lang='lat' dir='ltr'>firmitatem</span> <span class='ocrx_word' id='word_1_179' title='bbox 640 2123 798 2204; x_wconf 91' lang='lat' dir='ltr'>scriptum</span> <span class='ocrx_word' id='word_1_180' title='bbox 820 2122 900 2186; x_wconf 92' lang='lat' dir='ltr'>illud</span> <span class='ocrx_word' id='word_1_181' title='bbox 923 2124 966 2186; x_wconf 91' lang='lat' dir='ltr'>de</span> <span class='ocrx_word' id='word_1_182' title='bbox 988 2123 1090 2186; x_wconf 91' lang='lat' dir='ltr'>verbo</span> <span class='ocrx_word' id='word_1_183' title='bbox 1120 2121 1321 2186; x_wconf 87' lang='lat' dir='ltr'>adverbum</span> <span class='ocrx_word' id='word_1_184' title='bbox 1351 2122 1426 2185; x_wconf 90' lang='lat' dir='ltr'>huic</span> <span class='ocrx_word' id='word_1_185' title='bbox 1456 2122 1600 2203; x_wconf 90' lang='lat' dir='ltr'>presenti</span> <span class='ocrx_word' id='word_1_186' title='bbox 1623 2124 1743 2203; x_wconf 89' lang='lat' dir='ltr'>pagine</span> 
     </span>
     <span class='ocr_line' id='line_1_20' title="bbox 62 2205 1743 2292; baseline 0.004 -26"><span class='ocrx_word' id='word_1_187' title='bbox 62 2205 220 2270; x_wconf 88' lang='lat' dir='ltr'>iussimus</span> <span class='ocrx_word' id='word_1_188' title='bbox 243 2209 461 2286; x_wconf 90' lang='lat' dir='ltr'>inserendum,</span> <span class='ocrx_word' id='word_1_189' title='bbox 492 2211 631 2292; x_wconf 90' lang='lat' dir='ltr'>quod</span> <span class='ocrx_word' id='word_1_190' title='bbox 605 2231 652 2273; x_wconf 77' lang='lat' dir='ltr'>stc</span> <span class='ocrx_word' id='word_1_191' title='bbox 676 2231 711 2274; x_wconf 90' lang='lat' dir='ltr'>se</span> <span class='ocrx_word' id='word_1_192' title='bbox 734 2211 850 2275; x_wconf 91' lang='lat' dir='ltr'>habet:</span> <span class='ocrx_word' id='word_1_193' title='bbox 890 2212 927 2275; x_wconf 92' lang='lat' dir='ltr'>ln</span> <span class='ocrx_word' id='word_1_194' title='bbox 950 2212 1070 2276; x_wconf 91' lang='lat' dir='ltr'>Christi</span> <span class='ocrx_word' id='word_1_195' title='bbox 1094 2213 1236 2275; x_wconf 92' lang='lat' dir='ltr'>nomine.</span> <span class='ocrx_word' id='word_1_196' title='bbox 1272 2211 1392 2275; x_wconf 89' lang='lat' dir='ltr'>Amen.</span> <span class='ocrx_word' id='word_1_197' title='bbox 1437 2211 1490 2273; x_wconf 89' lang='lat' dir='ltr'>Ex</span> <span class='ocrx_word' id='word_1_198' title='bbox 1519 2211 1581 2274; x_wconf 90' lang='lat' dir='ltr'>hac</span> <span class='ocrx_word' id='word_1_199' title='bbox 1611 2210 1743 2292; x_wconf 91' lang='lat' dir='ltr'>publica</span> 
     </span>
     <span class='ocr_line' id='line_1_21' title="bbox 63 2260 1742 2383; baseline 0.004 -27"><span class='ocrx_word' id='word_1_200' title='bbox 63 2293 247 2359; x_wconf 88' lang='lat' dir='ltr'>litterarum</span> <span class='ocrx_word' id='word_1_201' title='bbox 270 2299 353 2361; x_wconf 90' lang='lat' dir='ltr'>serie</span> <span class='ocrx_word' id='word_1_202' title='bbox 376 2260 529 2362; x_wconf 85' lang='lat' dir='ltr'>omnibus</span> <span class='ocrx_word' id='word_1_203' title='bbox 553 2299 673 2363; x_wconf 90' lang='lat' dir='ltr'>clareat</span> <span class='ocrx_word' id='word_1_204' title='bbox 698 2301 914 2378; x_wconf 90' lang='lat' dir='ltr'>audientibus,</span> <span class='ocrx_word' id='word_1_205' title='bbox 940 2301 1029 2383; x_wconf 90' lang='lat' dir='ltr'>quod</span> <span class='ocrx_word' id='word_1_206' title='bbox 1054 2302 1195 2364; x_wconf 90' lang='lat' dir='ltr'>domnus</span> <span class='ocrx_word' id='word_1_207' title='bbox 1218 2302 1413 2376; x_wconf 92' lang='lat' dir='ltr'>Ricoverus,</span> <span class='ocrx_word' id='word_1_208' title='bbox 1445 2300 1496 2362; x_wconf 93' lang='lat' dir='ltr'>dei</span> <span class='ocrx_word' id='word_1_209' title='bbox 1527 2300 1631 2380; x_wconf 85' lang='lat' dir='ltr'>gratia</span> <span class='ocrx_word' id='word_1_210' title='bbox 1654 2320 1742 2381; x_wconf 90' lang='lat' dir='ltr'>pres-</span> 
     </span>
     <span class='ocr_line' id='line_1_22' title="bbox 61 2385 1742 2470; baseline 0.002 -24"><span class='ocrx_word' id='word_1_211' title='bbox 61 2385 152 2448; x_wconf 89' lang='lat' dir='ltr'>biter</span> <span class='ocrx_word' id='word_1_212' title='bbox 175 2396 209 2448; x_wconf 93' lang='lat' dir='ltr'>et</span> <span class='ocrx_word' id='word_1_213' title='bbox 232 2387 336 2451; x_wconf 89' lang='lat' dir='ltr'>abbas</span> <span class='ocrx_word' id='word_1_214' title='bbox 361 2389 550 2452; x_wconf 89' lang='lat' dir='ltr'>monasterii</span> <span class='ocrx_word' id='word_1_215' title='bbox 565 2398 679 2452; x_wconf 90' lang='lat' dir='ltr'>sancte</span> <span class='ocrx_word' id='word_1_216' title='bbox 695 2390 799 2454; x_wconf 89' lang='lat' dir='ltr'>Marie</span> <span class='ocrx_word' id='word_1_217' title='bbox 815 2390 857 2453; x_wconf 91' lang='lat' dir='ltr'>de</span> <span class='ocrx_word' id='word_1_218' title='bbox 873 2390 1004 2466; x_wconf 90' lang='lat' dir='ltr'>Serena,</span> <span class='ocrx_word' id='word_1_219' title='bbox 1028 2391 1166 2454; x_wconf 89' lang='lat' dir='ltr'>consilio</span> <span class='ocrx_word' id='word_1_220' title='bbox 1183 2411 1221 2453; x_wconf 91' lang='lat' dir='ltr'>ac</span> <span class='ocrx_word' id='word_1_221' title='bbox 1237 2409 1399 2454; x_wconf 92' lang='lat' dir='ltr'>consensu</span> <span class='ocrx_word' id='word_1_222' title='bbox 1416 2389 1588 2470; x_wconf 90' lang='lat' dir='ltr'>presbiteri</span> <span class='ocrx_word' id='word_1_223' title='bbox 1604 2389 1742 2470; x_wconf 86' lang='lat' dir='ltr'>Galgani</span> 
     </span>
     <span class='ocr_line' id='line_1_23' title="bbox 62 2473 1743 2560; baseline 0.002 -24"><span class='ocrx_word' id='word_1_224' title='bbox 62 2473 205 2538; x_wconf 90' lang='lat' dir='ltr'>ecclesie</span> <span class='ocrx_word' id='word_1_225' title='bbox 234 2478 339 2539; x_wconf 90' lang='lat' dir='ltr'>sancti</span> <span class='ocrx_word' id='word_1_226' title='bbox 369 2477 469 2540; x_wconf 88' lang='lat' dir='ltr'>Blasii</span> <span class='ocrx_word' id='word_1_227' title='bbox 502 2477 543 2540; x_wconf 93' lang='lat' dir='ltr'>de</span> <span class='ocrx_word' id='word_1_228' title='bbox 566 2477 709 2554; x_wconf 90' lang='lat' dir='ltr'>Bibone,</span> <span class='ocrx_word' id='word_1_229' title='bbox 741 2500 805 2560; x_wconf 88' lang='lat' dir='ltr'>que</span> <span class='ocrx_word' id='word_1_230' title='bbox 835 2479 974 2543; x_wconf 90' lang='lat' dir='ltr'>ecclesia</span> <span class='ocrx_word' id='word_1_231' title='bbox 1004 2480 1175 2543; x_wconf 90' lang='lat' dir='ltr'>dicebatur</span> <span class='ocrx_word' id='word_1_232' title='bbox 1205 2499 1278 2558; x_wconf 89' lang='lat' dir='ltr'>esse</span> <span class='ocrx_word' id='word_1_233' title='bbox 1309 2478 1448 2560; x_wconf 91' lang='lat' dir='ltr'>predicti</span> <span class='ocrx_word' id='word_1_234' title='bbox 1481 2478 1670 2541; x_wconf 91' lang='lat' dir='ltr'>monasterii</span> <span class='ocrx_word' id='word_1_235' title='bbox 1701 2479 1743 2540; x_wconf 91' lang='lat' dir='ltr'>de</span> 
     </span>
     <span class='ocr_line' id='line_1_24' title="bbox 62 2561 1743 2651; baseline 0.003 -26"><span class='ocrx_word' id='word_1_236' title='bbox 62 2561 203 2641; x_wconf 88' lang='lat' dir='ltr'>Serena,</span> <span class='ocrx_word' id='word_1_237' title='bbox 233 2575 266 2628; x_wconf 90' lang='lat' dir='ltr'>et</span> <span class='ocrx_word' id='word_1_238' title='bbox 289 2567 426 2629; x_wconf 90' lang='lat' dir='ltr'>consilio</span> <span class='ocrx_word' id='word_1_239' title='bbox 450 2575 483 2630; x_wconf 91' lang='lat' dir='ltr'>et</span> <span class='ocrx_word' id='word_1_240' title='bbox 507 2566 649 2630; x_wconf 90' lang='lat' dir='ltr'>adsensu</span> <span class='ocrx_word' id='word_1_241' title='bbox 672 2568 856 2645; x_wconf 91' lang='lat' dir='ltr'>Rusticelli,</span> <span class='ocrx_word' id='word_1_242' title='bbox 888 2569 1055 2651; x_wconf 90' lang='lat' dir='ltr'>quondam</span> <span class='ocrx_word' id='word_1_243' title='bbox 1078 2568 1196 2633; x_wconf 90' lang='lat' dir='ltr'>Vitalis</span> <span class='ocrx_word' id='word_1_244' title='bbox 1221 2566 1324 2644; x_wconf 89' lang='lat' dir='ltr'>Cecii,</span> <span class='ocrx_word' id='word_1_245' title='bbox 1358 2587 1456 2649; x_wconf 91' lang='lat' dir='ltr'>quem</span> <span class='ocrx_word' id='word_1_246' title='bbox 1487 2567 1641 2631; x_wconf 90' lang='lat' dir='ltr'>dicebant</span> <span class='ocrx_word' id='word_1_247' title='bbox 1670 2587 1743 2630; x_wconf 90' lang='lat' dir='ltr'>esse</span> 
     </span>
     <span class='ocr_line' id='line_1_25' title="bbox 62 2652 1742 2738; baseline 0.002 -23"><span class='ocrx_word' id='word_1_248' title='bbox 62 2652 306 2718; x_wconf 88' lang='lat' dir='ltr'>castaldionem</span> <span class='ocrx_word' id='word_1_249' title='bbox 335 2655 483 2738; x_wconf 91' lang='lat' dir='ltr'>predicte</span> <span class='ocrx_word' id='word_1_250' title='bbox 506 2657 639 2720; x_wconf 88' lang='lat' dir='ltr'>abbatie</span> <span class='ocrx_word' id='word_1_251' title='bbox 663 2657 704 2720; x_wconf 90' lang='lat' dir='ltr'>de</span> <span class='ocrx_word' id='word_1_252' title='bbox 727 2657 864 2734; x_wconf 88' lang='lat' dir='ltr'>Serena,</span> <span class='ocrx_word' id='word_1_253' title='bbox 896 2668 929 2721; x_wconf 91' lang='lat' dir='ltr'>et</span> <span class='ocrx_word' id='word_1_254' title='bbox 952 2659 1090 2721; x_wconf 90' lang='lat' dir='ltr'>consilio</span> <span class='ocrx_word' id='word_1_255' title='bbox 1115 2667 1147 2721; x_wconf 91' lang='lat' dir='ltr'>et</span> <span class='ocrx_word' id='word_1_256' title='bbox 1171 2677 1333 2720; x_wconf 90' lang='lat' dir='ltr'>consensu</span> <span class='ocrx_word' id='word_1_257' title='bbox 1356 2655 1529 2738; x_wconf 86' lang='lat' dir='ltr'>Ugonlini,</span> <span class='ocrx_word' id='word_1_258' title='bbox 1560 2656 1742 2719; x_wconf 88' lang='lat' dir='ltr'>Roselmini</span> 
     </span>
     <span class='ocr_line' id='line_1_26' title="bbox 61 2742 1742 2830; baseline 0.002 -26"><span class='ocrx_word' id='word_1_259' title='bbox 61 2751 95 2804; x_wconf 91' lang='lat' dir='ltr'>et</span> <span class='ocrx_word' id='word_1_260' title='bbox 119 2742 293 2820; x_wconf 89' lang='lat' dir='ltr'>Guidonis,</span> <span class='ocrx_word' id='word_1_261' title='bbox 318 2745 486 2827; x_wconf 93' lang='lat' dir='ltr'>quondam</span> <span class='ocrx_word' id='word_1_262' title='bbox 511 2745 731 2810; x_wconf 88' lang='lat' dir='ltr'>ildebrandini</span> <span class='ocrx_word' id='word_1_263' title='bbox 756 2747 915 2824; x_wconf 91' lang='lat' dir='ltr'>cavalerii‚</span> <span class='ocrx_word' id='word_1_264' title='bbox 939 2756 972 2811; x_wconf 91' lang='lat' dir='ltr'>et</span> <span class='ocrx_word' id='word_1_265' title='bbox 995 2748 1171 2830; x_wconf 85' lang='lat' dir='ltr'>compagni</span> <span class='ocrx_word' id='word_1_266' title='bbox 1188 2745 1366 2810; x_wconf 91' lang='lat' dir='ltr'>Malevolte</span> <span class='ocrx_word' id='word_1_267' title='bbox 1388 2755 1422 2808; x_wconf 90' lang='lat' dir='ltr'>et</span> <span class='ocrx_word' id='word_1_268' title='bbox 1437 2746 1601 2809; x_wconf 90' lang='lat' dir='ltr'>Albertini</span> <span class='ocrx_word' id='word_1_269' title='bbox 1624 2745 1742 2822; x_wconf 90' lang='lat' dir='ltr'>Bondi,</span> 
     </span>
     <span class='ocr_line' id='line_1_27' title="bbox 61 2831 1742 2938; baseline 0.002 -45"><span class='ocrx_word' id='word_1_270' title='bbox 61 2831 118 2912; x_wconf 92' lang='lat' dir='ltr'>qui</span> <span class='ocrx_word' id='word_1_271' title='bbox 144 2852 262 2896; x_wconf 91' lang='lat' dir='ltr'>omnes</span> <span class='ocrx_word' id='word_1_272' title='bbox 284 2844 361 2896; x_wconf 92' lang='lat' dir='ltr'>sunt</span> <span class='ocrx_word' id='word_1_273' title='bbox 384 2833 425 2898; x_wconf 90' lang='lat' dir='ltr'>de</span> <span class='ocrx_word' id='word_1_274' title='bbox 448 2835 597 2917; x_wconf 89' lang='lat' dir='ltr'>predicto</span> <span class='ocrx_word' id='word_1_275' title='bbox 622 2835 697 2898; x_wconf 92' lang='lat' dir='ltr'>loco</span> <span class='ocrx_word' id='word_1_276' title='bbox 712 2836 841 2899; x_wconf 93' lang='lat' dir='ltr'>Bibone</span> <span class='ocrx_word' id='word_1_277' title='bbox 865 2844 898 2900; x_wconf 91' lang='lat' dir='ltr'>et</span> <span class='ocrx_word' id='word_1_278' title='bbox 921 2846 996 2900; x_wconf 91' lang='lat' dir='ltr'>sunt</span> <span class='ocrx_word' id='word_1_279' title='bbox 1020 2836 1133 2900; x_wconf 87' lang='lat' dir='ltr'>fideles</span> <span class='ocrx_word' id='word_1_280' title='bbox 1156 2836 1302 2938; x_wconf 90' lang='lat' dir='ltr'>predicte</span> <span class='ocrx_word' id='word_1_281' title='bbox 1327 2835 1468 2911; x_wconf 90' lang='lat' dir='ltr'>abbatie,</span> <span class='ocrx_word' id='word_1_282' title='bbox 1492 2843 1527 2898; x_wconf 92' lang='lat' dir='ltr'>ut</span> <span class='ocrx_word' id='word_1_283' title='bbox 1543 2834 1742 2911; x_wconf 89' lang='lat' dir='ltr'>asserebant,</span> 
     </span>
     <span class='ocr_line' id='line_1_28' title="bbox 62 2919 1742 3006; baseline 0.004 -25"><span class='ocrx_word' id='word_1_284' title='bbox 62 2919 141 2984; x_wconf 90' lang='lat' dir='ltr'>fecit</span> <span class='ocrx_word' id='word_1_285' title='bbox 167 2921 266 2985; x_wconf 91' lang='lat' dir='ltr'>finem</span> <span class='ocrx_word' id='word_1_286' title='bbox 290 2932 324 2986; x_wconf 92' lang='lat' dir='ltr'>et</span> <span class='ocrx_word' id='word_1_287' title='bbox 346 2924 577 2988; x_wconf 87' lang='lat' dir='ltr'>refutationem</span> <span class='ocrx_word' id='word_1_288' title='bbox 592 2932 691 3006; x_wconf 90' lang='lat' dir='ltr'>atque</span> <span class='ocrx_word' id='word_1_289' title='bbox 707 2926 962 2989; x_wconf 88' lang='lat' dir='ltr'>transactionem</span> <span class='ocrx_word' id='word_1_290' title='bbox 978 2926 1145 2989; x_wconf 86' lang='lat' dir='ltr'>Bonifatio</span> <span class='ocrx_word' id='word_1_291' title='bbox 1170 2925 1284 2989; x_wconf 92' lang='lat' dir='ltr'>nuntio</span> <span class='ocrx_word' id='word_1_292' title='bbox 1309 2925 1422 2987; x_wconf 91' lang='lat' dir='ltr'>domni</span> <span class='ocrx_word' id='word_1_293' title='bbox 1438 2924 1608 3000; x_wconf 92' lang='lat' dir='ltr'>Guidonis,</span> <span class='ocrx_word' id='word_1_294' title='bbox 1633 2923 1742 2987; x_wconf 90' lang='lat' dir='ltr'>divina</span> 
     </span>
     <span class='ocr_line' id='line_1_29' title="bbox 59 2997 1742 3112; baseline 0.002 -40"><span class='ocrx_word' id='word_1_295' title='bbox 59 3011 169 3112; x_wconf 76' lang='lat' dir='ltr'>gratia</span> <span class='ocrx_word' id='word_1_296' title='bbox 184 3011 343 3076; x_wconf 90' lang='lat' dir='ltr'>Lucensis</span> <span class='ocrx_word' id='word_1_297' title='bbox 365 3013 524 3095; x_wconf 89' lang='lat' dir='ltr'>episcopi,</span> <span class='ocrx_word' id='word_1_298' title='bbox 547 3015 773 3094; x_wconf 89' lang='lat' dir='ltr'>procuratorio</span> <span class='ocrx_word' id='word_1_299' title='bbox 796 3016 929 3079; x_wconf 89' lang='lat' dir='ltr'>nomine</span> <span class='ocrx_word' id='word_1_300' title='bbox 945 3015 1114 3097; x_wconf 90' lang='lat' dir='ltr'>recipienti</span> <span class='ocrx_word' id='word_1_301' title='bbox 1130 3023 1163 3078; x_wconf 91' lang='lat' dir='ltr'>et</span> <span class='ocrx_word' id='word_1_302' title='bbox 1179 3013 1346 3097; x_wconf 91' lang='lat' dir='ltr'>stipulanti</span> <span class='ocrx_word' id='word_1_303' title='bbox 1363 3033 1424 3095; x_wconf 92' lang='lat' dir='ltr'>pro</span> <span class='ocrx_word' id='word_1_304' title='bbox 1440 3013 1589 3094; x_wconf 92' lang='lat' dir='ltr'>predicto</span> <span class='ocrx_word' id='word_1_305' title='bbox 1606 2997 1742 3075; x_wconf 88' lang='lat' dir='ltr'>domino</span> 
     </span>
     <span class='ocr_line' id='line_1_30' title="bbox 60 3099 1742 3187; baseline 0.002 -25"><span class='ocrx_word' id='word_1_306' title='bbox 60 3099 226 3182; x_wconf 83' lang='lat' dir='ltr'>episcopo</span> <span class='ocrx_word' id='word_1_307' title='bbox 249 3110 282 3164; x_wconf 91' lang='lat' dir='ltr'>et</span> <span class='ocrx_word' id='word_1_308' title='bbox 306 3121 366 3184; x_wconf 90' lang='lat' dir='ltr'>pro</span> <span class='ocrx_word' id='word_1_309' title='bbox 389 3101 525 3165; x_wconf 88' lang='lat' dir='ltr'>Lucano</span> <span class='ocrx_word' id='word_1_310' title='bbox 549 3103 743 3184; x_wconf 91' lang='lat' dir='ltr'>episcopatu</span> <span class='ocrx_word' id='word_1_311' title='bbox 766 3113 799 3166; x_wconf 92' lang='lat' dir='ltr'>et</span> <span class='ocrx_word' id='word_1_312' title='bbox 823 3103 865 3167; x_wconf 88' lang='lat' dir='ltr'>ad</span> <span class='ocrx_word' id='word_1_313' title='bbox 888 3114 1017 3186; x_wconf 90' lang='lat' dir='ltr'>partem</span> <span class='ocrx_word' id='word_1_314' title='bbox 1041 3105 1143 3187; x_wconf 92' lang='lat' dir='ltr'>ipsius</span> <span class='ocrx_word' id='word_1_315' title='bbox 1172 3105 1383 3186; x_wconf 91' lang='lat' dir='ltr'>episcopatus</span> <span class='ocrx_word' id='word_1_316' title='bbox 1414 3103 1456 3166; x_wconf 90' lang='lat' dir='ltr'>de</span> <span class='ocrx_word' id='word_1_317' title='bbox 1485 3103 1647 3184; x_wconf 85' lang='lat' dir='ltr'>portione,</span> <span class='ocrx_word' id='word_1_318' title='bbox 1678 3123 1742 3184; x_wconf 91' lang='lat' dir='ltr'>que</span> 
     </span>
     <span class='ocr_line' id='line_1_31' title="bbox 60 3187 1742 3276; baseline 0.002 -26"><span class='ocrx_word' id='word_1_319' title='bbox 60 3190 208 3268; x_wconf 89' lang='lat' dir='ltr'>pertinet</span> <span class='ocrx_word' id='word_1_320' title='bbox 230 3189 283 3253; x_wconf 90' lang='lat' dir='ltr'>vel</span> <span class='ocrx_word' id='word_1_321' title='bbox 305 3187 419 3275; x_wconf 85' lang='lat' dir='ltr'>inde(?)</span> <span class='ocrx_word' id='word_1_322' title='bbox 443 3193 600 3274; x_wconf 91' lang='lat' dir='ltr'>pertinuit</span> <span class='ocrx_word' id='word_1_323' title='bbox 624 3201 679 3254; x_wconf 92' lang='lat' dir='ltr'>aut</span> <span class='ocrx_word' id='word_1_324' title='bbox 702 3193 865 3274; x_wconf 91' lang='lat' dir='ltr'>pertinere</span> <span class='ocrx_word' id='word_1_325' title='bbox 897 3193 997 3257; x_wconf 91' lang='lat' dir='ltr'>debet</span> <span class='ocrx_word' id='word_1_326' title='bbox 1026 3193 1077 3256; x_wconf 88' lang='lat' dir='ltr'>vel</span> <span class='ocrx_word' id='word_1_327' title='bbox 1100 3202 1212 3276; x_wconf 92' lang='lat' dir='ltr'>potest</span> <span class='ocrx_word' id='word_1_328' title='bbox 1243 3201 1299 3256; x_wconf 91' lang='lat' dir='ltr'>aut</span> <span class='ocrx_word' id='word_1_329' title='bbox 1322 3191 1436 3256; x_wconf 90' lang='lat' dir='ltr'>debuit</span> <span class='ocrx_word' id='word_1_330' title='bbox 1458 3191 1510 3254; x_wconf 88' lang='lat' dir='ltr'>vel</span> <span class='ocrx_word' id='word_1_331' title='bbox 1540 3192 1649 3274; x_wconf 92' lang='lat' dir='ltr'>potuit</span> <span class='ocrx_word' id='word_1_332' title='bbox 1679 3192 1742 3256; x_wconf 92' lang='lat' dir='ltr'>sibi</span> 
     </span>
     <span class='ocr_line' id='line_1_32' title="bbox 58 3276 1742 3367; baseline 0.004 -29"><span class='ocrx_word' id='word_1_333' title='bbox 58 3276 111 3339; x_wconf 93' lang='lat' dir='ltr'>vel</span> <span class='ocrx_word' id='word_1_334' title='bbox 137 3278 202 3360; x_wconf 88' lang='lat' dir='ltr'>ipsi</span> <span class='ocrx_word' id='word_1_335' title='bbox 226 3281 427 3344; x_wconf 84' lang='lat' dir='ltr'>monasterio</span> <span class='ocrx_word' id='word_1_336' title='bbox 450 3290 483 3344; x_wconf 93' lang='lat' dir='ltr'>et</span> <span class='ocrx_word' id='word_1_337' title='bbox 507 3290 640 3363; x_wconf 91' lang='lat' dir='ltr'>pactum</span> <span class='ocrx_word' id='word_1_338' title='bbox 665 3282 707 3344; x_wconf 93' lang='lat' dir='ltr'>de</span> <span class='ocrx_word' id='word_1_339' title='bbox 730 3282 863 3346; x_wconf 91' lang='lat' dir='ltr'>nomine</span> <span class='ocrx_word' id='word_1_340' title='bbox 882 3280 910 3367; x_wconf 81' lang='lat' dir='ltr'>a)</span> <span class='ocrx_word' id='word_1_341' title='bbox 938 3282 1103 3364; x_wconf 90' lang='lat' dir='ltr'>petend0,</span> <span class='ocrx_word' id='word_1_342' title='bbox 1127 3302 1256 3364; x_wconf 90' lang='lat' dir='ltr'>queque</span> <span class='ocrx_word' id='word_1_343' title='bbox 1279 3291 1329 3345; x_wconf 92' lang='lat' dir='ltr'>est</span> <span class='ocrx_word' id='word_1_344' title='bbox 1352 3281 1404 3344; x_wconf 93' lang='lat' dir='ltr'>vel</span> <span class='ocrx_word' id='word_1_345' title='bbox 1428 3281 1488 3344; x_wconf 90' lang='lat' dir='ltr'>fuit</span> <span class='ocrx_word' id='word_1_346' title='bbox 1518 3280 1677 3344; x_wconf 90' lang='lat' dir='ltr'>medietas</span> <span class='ocrx_word' id='word_1_347' title='bbox 1701 3281 1742 3344; x_wconf 95' lang='lat' dir='ltr'>de</span> 
     </span>
     <span class='ocr_line' id='line_1_33' title="bbox 59 3369 1741 3454; baseline 0.004 -27"><span class='ocrx_word' id='word_1_348' title='bbox 59 3377 178 3430; x_wconf 91' lang='lat' dir='ltr'>monte</span> <span class='ocrx_word' id='word_1_349' title='bbox 202 3378 235 3431; x_wconf 95' lang='lat' dir='ltr'>et</span> <span class='ocrx_word' id='word_1_350' title='bbox 258 3369 361 3454; x_wconf 91' lang='lat' dir='ltr'>podio</span> <span class='ocrx_word' id='word_1_351' title='bbox 385 3379 418 3432; x_wconf 92' lang='lat' dir='ltr'>et</span> <span class='ocrx_word' id='word_1_352' title='bbox 441 3370 575 3434; x_wconf 90' lang='lat' dir='ltr'>castello</span> <span class='ocrx_word' id='word_1_353' title='bbox 599 3379 633 3432; x_wconf 92' lang='lat' dir='ltr'>et</span> <span class='ocrx_word' id='word_1_354' title='bbox 656 3380 746 3434; x_wconf 90' lang='lat' dir='ltr'>curte</span> <span class='ocrx_word' id='word_1_355' title='bbox 770 3371 811 3434; x_wconf 92' lang='lat' dir='ltr'>de</span> <span class='ocrx_word' id='word_1_356' title='bbox 835 3381 948 3435; x_wconf 90' lang='lat' dir='ltr'>monte</span> <span class='ocrx_word' id='word_1_357' title='bbox 971 3371 1013 3434; x_wconf 92' lang='lat' dir='ltr'>de</span> <span class='ocrx_word' id='word_1_358' title='bbox 1038 3371 1182 3434; x_wconf 89' lang='lat' dir='ltr'>Castello</span> <span class='ocrx_word' id='word_1_359' title='bbox 1205 3391 1279 3434; x_wconf 92' lang='lat' dir='ltr'>cum</span> <span class='ocrx_word' id='word_1_360' title='bbox 1303 3371 1457 3454; x_wconf 91' lang='lat' dir='ltr'>omnibus</span> <span class='ocrx_word' id='word_1_361' title='bbox 1481 3370 1564 3432; x_wconf 90' lang='lat' dir='ltr'>casis</span> <span class='ocrx_word' id='word_1_362' title='bbox 1594 3381 1627 3433; x_wconf 94' lang='lat' dir='ltr'>et</span> <span class='ocrx_word' id='word_1_363' title='bbox 1649 3370 1741 3434; x_wconf 91' lang='lat' dir='ltr'>terris</span> 
     </span>
     <span class='ocr_line' id='line_1_34' title="bbox 59 3457 1742 3543; baseline 0.002 -26"><span class='ocrx_word' id='word_1_364' title='bbox 59 3465 92 3517; x_wconf 90' lang='lat' dir='ltr'>et</span> <span class='ocrx_word' id='word_1_365' title='bbox 115 3458 231 3534; x_wconf 92' lang='lat' dir='ltr'>rebus,</span> <span class='ocrx_word' id='word_1_366' title='bbox 262 3459 304 3520; x_wconf 94' lang='lat' dir='ltr'>ad</span> <span class='ocrx_word' id='word_1_367' title='bbox 327 3459 512 3541; x_wconf 91' lang='lat' dir='ltr'>predictum</span> <span class='ocrx_word' id='word_1_368' title='bbox 535 3457 705 3523; x_wconf 88' lang='lat' dir='ltr'>castellum</span> <span class='ocrx_word' id='word_1_369' title='bbox 729 3459 780 3522; x_wconf 89' lang='lat' dir='ltr'>vel</span> <span class='ocrx_word' id='word_1_370' title='bbox 803 3461 872 3522; x_wconf 90' lang='lat' dir='ltr'>eius</span> <span class='ocrx_word' id='word_1_371' title='bbox 896 3469 1020 3524; x_wconf 91' lang='lat' dir='ltr'>curtem</span> <span class='ocrx_word' id='word_1_372' title='bbox 1044 3460 1292 3543; x_wconf 91' lang='lat' dir='ltr'>pertinentibus,</span> <span class='ocrx_word' id='word_1_373' title='bbox 1323 3459 1356 3525; x_wconf 92' lang='lat' dir='ltr'>in</span> <span class='ocrx_word' id='word_1_374' title='bbox 1389 3458 1551 3541; x_wconf 91' lang='lat' dir='ltr'>aliquibus</span> <span class='ocrx_word' id='word_1_375' title='bbox 1574 3459 1742 3522; x_wconf 90' lang='lat' dir='ltr'>vocabulis</span> 
     </span>
     <span class='ocr_line' id='line_1_35' title="bbox 59 3543 1740 3632; baseline 0.002 -27"><span class='ocrx_word' id='word_1_376' title='bbox 59 3543 109 3606; x_wconf 89' lang='lat' dir='ltr'>vel</span> <span class='ocrx_word' id='word_1_377' title='bbox 135 3547 220 3610; x_wconf 90' lang='lat' dir='ltr'>locis</span> <span class='ocrx_word' id='word_1_378' title='bbox 243 3556 276 3611; x_wconf 90' lang='lat' dir='ltr'>et</span> <span class='ocrx_word' id='word_1_379' title='bbox 300 3548 343 3611; x_wconf 88' lang='lat' dir='ltr'>de</span> <span class='ocrx_word' id='word_1_380' title='bbox 365 3548 503 3612; x_wconf 91' lang='lat' dir='ltr'>Taverle</span> <span class='ocrx_word' id='word_1_381' title='bbox 525 3558 559 3611; x_wconf 88' lang='lat' dir='ltr'>et</span> <span class='ocrx_word' id='word_1_382' title='bbox 583 3549 624 3611; x_wconf 94' lang='lat' dir='ltr'>de</span> <span class='ocrx_word' id='word_1_383' title='bbox 647 3548 770 3612; x_wconf 88' lang='lat' dir='ltr'>Padule</span> <span class='ocrx_word' id='word_1_384' title='bbox 792 3558 825 3612; x_wconf 93' lang='lat' dir='ltr'>et</span> <span class='ocrx_word' id='word_1_385' title='bbox 841 3548 1032 3632; x_wconf 90' lang='lat' dir='ltr'>Capannule</span> <span class='ocrx_word' id='word_1_386' title='bbox 1056 3559 1089 3613; x_wconf 93' lang='lat' dir='ltr'>et</span> <span class='ocrx_word' id='word_1_387' title='bbox 1113 3549 1155 3612; x_wconf 89' lang='lat' dir='ltr'>de</span> <span class='ocrx_word' id='word_1_388' title='bbox 1177 3559 1293 3612; x_wconf 89' lang='lat' dir='ltr'>sancto</span> <span class='ocrx_word' id='word_1_389' title='bbox 1313 3548 1410 3611; x_wconf 91' lang='lat' dir='ltr'>Petro</span> <span class='ocrx_word' id='word_1_390' title='bbox 1433 3558 1468 3610; x_wconf 89' lang='lat' dir='ltr'>et</span> <span class='ocrx_word' id='word_1_391' title='bbox 1491 3548 1532 3610; x_wconf 91' lang='lat' dir='ltr'>de</span> <span class='ocrx_word' id='word_1_392' title='bbox 1548 3547 1740 3611; x_wconf 90' lang='lat' dir='ltr'>Canniliano</span> 
     </span>
     <span class='ocr_line' id='line_1_36' title="bbox 59 3634 1741 3722; baseline 0.001 -24"><span class='ocrx_word' id='word_1_393' title='bbox 59 3644 92 3699; x_wconf 86' lang='lat' dir='ltr'>et</span> <span class='ocrx_word' id='word_1_394' title='bbox 123 3635 169 3698; x_wconf 89' lang='lat' dir='ltr'>de</span> <span class='ocrx_word' id='word_1_395' title='bbox 193 3634 292 3700; x_wconf 91' lang='lat' dir='ltr'>Ceule</span> <span class='ocrx_word' id='word_1_396' title='bbox 325 3647 357 3700; x_wconf 89' lang='lat' dir='ltr'>et</span> <span class='ocrx_word' id='word_1_397' title='bbox 373 3671 376 3678; x_wconf 46' lang='lat'><strong>⁴</strong></span> <span class='ocrx_word' id='word_1_398' title='bbox 391 3637 432 3701; x_wconf 91' lang='lat' dir='ltr'>de</span> <span class='ocrx_word' id='word_1_399' title='bbox 455 3638 638 3719; x_wconf 85' lang='lat' dir='ltr'>Perignano</span> <span class='ocrx_word' id='word_1_400' title='bbox 668 3648 701 3701; x_wconf 90' lang='lat' dir='ltr'>et</span> <span class='ocrx_word' id='word_1_401' title='bbox 730 3639 931 3722; x_wconf 87' lang='lat' dir='ltr'>Lucagnano</span> <span class='ocrx_word' id='word_1_402' title='bbox 961 3647 994 3702; x_wconf 92' lang='lat' dir='ltr'>et</span> <span class='ocrx_word' id='word_1_403' title='bbox 1024 3640 1066 3701; x_wconf 91' lang='lat' dir='ltr'>de</span> <span class='ocrx_word' id='word_1_404' title='bbox 1089 3639 1256 3702; x_wconf 90' lang='lat' dir='ltr'>Lavaiano</span> <span class='ocrx_word' id='word_1_405' title='bbox 1289 3646 1322 3700; x_wconf 93' lang='lat' dir='ltr'>et</span> <span class='ocrx_word' id='word_1_406' title='bbox 1345 3637 1482 3700; x_wconf 89' lang='lat' dir='ltr'>Miliano</span> <span class='ocrx_word' id='word_1_407' title='bbox 1513 3646 1546 3699; x_wconf 88' lang='lat' dir='ltr'>et</span> <span class='ocrx_word' id='word_1_408' title='bbox 1566 3637 1678 3718; x_wconf 91' lang='lat' dir='ltr'>Acqui</span> <span class='ocrx_word' id='word_1_409' title='bbox 1708 3647 1741 3700; x_wconf 90' lang='lat' dir='ltr'>et</span> 
     </span>
     <span class='ocr_line' id='line_1_37' title="bbox 59 3723 1740 3810; baseline 0.001 -24"><span class='ocrx_word' id='word_1_410' title='bbox 59 3723 220 3788; x_wconf 89' lang='lat' dir='ltr'>Morrona</span> <span class='ocrx_word' id='word_1_411' title='bbox 243 3734 276 3789; x_wconf 91' lang='lat' dir='ltr'>et</span> <span class='ocrx_word' id='word_1_412' title='bbox 299 3726 483 3810; x_wconf 88' lang='lat' dir='ltr'>Scopeturo</span> <span class='ocrx_word' id='word_1_413' title='bbox 507 3736 607 3809; x_wconf 89' lang='lat' dir='ltr'>atque</span> <span class='ocrx_word' id='word_1_414' title='bbox 631 3725 770 3791; x_wconf 92' lang='lat' dir='ltr'>Cumulo</span> <span class='ocrx_word' id='word_1_415' title='bbox 794 3736 828 3791; x_wconf 90' lang='lat' dir='ltr'>et</span> <span class='ocrx_word' id='word_1_416' title='bbox 851 3728 893 3792; x_wconf 90' lang='lat' dir='ltr'>de</span> <span class='ocrx_word' id='word_1_417' title='bbox 916 3737 1006 3791; x_wconf 87' lang='lat' dir='ltr'>curte</span> <span class='ocrx_word' id='word_1_418' title='bbox 1028 3728 1123 3791; x_wconf 91' lang='lat' dir='ltr'>unius</span> <span class='ocrx_word' id='word_1_419' title='bbox 1147 3728 1302 3809; x_wconf 89' lang='lat' dir='ltr'>cuiusque</span> <span class='ocrx_word' id='word_1_420' title='bbox 1331 3726 1553 3807; x_wconf 86' lang='lat' dir='ltr'>predictorum</span> <span class='ocrx_word' id='word_1_421' title='bbox 1583 3725 1740 3802; x_wconf 91' lang='lat' dir='ltr'>locorum,</span> 
     </span>
     <span class='ocr_line' id='line_1_38' title="bbox 58 3814 1740 3899; baseline 0.002 -24"><span class='ocrx_word' id='word_1_422' title='bbox 58 3833 123 3876; x_wconf 91' lang='lat' dir='ltr'>una</span> <span class='ocrx_word' id='word_1_423' title='bbox 150 3833 225 3876; x_wconf 88' lang='lat' dir='ltr'>cum</span> <span class='ocrx_word' id='word_1_424' title='bbox 249 3816 402 3879; x_wconf 90' lang='lat' dir='ltr'>omnibus</span> <span class='ocrx_word' id='word_1_425' title='bbox 426 3817 510 3879; x_wconf 90' lang='lat' dir='ltr'>casis</span> <span class='ocrx_word' id='word_1_426' title='bbox 534 3826 566 3879; x_wconf 90' lang='lat' dir='ltr'>et</span> <span class='ocrx_word' id='word_1_427' title='bbox 589 3817 682 3879; x_wconf 93' lang='lat' dir='ltr'>terris</span> <span class='ocrx_word' id='word_1_428' title='bbox 707 3826 739 3880; x_wconf 91' lang='lat' dir='ltr'>et</span> <span class='ocrx_word' id='word_1_429' title='bbox 763 3817 868 3894; x_wconf 88' lang='lat' dir='ltr'>rebus,</span> <span class='ocrx_word' id='word_1_430' title='bbox 902 3818 944 3881; x_wconf 90' lang='lat' dir='ltr'>ad</span> <span class='ocrx_word' id='word_1_431' title='bbox 966 3817 1134 3899; x_wconf 92' lang='lat' dir='ltr'>predictos</span> <span class='ocrx_word' id='word_1_432' title='bbox 1158 3816 1251 3879; x_wconf 87' lang='lat' dir='ltr'>locos</span> <span class='ocrx_word' id='word_1_433' title='bbox 1274 3815 1325 3878; x_wconf 89' lang='lat' dir='ltr'>vel</span> <span class='ocrx_word' id='word_1_434' title='bbox 1355 3823 1463 3878; x_wconf 89' lang='lat' dir='ltr'>curtes</span> <span class='ocrx_word' id='word_1_435' title='bbox 1493 3814 1740 3896; x_wconf 91' lang='lat' dir='ltr'>pertinentibus,</span> 
     </span>
     <span class='ocr_line' id='line_1_39' title="bbox 59 3902 1741 3988; baseline 0.002 -25"><span class='ocrx_word' id='word_1_436' title='bbox 59 3902 91 3965; x_wconf 91' lang='lat' dir='ltr'>in</span> <span class='ocrx_word' id='word_1_437' title='bbox 114 3902 281 3984; x_wconf 88' lang='lat' dir='ltr'>aliquibus</span> <span class='ocrx_word' id='word_1_438' title='bbox 304 3903 473 3968; x_wconf 90' lang='lat' dir='ltr'>vocabulis</span> <span class='ocrx_word' id='word_1_439' title='bbox 496 3905 548 3968; x_wconf 89' lang='lat' dir='ltr'>vel</span> <span class='ocrx_word' id='word_1_440' title='bbox 571 3905 661 3968; x_wconf 91' lang='lat' dir='ltr'>locis.</span> <span class='ocrx_word' id='word_1_441' title='bbox 708 3905 864 3969; x_wconf 88' lang='lat' dir='ltr'>Similiter</span> <span class='ocrx_word' id='word_1_442' title='bbox 886 3927 946 3988; x_wconf 90' lang='lat' dir='ltr'>per</span> <span class='ocrx_word' id='word_1_443' title='bbox 968 3907 1079 3970; x_wconf 90' lang='lat' dir='ltr'>omnia</span> <span class='ocrx_word' id='word_1_444' title='bbox 1102 3906 1179 3968; x_wconf 91' lang='lat' dir='ltr'>fecit</span> <span class='ocrx_word' id='word_1_445' title='bbox 1202 3905 1302 3968; x_wconf 90' lang='lat' dir='ltr'>finem</span> <span class='ocrx_word' id='word_1_446' title='bbox 1325 3913 1358 3967; x_wconf 91' lang='lat' dir='ltr'>et</span> <span class='ocrx_word' id='word_1_447' title='bbox 1387 3904 1618 3968; x_wconf 87' lang='lat' dir='ltr'>refutationem</span> <span class='ocrx_word' id='word_1_448' title='bbox 1641 3915 1741 3986; x_wconf 91' lang='lat' dir='ltr'>atque</span> 
     </span>
     <span class='ocr_line' id='line_1_40' title="bbox 57 3991 1739 4080; baseline 0.001 -26"><span class='ocrx_word' id='word_1_449' title='bbox 57 3992 318 4057; x_wconf 88' lang='lat' dir='ltr'>transactionem</span> <span class='ocrx_word' id='word_1_450' title='bbox 340 4004 373 4057; x_wconf 92' lang='lat' dir='ltr'>et</span> <span class='ocrx_word' id='word_1_451' title='bbox 397 4004 532 4076; x_wconf 89' lang='lat' dir='ltr'>pactum</span> <span class='ocrx_word' id='word_1_452' title='bbox 555 3994 597 4056; x_wconf 90' lang='lat' dir='ltr'>de</span> <span class='ocrx_word' id='word_1_453' title='bbox 620 3996 754 4058; x_wconf 89' lang='lat' dir='ltr'>nomine</span> <span class='ocrx_word' id='word_1_454' title='bbox 773 3991 801 4080; x_wconf 68' lang='grc' dir='ltr'>α)</span> <span class='ocrx_word' id='word_1_455' title='bbox 823 3995 970 4077; x_wconf 89' lang='lat' dir='ltr'>petendo</span> <span class='ocrx_word' id='word_1_456' title='bbox 994 3995 1036 4058; x_wconf 92' lang='lat' dir='ltr'>de</span> <span class='ocrx_word' id='word_1_457' title='bbox 1059 3994 1212 4058; x_wconf 92' lang='lat' dir='ltr'>omnibus</span> <span class='ocrx_word' id='word_1_458' title='bbox 1233 3994 1303 4057; x_wconf 89' lang='lat' dir='ltr'>aliis</span> <span class='ocrx_word' id='word_1_459' title='bbox 1327 3994 1412 4056; x_wconf 93' lang='lat' dir='ltr'>casis</span> <span class='ocrx_word' id='word_1_460' title='bbox 1428 4002 1461 4056; x_wconf 91' lang='lat' dir='ltr'>et</span> <span class='ocrx_word' id='word_1_461' title='bbox 1476 3993 1569 4056; x_wconf 90' lang='lat' dir='ltr'>terris</span> <span class='ocrx_word' id='word_1_462' title='bbox 1585 4003 1619 4055; x_wconf 97' lang='lat' dir='ltr'>et</span> <span class='ocrx_word' id='word_1_463' title='bbox 1634 3993 1739 4069; x_wconf 89' lang='lat' dir='ltr'>rebus,</span> 
     </span>
     <span class='ocr_line' id='line_1_41' title="bbox 59 4081 1739 4166; baseline 0.002 -23"><span class='ocrx_word' id='word_1_464' title='bbox 59 4101 124 4162; x_wconf 90' lang='lat' dir='ltr'>que</span> <span class='ocrx_word' id='word_1_465' title='bbox 150 4091 226 4144; x_wconf 89' lang='lat' dir='ltr'>suut</span> <span class='ocrx_word' id='word_1_466' title='bbox 249 4082 300 4146; x_wconf 90' lang='lat' dir='ltr'>vel</span> <span class='ocrx_word' id='word_1_467' title='bbox 323 4081 442 4147; x_wconf 89' lang='lat' dir='ltr'>fuerint</span> <span class='ocrx_word' id='word_1_468' title='bbox 465 4084 676 4166; x_wconf 88' lang='lat' dir='ltr'>suprascripti</span> <span class='ocrx_word' id='word_1_469' title='bbox 700 4084 889 4147; x_wconf 92' lang='lat' dir='ltr'>monasterii</span> <span class='ocrx_word' id='word_1_470' title='bbox 910 4084 951 4146; x_wconf 91' lang='lat' dir='ltr'>de</span> <span class='ocrx_word' id='word_1_471' title='bbox 968 4083 1098 4161; x_wconf 87' lang='lat' dir='ltr'>Serena,</span> <span class='ocrx_word' id='word_1_472' title='bbox 1122 4085 1191 4146; x_wconf 91' lang='lat' dir='ltr'>sive</span> <span class='ocrx_word' id='word_1_473' title='bbox 1214 4085 1243 4146; x_wconf 92' lang='lat' dir='ltr'>ei</span> <span class='ocrx_word' id='word_1_474' title='bbox 1260 4083 1424 4166; x_wconf 87' lang='lat' dir='ltr'>pertinent</span> <span class='ocrx_word' id='word_1_475' title='bbox 1439 4081 1491 4145; x_wconf 91' lang='lat' dir='ltr'>vel</span> <span class='ocrx_word' id='word_1_476' title='bbox 1506 4082 1739 4164; x_wconf 85' lang='lat' dir='ltr'>pertinuerunt,</span> 
     </span>
     <span class='ocr_line' id='line_1_42' title="bbox 59 4170 1739 4256; baseline 0.001 -24"><span class='ocrx_word' id='word_1_477' title='bbox 59 4189 144 4251; x_wconf 85' lang='lat' dir='ltr'>quas</span> <span class='ocrx_word' id='word_1_478' title='bbox 165 4170 325 4235; x_wconf 92' lang='lat' dir='ltr'>Lucensis</span> <span class='ocrx_word' id='word_1_479' title='bbox 355 4173 532 4256; x_wconf 91' lang='lat' dir='ltr'>episcopus</span> <span class='ocrx_word' id='word_1_480' title='bbox 563 4173 614 4236; x_wconf 93' lang='lat' dir='ltr'>vel</span> <span class='ocrx_word' id='word_1_481' title='bbox 638 4172 754 4255; x_wconf 90' lang='lat' dir='ltr'>aliquis</span> <span class='ocrx_word' id='word_1_482' title='bbox 777 4193 838 4256; x_wconf 91' lang='lat' dir='ltr'>pro</span> <span class='ocrx_word' id='word_1_483' title='bbox 869 4174 1063 4256; x_wconf 89' lang='lat' dir='ltr'>episcopatu</span> <span class='ocrx_word' id='word_1_484' title='bbox 1087 4172 1188 4237; x_wconf 88' lang='lat' dir='ltr'>habet</span> <span class='ocrx_word' id='word_1_485' title='bbox 1211 4172 1263 4236; x_wconf 91' lang='lat' dir='ltr'>vel</span> <span class='ocrx_word' id='word_1_486' title='bbox 1287 4172 1411 4234; x_wconf 89' lang='lat' dir='ltr'>detinet</span> <span class='ocrx_word' id='word_1_487' title='bbox 1439 4171 1550 4253; x_wconf 89' lang='lat' dir='ltr'>aliquo</span> <span class='ocrx_word' id='word_1_488' title='bbox 1581 4171 1683 4234; x_wconf 93' lang='lat' dir='ltr'>modo</span> <span class='ocrx_word' id='word_1_489' title='bbox 1707 4181 1739 4234; x_wconf 91' lang='lat' dir='ltr'>et</span> 
     </span>
     <span class='ocr_line' id='line_1_43' title="bbox 58 4259 1739 4345; baseline 0.002 -24"><span class='ocrx_word' id='word_1_490' title='bbox 58 4259 265 4338; x_wconf 90' lang='lat' dir='ltr'>nominatim,</span> <span class='ocrx_word' id='word_1_491' title='bbox 290 4262 422 4344; x_wconf 92' lang='lat' dir='ltr'>insuper</span> <span class='ocrx_word' id='word_1_492' title='bbox 438 4262 479 4326; x_wconf 91' lang='lat' dir='ltr'>de</span> <span class='ocrx_word' id='word_1_493' title='bbox 495 4261 557 4325; x_wconf 92' lang='lat' dir='ltr'>illis</span> <span class='ocrx_word' id='word_1_494' title='bbox 573 4263 667 4325; x_wconf 91' lang='lat' dir='ltr'>terris</span> <span class='ocrx_word' id='word_1_495' title='bbox 684 4271 717 4326; x_wconf 88' lang='lat' dir='ltr'>et</span> <span class='ocrx_word' id='word_1_496' title='bbox 733 4263 839 4339; x_wconf 91' lang='lat' dir='ltr'>rebus,</span> <span class='ocrx_word' id='word_1_497' title='bbox 863 4263 1040 4345; x_wconf 89' lang='lat' dir='ltr'>dequibus</span> <span class='ocrx_word' id='word_1_498' title='bbox 1058 4263 1122 4325; x_wconf 93' lang='lat' dir='ltr'>iam</span> <span class='ocrx_word' id='word_1_499' title='bbox 1139 4262 1245 4326; x_wconf 92' lang='lat' dir='ltr'>dictus</span> <span class='ocrx_word' id='word_1_500' title='bbox 1261 4262 1366 4325; x_wconf 91' lang='lat' dir='ltr'>abbas</span> <span class='ocrx_word' id='word_1_501' title='bbox 1382 4261 1486 4324; x_wconf 88' lang='lat' dir='ltr'>fuerat</span> <span class='ocrx_word' id='word_1_502' title='bbox 1503 4261 1620 4323; x_wconf 91' lang='lat' dir='ltr'>missus</span> <span class='ocrx_word' id='word_1_503' title='bbox 1644 4261 1739 4324; x_wconf 91' lang='lat' dir='ltr'>inter·</span> 
     </span>
     <span class='ocr_line' id='line_1_44' title="bbox 57 4347 1739 4434; baseline 0.001 -23"><span class='ocrx_word' id='word_1_504' title='bbox 57 4349 210 4412; x_wconf 90' lang='lat' dir='ltr'>cessione</span> <span class='ocrx_word' id='word_1_505' title='bbox 228 4347 257 4434; x_wconf 83' lang='lat' dir='ltr'>b)</span> <span class='ocrx_word' id='word_1_506' title='bbox 281 4371 323 4414; x_wconf 85' lang='lat' dir='ltr'>ex</span> <span class='ocrx_word' id='word_1_507' title='bbox 346 4352 509 4416; x_wconf 90' lang='lat' dir='ltr'>sententia</span> <span class='ocrx_word' id='word_1_508' title='bbox 531 4352 599 4414; x_wconf 88' lang='lat' dir='ltr'>sive</span> <span class='ocrx_word' id='word_1_509' title='bbox 623 4353 891 4432; x_wconf 89' lang='lat' dir='ltr'>pronuntiatione</span> <span class='ocrx_word' id='word_1_510' title='bbox 914 4351 1068 4415; x_wconf 90' lang='lat' dir='ltr'>Senensis</span> <span class='ocrx_word' id='word_1_511' title='bbox 1092 4353 1241 4434; x_wconf 91' lang='lat' dir='ltr'>episcopi</span> <span class='ocrx_word' id='word_1_512' title='bbox 1264 4359 1298 4414; x_wconf 89' lang='lat' dir='ltr'>et</span> <span class='ocrx_word' id='word_1_513' title='bbox 1321 4350 1451 4414; x_wconf 89' lang='lat' dir='ltr'>abbatis</span> <span class='ocrx_word' id='word_1_514' title='bbox 1475 4351 1580 4414; x_wconf 90' lang='lat' dir='ltr'>sancti</span> <span class='ocrx_word' id='word_1_515' title='bbox 1600 4350 1739 4431; x_wconf 85' lang='lat' dir='ltr'>Eugenii</span> 
     </span>
     <span class='ocr_line' id='line_1_45' title="bbox 57 4437 1738 4524; baseline 0.002 -25"><span class='ocrx_word' id='word_1_516' title='bbox 57 4437 98 4501; x_wconf 92' lang='lat' dir='ltr'>de</span> <span class='ocrx_word' id='word_1_517' title='bbox 122 4437 222 4515; x_wconf 88' lang='lat' dir='ltr'>Sena,</span> <span class='ocrx_word' id='word_1_518' title='bbox 251 4439 475 4523; x_wconf 84' lang='lat' dir='ltr'>delegatorum</span> <span class='ocrx_word' id='word_1_519' title='bbox 499 4462 518 4504; x_wconf 92' lang='lat' dir='ltr'>a</span> <span class='ocrx_word' id='word_1_520' title='bbox 541 4441 629 4504; x_wconf 89' lang='lat' dir='ltr'>curia</span> <span class='ocrx_word' id='word_1_521' title='bbox 651 4442 819 4518; x_wconf 92' lang='lat' dir='ltr'>Romana,</span> <span class='ocrx_word' id='word_1_522' title='bbox 849 4451 885 4504; x_wconf 90' lang='lat' dir='ltr'>ut</span> <span class='ocrx_word' id='word_1_523' title='bbox 907 4441 1038 4524; x_wconf 91' lang='lat' dir='ltr'>publice</span> <span class='ocrx_word' id='word_1_524' title='bbox 1068 4442 1226 4524; x_wconf 89' lang='lat' dir='ltr'>scriptum</span> <span class='ocrx_word' id='word_1_525' title='bbox 1250 4441 1435 4504; x_wconf 90' lang='lat' dir='ltr'>continetur</span> <span class='ocrx_word' id='word_1_526' title='bbox 1466 4459 1563 4502; x_wconf 88' lang='lat' dir='ltr'>manu</span> <span class='ocrx_word' id='word_1_527' title='bbox 1586 4439 1738 4502; x_wconf 89' lang='lat' dir='ltr'>Rainaldi</span> 
     </span>
     <span class='ocr_line' id='line_1_46' title="bbox 57 4527 1739 4614; baseline 0.001 -25"><span class='ocrx_word' id='word_1_528' title='bbox 57 4529 176 4591; x_wconf 85' lang='lat' dir='ltr'>notarii</span> <span class='ocrx_word' id='word_1_529' title='bbox 201 4530 308 4592; x_wconf 90' lang='lat' dir='ltr'>notitii</span> <span class='ocrx_word' id='word_1_530' title='bbox 328 4527 365 4614; x_wconf 90' lang='lat' dir='ltr'>c),</span> <span class='ocrx_word' id='word_1_531' title='bbox 381 4541 415 4594; x_wconf 90' lang='lat' dir='ltr'>et</span> <span class='ocrx_word' id='word_1_532' title='bbox 436 4551 496 4613; x_wconf 89' lang='lat' dir='ltr'>per</span> <span class='ocrx_word' id='word_1_533' title='bbox 517 4539 674 4606; x_wconf 91' lang='lat' dir='ltr'>tenutam,</span> <span class='ocrx_word' id='word_1_534' title='bbox 698 4531 775 4594; x_wconf 91' lang='lat' dir='ltr'>inde</span> <span class='ocrx_word' id='word_1_535' title='bbox 799 4531 910 4595; x_wconf 89' lang='lat' dir='ltr'>datam</span> <span class='ocrx_word' id='word_1_536' title='bbox 934 4551 953 4594; x_wconf 92' lang='lat' dir='ltr'>a</span> <span class='ocrx_word' id='word_1_537' title='bbox 975 4530 1158 4613; x_wconf 91' lang='lat' dir='ltr'>presbitero</span> <span class='ocrx_word' id='word_1_538' title='bbox 1183 4529 1303 4606; x_wconf 92' lang='lat' dir='ltr'>Iacobi,</span> <span class='ocrx_word' id='word_1_539' title='bbox 1327 4539 1363 4592; x_wconf 89' lang='lat' dir='ltr'>ut</span> <span class='ocrx_word' id='word_1_540' title='bbox 1386 4529 1572 4592; x_wconf 89' lang='lat' dir='ltr'>continetur</span> <span class='ocrx_word' id='word_1_541' title='bbox 1594 4528 1627 4590; x_wconf 92' lang='lat' dir='ltr'>in</span> <span class='ocrx_word' id='word_1_542' title='bbox 1650 4529 1739 4591; x_wconf 90' lang='lat' dir='ltr'>dicta</span> 
     </span>
     <span class='ocr_line' id='line_1_47' title="bbox 55 4616 1738 4703; baseline 0.001 -24"><span class='ocrx_word' id='word_1_543' title='bbox 55 4617 182 4700; x_wconf 90' lang='lat' dir='ltr'>scripta</span> <span class='ocrx_word' id='word_1_544' title='bbox 205 4637 304 4682; x_wconf 90' lang='lat' dir='ltr'>manu</span> <span class='ocrx_word' id='word_1_545' title='bbox 327 4619 465 4701; x_wconf 86' lang='lat' dir='ltr'>Galgani</span> <span class='ocrx_word' id='word_1_546' title='bbox 489 4621 616 4684; x_wconf 89' lang='lat' dir='ltr'>notarii.</span> <span class='ocrx_word' id='word_1_547' title='bbox 665 4621 802 4703; x_wconf 79' lang='lat' dir='ltr'>Insuper</span> <span class='ocrx_word' id='word_1_548' title='bbox 824 4623 924 4684; x_wconf 90' lang='lat' dir='ltr'>etiam</span> <span class='ocrx_word' id='word_1_549' title='bbox 947 4620 989 4684; x_wconf 89' lang='lat' dir='ltr'>ad</span> <span class='ocrx_word' id='word_1_550' title='bbox 1013 4621 1171 4683; x_wconf 90' lang='lat' dir='ltr'>maiorem</span> <span class='ocrx_word' id='word_1_551' title='bbox 1198 4618 1359 4683; x_wconf 89' lang='lat' dir='ltr'>cautelam</span> <span class='ocrx_word' id='word_1_552' title='bbox 1391 4628 1425 4681; x_wconf 88' lang='lat' dir='ltr'>et</span> <span class='ocrx_word' id='word_1_553' title='bbox 1454 4616 1738 4681; x_wconf 89' lang='lat' dir='ltr'>confirmationem</span> 
     </span>
     <span class='ocr_line' id='line_1_48' title="bbox 55 4707 1738 4790; baseline 0.001 -22"><span class='ocrx_word' id='word_1_554' title='bbox 55 4716 103 4782; x_wconf 91' lang='lat' dir='ltr'>et,</span> <span class='ocrx_word' id='word_1_555' title='bbox 134 4717 172 4770; x_wconf 93' lang='lat' dir='ltr'>ut</span> <span class='ocrx_word' id='word_1_556' title='bbox 196 4707 283 4770; x_wconf 89' lang='lat' dir='ltr'>nulla</span> <span class='ocrx_word' id='word_1_557' title='bbox 305 4709 412 4790; x_wconf 90' lang='lat' dir='ltr'>possit</span> <span class='ocrx_word' id='word_1_558' title='bbox 436 4709 511 4772; x_wconf 89' lang='lat' dir='ltr'>oriri</span> <span class='ocrx_word' id='word_1_559' title='bbox 536 4708 686 4772; x_wconf 90' lang='lat' dir='ltr'>dubietas</span> <span class='ocrx_word' id='word_1_560' title='bbox 710 4710 762 4772; x_wconf 90' lang='lat' dir='ltr'>vel</span> <span class='ocrx_word' id='word_1_561' title='bbox 785 4709 960 4786; x_wconf 92' lang='lat' dir='ltr'>discordia,</span> <span class='ocrx_word' id='word_1_562' title='bbox 990 4709 1177 4790; x_wconf 85' lang='lat' dir='ltr'>generalem</span> <span class='ocrx_word' id='word_1_563' title='bbox 1200 4708 1299 4771; x_wconf 91' lang='lat' dir='ltr'>finem</span> <span class='ocrx_word' id='word_1_564' title='bbox 1329 4717 1362 4770; x_wconf 93' lang='lat' dir='ltr'>et</span> <span class='ocrx_word' id='word_1_565' title='bbox 1385 4707 1616 4770; x_wconf 88' lang='lat' dir='ltr'>refutationem</span> <span class='ocrx_word' id='word_1_566' title='bbox 1640 4716 1738 4789; x_wconf 91' lang='lat' dir='ltr'>atque</span> 
     </span>
     <span class='ocr_line' id='line_1_49' title="bbox 55 4794 1737 4882; baseline 0.001 -25"><span class='ocrx_word' id='word_1_567' title='bbox 55 4796 314 4860; x_wconf 88' lang='lat' dir='ltr'>transactionem</span> <span class='ocrx_word' id='word_1_568' title='bbox 331 4798 408 4861; x_wconf 89' lang='lat' dir='ltr'>fecit</span> <span class='ocrx_word' id='word_1_569' title='bbox 424 4807 457 4861; x_wconf 91' lang='lat' dir='ltr'>et</span> <span class='ocrx_word' id='word_1_570' title='bbox 473 4808 607 4881; x_wconf 88' lang='lat' dir='ltr'>pactum</span> <span class='ocrx_word' id='word_1_571' title='bbox 623 4798 665 4861; x_wconf 91' lang='lat' dir='ltr'>de</span> <span class='ocrx_word' id='word_1_572' title='bbox 681 4799 814 4862; x_wconf 93' lang='lat' dir='ltr'>nomine</span> <span class='ocrx_word' id='word_1_573' title='bbox 834 4794 862 4882; x_wconf 86' lang='lat' dir='ltr'>c)</span> <span class='ocrx_word' id='word_1_574' title='bbox 886 4797 1032 4881; x_wconf 91' lang='lat' dir='ltr'>petendo</span> <span class='ocrx_word' id='word_1_575' title='bbox 1048 4819 1109 4880; x_wconf 89' lang='lat' dir='ltr'>pro</span> <span class='ocrx_word' id='word_1_576' title='bbox 1126 4797 1275 4880; x_wconf 90' lang='lat' dir='ltr'>predicto</span> <span class='ocrx_word' id='word_1_577' title='bbox 1292 4796 1502 4872; x_wconf 90' lang='lat' dir='ltr'>monasterio,</span> <span class='ocrx_word' id='word_1_578' title='bbox 1525 4797 1568 4859; x_wconf 89' lang='lat' dir='ltr'>de</span> <span class='ocrx_word' id='word_1_579' title='bbox 1585 4796 1737 4858; x_wconf 92' lang='lat' dir='ltr'>omnibus</span> 
     </span>
     <span class='ocr_line' id='line_1_50' title="bbox 54 4885 1738 4970; baseline 0 -23"><span class='ocrx_word' id='word_1_580' title='bbox 54 4887 149 4948; x_wconf 90' lang='lat' dir='ltr'>terris</span> <span class='ocrx_word' id='word_1_581' title='bbox 181 4895 216 4948; x_wconf 89' lang='lat' dir='ltr'>et</span> <span class='ocrx_word' id='word_1_582' title='bbox 250 4887 362 4961; x_wconf 76' lang='lat' dir='ltr'>rebuS,</span> <span class='ocrx_word' id='word_1_583' title='bbox 400 4887 630 4969; x_wconf 91' lang='lat' dir='ltr'>undecumque</span> <span class='ocrx_word' id='word_1_584' title='bbox 658 4887 710 4950; x_wconf 93' lang='lat' dir='ltr'>vel</span> <span class='ocrx_word' id='word_1_585' title='bbox 743 4888 1056 4970; x_wconf 89' lang='lat' dir='ltr'>quomodocumque</span> <span class='ocrx_word' id='word_1_586' title='bbox 1089 4887 1231 4968; x_wconf 91' lang='lat' dir='ltr'>aliquam</span> <span class='ocrx_word' id='word_1_587' title='bbox 1264 4886 1355 4949; x_wconf 91' lang='lat' dir='ltr'>litem</span> <span class='ocrx_word' id='word_1_588' title='bbox 1385 4885 1437 4948; x_wconf 88' lang='lat' dir='ltr'>vel</span> <span class='ocrx_word' id='word_1_589' title='bbox 1467 4885 1652 4948; x_wconf 87' lang='lat' dir='ltr'>molestiam</span> <span class='ocrx_word' id='word_1_590' title='bbox 1682 4894 1738 4948; x_wconf 91' lang='lat' dir='ltr'>aut</span> 
     </span>
     <span class='ocr_line' id='line_1_51' title="bbox 55 4974 1737 5058; baseline -0.001 -21"><span class='ocrx_word' id='word_1_591' title='bbox 55 4974 253 5055; x_wconf 88' lang='lat' dir='ltr'>petitionem</span> <span class='ocrx_word' id='word_1_592' title='bbox 277 4975 328 5038; x_wconf 91' lang='lat' dir='ltr'>vel</span> <span class='ocrx_word' id='word_1_593' title='bbox 352 4977 517 5040; x_wconf 89' lang='lat' dir='ltr'>actionem</span> <span class='ocrx_word' id='word_1_594' title='bbox 540 4996 597 5040; x_wconf 91' lang='lat' dir='ltr'>seu</span> <span class='ocrx_word' id='word_1_595' title='bbox 621 4978 828 5040; x_wconf 88' lang='lat' dir='ltr'>exactionem</span> <span class='ocrx_word' id='word_1_596' title='bbox 853 4975 995 5058; x_wconf 90' lang='lat' dir='ltr'>aliquam</span> <span class='ocrx_word' id='word_1_597' title='bbox 1027 4977 1133 5040; x_wconf 90' lang='lat' dir='ltr'>facere</span> <span class='ocrx_word' id='word_1_598' title='bbox 1155 4976 1208 5040; x_wconf 87' lang='lat' dir='ltr'>vel</span> <span class='ocrx_word' id='word_1_599' title='bbox 1237 4995 1369 5038; x_wconf 92' lang='lat' dir='ltr'>movere</span> <span class='ocrx_word' id='word_1_600' title='bbox 1400 4984 1546 5056; x_wconf 89' lang='lat' dir='ltr'>poterat,</span> <span class='ocrx_word' id='word_1_601' title='bbox 1577 4975 1737 5037; x_wconf 89' lang='lat' dir='ltr'>rationem</span> 
     </span>
     <span class='ocr_line' id='line_1_52' title="bbox 55 5062 1737 5148; baseline 0 -23"><span class='ocrx_word' id='word_1_602' title='bbox 55 5081 163 5127; x_wconf 87' lang='lat' dir='ltr'>rerum</span> <span class='ocrx_word' id='word_1_603' title='bbox 196 5062 249 5127; x_wconf 89' lang='lat' dir='ltr'>vel</span> <span class='ocrx_word' id='word_1_604' title='bbox 279 5063 441 5129; x_wconf 89' lang='lat' dir='ltr'>fructuum</span> <span class='ocrx_word' id='word_1_605' title='bbox 474 5075 530 5129; x_wconf 91' lang='lat' dir='ltr'>aut</span> <span class='ocrx_word' id='word_1_606' title='bbox 562 5067 798 5148; x_wconf 88' lang='lat' dir='ltr'>possessionis,</span> <span class='ocrx_word' id='word_1_607' title='bbox 829 5066 881 5129; x_wconf 88' lang='lat' dir='ltr'>vel</span> <span class='ocrx_word' id='word_1_608' title='bbox 912 5065 976 5129; x_wconf 94' lang='lat' dir='ltr'>alio</span> <span class='ocrx_word' id='word_1_609' title='bbox 1007 5066 1109 5129; x_wconf 92' lang='lat' dir='ltr'>modo</span> <span class='ocrx_word' id='word_1_610' title='bbox 1142 5065 1297 5128; x_wconf 89' lang='lat' dir='ltr'>adversus</span> <span class='ocrx_word' id='word_1_611' title='bbox 1327 5065 1511 5146; x_wconf 90' lang='lat' dir='ltr'>predictum</span> <span class='ocrx_word' id='word_1_612' title='bbox 1543 5065 1737 5146; x_wconf 87' lang='lat' dir='ltr'>episcopum</span> 
     </span>
     <span class='ocr_line' id='line_1_53' title="bbox 54 5151 1736 5237; baseline -0.001 -22"><span class='ocrx_word' id='word_1_613' title='bbox 54 5151 242 5216; x_wconf 88' lang='lat' dir='ltr'>Lucensem</span> <span class='ocrx_word' id='word_1_614' title='bbox 271 5153 322 5217; x_wconf 90' lang='lat' dir='ltr'>vel</span> <span class='ocrx_word' id='word_1_615' title='bbox 361 5155 591 5237; x_wconf 91' lang='lat' dir='ltr'>episcopatum</span> <span class='ocrx_word' id='word_1_616' title='bbox 621 5164 677 5218; x_wconf 91' lang='lat' dir='ltr'>aut</span> <span class='ocrx_word' id='word_1_617' title='bbox 708 5155 851 5237; x_wconf 91' lang='lat' dir='ltr'>aliquam</span> <span class='ocrx_word' id='word_1_618' title='bbox 881 5154 978 5218; x_wconf 90' lang='lat' dir='ltr'>aliam</span> <span class='ocrx_word' id='word_1_619' title='bbox 1008 5175 1185 5237; x_wconf 91' lang='lat' dir='ltr'>personam</span> <span class='ocrx_word' id='word_1_620' title='bbox 1217 5154 1268 5217; x_wconf 91' lang='lat' dir='ltr'>vel</span> <span class='ocrx_word' id='word_1_621' title='bbox 1298 5153 1407 5217; x_wconf 90' lang='lat' dir='ltr'>locum</span> <span class='ocrx_word' id='word_1_622' title='bbox 1444 5173 1505 5234; x_wconf 94' lang='lat' dir='ltr'>pro</span> <span class='ocrx_word' id='word_1_623' title='bbox 1543 5153 1736 5236; x_wconf 90' lang='lat' dir='ltr'>episcopatu</span> 
     </span>
     <span class='ocr_line' id='line_1_54' title="bbox 54 5239 1736 5326; baseline 0 -22"><span class='ocrx_word' id='word_1_624' title='bbox 54 5239 167 5324; x_wconf 88' lang='lat' dir='ltr'>aliquo</span> <span class='ocrx_word' id='word_1_625' title='bbox 199 5242 301 5306; x_wconf 93' lang='lat' dir='ltr'>modo</span> <span class='ocrx_word' id='word_1_626' title='bbox 330 5243 383 5306; x_wconf 86' lang='lat' dir='ltr'>vel</span> <span class='ocrx_word' id='word_1_627' title='bbox 414 5293 420 5307; x_wconf 89' lang='lat'>.</span> <span class='ocrx_word' id='word_1_628' title='bbox 452 5295 458 5307; x_wconf 92' lang='lat'><em>.</em></span> <span class='ocrx_word' id='word_1_629' title='bbox 491 5294 497 5308; x_wconf 93' lang='lat'><em>.</em></span> <span class='ocrx_word' id='word_1_630' title='bbox 528 5245 592 5308; x_wconf 92' lang='lat' dir='ltr'>nio.</span> <span class='ocrx_word' id='word_1_631' title='bbox 639 5243 800 5307; x_wconf 88' lang='lat' dir='ltr'>Convenit</span> <span class='ocrx_word' id='word_1_632' title='bbox 832 5263 965 5326; x_wconf 90' lang='lat' dir='ltr'>quoque</span> <span class='ocrx_word' id='word_1_633' title='bbox 997 5253 1030 5307; x_wconf 92' lang='lat' dir='ltr'>et</span> <span class='ocrx_word' id='word_1_634' title='bbox 1060 5245 1211 5326; x_wconf 91' lang='lat' dir='ltr'>promisit</span> <span class='ocrx_word' id='word_1_635' title='bbox 1242 5243 1348 5306; x_wconf 91' lang='lat' dir='ltr'>dictus</span> <span class='ocrx_word' id='word_1_636' title='bbox 1379 5242 1483 5306; x_wconf 89' lang='lat' dir='ltr'>abbas</span> <span class='ocrx_word' id='word_1_637' title='bbox 1514 5243 1736 5326; x_wconf 91' lang='lat' dir='ltr'>suprascripto</span> 
     </span>
     <span class='ocr_line' id='line_1_55' title="bbox 54 5329 1735 5417; baseline -0.001 -24"><span class='ocrx_word' id='word_1_638' title='bbox 54 5329 235 5408; x_wconf 90' lang='lat' dir='ltr'>Bonifatio,</span> <span class='ocrx_word' id='word_1_639' title='bbox 266 5333 381 5396; x_wconf 91' lang='lat' dir='ltr'>nuntio</span> <span class='ocrx_word' id='word_1_640' title='bbox 411 5332 563 5415; x_wconf 92' lang='lat' dir='ltr'>prelibati</span> <span class='ocrx_word' id='word_1_641' title='bbox 594 5334 707 5397; x_wconf 93' lang='lat' dir='ltr'>domni</span> <span class='ocrx_word' id='word_1_642' title='bbox 729 5334 890 5397; x_wconf 92' lang='lat' dir='ltr'>Lucensis</span> <span class='ocrx_word' id='word_1_643' title='bbox 921 5333 1085 5415; x_wconf 91' lang='lat' dir='ltr'>episcopi,</span> <span class='ocrx_word' id='word_1_644' title='bbox 1116 5332 1285 5417; x_wconf 90' lang='lat' dir='ltr'>stipulanti</span> <span class='ocrx_word' id='word_1_645' title='bbox 1316 5351 1377 5414; x_wconf 92' lang='lat' dir='ltr'>pro</span> <span class='ocrx_word' id='word_1_646' title='bbox 1409 5333 1483 5414; x_wconf 92' lang='lat' dir='ltr'>ipso</span> <span class='ocrx_word' id='word_1_647' title='bbox 1514 5332 1639 5396; x_wconf 91' lang='lat' dir='ltr'>domno</span> <span class='ocrx_word' id='word_1_648' title='bbox 1670 5332 1735 5413; x_wconf 91' lang='lat' dir='ltr'>epi·</span> 
     </span>
     <span class='ocr_line' id='line_1_56' title="bbox 53 5421 1736 5505; baseline 0 -23"><span class='ocrx_word' id='word_1_649' title='bbox 53 5439 161 5502; x_wconf 90' lang='lat' dir='ltr'>scopo</span> <span class='ocrx_word' id='word_1_650' title='bbox 192 5431 226 5484; x_wconf 90' lang='lat' dir='ltr'>et</span> <span class='ocrx_word' id='word_1_651' title='bbox 262 5422 456 5503; x_wconf 90' lang='lat' dir='ltr'>episcopatu</span> <span class='ocrx_word' id='word_1_652' title='bbox 487 5424 646 5505; x_wconf 88' lang='lat' dir='ltr'>predicto,</span> <span class='ocrx_word' id='word_1_653' title='bbox 684 5422 783 5485; x_wconf 91' lang='lat' dir='ltr'>finem</span> <span class='ocrx_word' id='word_1_654' title='bbox 821 5433 854 5486; x_wconf 91' lang='lat' dir='ltr'>et</span> <span class='ocrx_word' id='word_1_655' title='bbox 895 5422 1126 5486; x_wconf 89' lang='lat' dir='ltr'>refutationem</span> <span class='ocrx_word' id='word_1_656' title='bbox 1162 5431 1196 5486; x_wconf 91' lang='lat' dir='ltr'>et</span> <span class='ocrx_word' id='word_1_657' title='bbox 1233 5422 1489 5485; x_wconf 90' lang='lat' dir='ltr'>transactionem</span> <span class='ocrx_word' id='word_1_658' title='bbox 1521 5421 1628 5498; x_wconf 90' lang='lat' dir='ltr'>firma,</span> <span class='ocrx_word' id='word_1_659' title='bbox 1667 5429 1736 5483; x_wconf 92' lang='lat' dir='ltr'>rata</span> 
     </span>
     <span class='ocr_line' id='line_1_57' title="bbox 54 5507 1735 5596; baseline 0 -24"><span class='ocrx_word' id='word_1_660' title='bbox 54 5507 178 5573; x_wconf 87' lang='lat' dir='ltr'>habere</span> <span class='ocrx_word' id='word_1_661' title='bbox 208 5517 241 5573; x_wconf 90' lang='lat' dir='ltr'>et</span> <span class='ocrx_word' id='word_1_662' title='bbox 271 5519 383 5574; x_wconf 86' lang='lat' dir='ltr'>tenere</span> <span class='ocrx_word' id='word_1_663' title='bbox 414 5523 591 5596; x_wconf 90' lang='lat' dir='ltr'>perpetuo,</span> <span class='ocrx_word' id='word_1_664' title='bbox 624 5512 713 5576; x_wconf 89' lang='lat' dir='ltr'>etin</span> <span class='ocrx_word' id='word_1_665' title='bbox 746 5511 835 5574; x_wconf 92' lang='lat' dir='ltr'>nullo</span> <span class='ocrx_word' id='word_1_666' title='bbox 866 5532 926 5593; x_wconf 92' lang='lat' dir='ltr'>per</span> <span class='ocrx_word' id='word_1_667' title='bbox 956 5533 991 5574; x_wconf 91' lang='lat' dir='ltr'>se</span> <span class='ocrx_word' id='word_1_668' title='bbox 1020 5511 1072 5575; x_wconf 92' lang='lat' dir='ltr'>vel</span> <span class='ocrx_word' id='word_1_669' title='bbox 1102 5533 1161 5594; x_wconf 89' lang='lat' dir='ltr'>per</span> <span class='ocrx_word' id='word_1_670' title='bbox 1193 5510 1292 5575; x_wconf 89' lang='lat' dir='ltr'>alium</span> <span class='ocrx_word' id='word_1_671' title='bbox 1316 5510 1553 5586; x_wconf 90' lang='lat' dir='ltr'>contravenire,</span> <span class='ocrx_word' id='word_1_672' title='bbox 1584 5519 1617 5573; x_wconf 90' lang='lat' dir='ltr'>et</span> <span class='ocrx_word' id='word_1_673' title='bbox 1648 5510 1735 5592; x_wconf 90' lang='lat' dir='ltr'>quic-</span> 
     </span>
    </p>
   </div>
   <div class='ocr_carea' id='block_1_6' title="bbox 215 5730 1057 5802">
    <p class='ocr_par' dir='ltr' id='par_1_6' title="bbox 215 5730 1057 5802">
     <span class='ocr_line' id='line_1_58' title="bbox 215 5730 1057 5802; baseline -0.001 -19"><span class='ocrx_word' id='word_1_674' title='bbox 215 5733 242 5800; x_wconf 73' lang='grc' dir='ltr'>α)</span> <span class='ocrx_word' id='word_1_675' title='bbox 261 5730 284 5780; x_wconf 89' lang='lat' dir='ltr'>n’</span> <span class='ocrx_word' id='word_1_676' title='bbox 356 5733 384 5798; x_wconf 92' lang='lat' dir='ltr'>b)</span> <span class='ocrx_word' id='word_1_677' title='bbox 403 5731 478 5782; x_wconf 87' lang='lat' dir='ltr'>itene&#39;</span> <span class='ocrx_word' id='word_1_678' title='bbox 551 5731 577 5802; x_wconf 92' lang='lat' dir='ltr'>c)</span> <span class='ocrx_word' id='word_1_679' title='bbox 596 5731 666 5783; x_wconf 90' lang='lat' dir='ltr'>notii&#39;</span> <span class='ocrx_word' id='word_1_680' title='bbox 684 5733 741 5783; x_wconf 82' lang='lat' dir='ltr'>oder</span> <span class='ocrx_word' id='word_1_681' title='bbox 758 5733 848 5783; x_wconf 80' lang='lat' dir='ltr'>notarii</span> <span class='ocrx_word' id='word_1_682' title='bbox 866 5731 927 5782; x_wconf 75' lang='lat' dir='ltr'>steht</span> <span class='ocrx_word' id='word_1_683' title='bbox 943 5732 1057 5782; x_wconf 65' lang='lat' dir='ltr'>menbra).</span> 
     </span>
    </p>
   </div>
   <div class='ocr_carea' id='block_1_7' title="bbox 0 0 2068 6360">
    <p class='ocr_par' dir='ltr' id='par_1_7' title="bbox 0 0 2068 6360">
     <span class='ocr_line' id='line_1_59' title="bbox 0 0 2068 6360; baseline 0 0"><span class='ocrx_word' id='word_1_684' title='bbox 0 0 2068 6360; x_wconf 95' lang='lat' dir='ltr'> </span> 
     </span>
    </p>
   </div>
  </div>
 </body>
</html>
