4090 6358
1708 334 1749 410 33

67 503 274 573 auctoritatis
304 517 414 596 nostre
437 502 614 574 munimine
637 503 875 578 confirmamus.
920 503 969 578 lta
991 521 1109 591 tamen,
1141 519 1176 578 ut
1199 508 1264 577 due
1287 509 1368 578 libre
1391 535 1466 601 cere
1497 514 1587 580 annis
1617 515 1751 597 singulis

67 600 200 681 prefato
224 599 383 683 episcopo
407 599 540 683 eiusque
563 604 807 666 successoribus
831 626 850 667 a
872 604 968 667 vobis
992 607 1024 667 in
1048 605 1224 668 festivitate
1239 605 1341 667 sancti
1358 603 1492 687 Georgii
1513 603 1750 687 persolvantur.

67 687 289 752 Decernimus
312 709 401 770 ergo,
424 697 460 752 ut
483 689 560 753 nulli
584 693 719 755 omnino
741 691 911 757 hominum
934 694 1037 770 liceat,
1061 695 1212 758 eamdem
1230 694 1402 758 ecclesiam
1417 703 1542 758 temere
1556 695 1751 776 perturbare

67 787 126 840 aut
155 780 227 842 eius
257 779 484 862 possessiones
515 779 642 844 auferre
673 781 724 845 vel
753 783 881 847 ablatas
911 784 1063 860 retinere,
1095 786 1240 847 minuere
1272 792 1329 846 aut
1359 783 1560 864 quibuslibet
1594 783 1751 848 molestiis

68 866 217 950 fatigare,
241 869 300 932 sed
325 869 436 932 omnia
459 870 586 952 integra
601 881 836 937 conserventur
850 874 964 937 vestris
988 883 1022 937 ct
1045 894 1228 956 pauperum
1251 873 1362 936 usibus
1390 873 1569 956 profutura.
1617 871 1653 937 Si
1677 875 1751 955 quis

70 957 168 1038 igitur
197 967 262 1023 etc.

286 1047 360 1200 {go
384 1047 591 1113 Innocentius
615 1049 751 1140 catolice
774 1050 911 1140 ecclesie
935 1055 1113 1135 episcopus
1135 1073 1176 1114 ss.

340 1157 360 1198 0
384 1183 521 1200 .....

232 1157 518 1305 DatagPlacentie,
552 1249 612 1311 per
635 1249 749 1292 manus
771 1228 939 1308 Aimerici,
963 1238 1074 1318 sancte
1098 1230 1247 1318 Romans
1271 1229 1405 1318 ecclesie
1429 1231 1557 1295 diaconi
1581 1229 1751 1294 cardinalis

69 1323 103 1377 et
126 1314 318 1378 cancellarii.
357 1331 382 1378 11
405 1315 460 1378 Kl.
485 1316 563 1379 Iulii.
600 1318 782 1383 Indictione
805 1335 837 1384 x.
876 1320 1111 1385 Incarnationis
1134 1322 1300 1385 dominice
1330 1341 1416 1384 anno
1439 1333 1600 1384 McxxxH.
1639 1320 1751 1383 Ponti·

68 1402 185 1467 ficatus
208 1425 289 1468 vero
312 1406 427 1468 domni
449 1404 632 1471 Innocentii
655 1430 711 1490 pp.
735 1424 761 1472 ΙΙ
785 1431 871 1474 anno
895 1425 942 1474 ΙΙΙ.

231 1521 433 1585 Kopialurkmrde
449 1537 504 1570 vom
526 1522 607 1587 Jahre
624 1525 699 1584 1499,
718 1523 744 1572 in
762 1525 806 1574 der
822 1525 886 1575 Bibl.
909 1526 1039 1576 Comrmale
1055 1543 1085 1576 su
1109 1527 1207 1576 lirano.

835 1736 901 1812 Nr.
932 1741 995 1813 39.

220 1881 377 1948 Innocens
392 1883 437 1949 II
447 1884 600 1969 bestiz'tzgt
613 1884 676 1948 den
690 1884 978 1952 Domkunonikern
993 1909 1054 1952 von
1071 1887 1203 1952 Rimini
1217 1885 1289 1952 ihre
1305 1883 1542 1952 Besitzthiimer
1558 1887 1596 1966 ¹).

684 2022 769 2083 1135
785 2019 967 2086 November
980 2024 1010 2085 5.
1056 2023 1146 2086 Pisa.

233 2152 444 2216 Innocentius
460 2153 646 2236 episcopus,
669 2174 781 2218 servus
797 2175 964 2220 servorum
979 2157 1042 2232 dei,
1065 2157 1193 2221 dilectis
1208 2155 1291 2232 filiis,
1307 2155 1445 2220 ecclesie
1460 2163 1574 2219 sancte
1590 2155 1752 2222 Columbe

69 2243 292 2306 Ariminensis
315 2243 488 2316 canonicis,
512 2251 581 2305 tarn
597 2245 805 2326 presentibus
828 2265 928 2327 quam
951 2246 1074 2323 futuris,
1098 2259 1137 2312 ΙΝ
1152 2259 1225 2310 ΡΡΜ.
1273 2244 1376 2310 Offitii
1400 2247 1502 2309 nostri
1526 2266 1588 2309 nos
1603 2245 1752 2310 hortatur

71 2333 259 2407 auctoritas
293 2331 501 2395 ecclesiarum
524 2331 618 2395 saluti
650 2342 750 2415 atque
781 2335 917 2411 utilitati,
948 2336 1085 2400 domino
1117 2344 1330 2418 cooperante,
1361 2337 1551 2418 prospicere
1575 2344 1609 2398 et
1641 2356 1751 2400 earum

72 2422 228 2485 ministris
250 2421 422 2485 salubriter
447 2423 631 2504 providere.
676 2424 871 2507 Eapropter‚
906 2423 1014 2488 dilecti
1037 2427 1071 2490 in
1101 2427 1238 2489 domino
1269 2425 1334 2500 filii,
1366 2425 1606 2507 postulationes
1628 2434 1752 2488 vestras

72 2511 187 2576 debita
209 2511 410 2594 benignitate
432 2513 636 2595 suscipimus,
660 2521 695 2575 et
716 2513 815 2577 beate
829 2514 991 2579 Columbe
1014 2516 1194 2591 ecclesiam,
1217 2515 1248 2578 in
1265 2535 1329 2596 qua
1349 2514 1459 2577 divino
1474 2513 1596 2577 vacatis
1612 2514 1752 2592 servitio,

73 2601 260 2684 apostolice
282 2600 370 2663 sedis
394 2600 563 2684 privilegio
587 2605 836 2667 communimus.
883 2604 1080 2691 Statuentes,
1109 2613 1145 2669 ut
1176 2605 1330 2680 universa,
1363 2622 1427 2684 que
1457 2605 1490 2667 in
1513 2606 1750 2687 presentiarum

73 2691 192 2754 eadem
227 2690 366 2754 ecclesia
396 2690 480 2753 iuste
512 2700 545 2753 et
575 2693 728 2756 canonice
759 2693 924 2775 possidet,
963 2702 1020 2757 aut
1059 2697 1091 2758 in
1124 2694 1266 2758 futurum
1305 2692 1517 2756 concessione
1548 2692 1751 2775 pontificum,

73 2779 248 2863 largitione
270 2779 463 2863 principum,
487 2779 653 2844 oblatione
676 2780 821 2845 fidelium
838 2802 895 2845 seu
912 2783 980 2846 aliis
996 2785 1088 2847 iustis
1112 2784 1226 2858 modis,
1251 2791 1418 2867 prestante
1434 2781 1578 2858 domino,
1602 2783 1751 2865 poteritis

73 2869 229 2953 adipisci,
259 2869 352 2933 firma
382 2869 475 2932 vobis
505 2869 536 2931 in
565 2879 764 2952 perpetuum
795 2880 829 2934 et
860 2871 985 2936 illibata
1019 2882 1242 2956 permaneant.
1298 2873 1334 2935 In
1367 2872 1485 2954 quibus
1516 2869 1578 2934 hec
1610 2872 1751 2955 propriis

74 2959 263 3022 nominibus
286 2959 441 3022 duximus
464 2959 667 3023 annotanda:
698 2960 731 3022 in
746 2960 947 3024 Ariminensi
970 2962 1122 3026 videlicet
1146 2965 1277 3026 civitate
1301 2960 1475 3025 ecclesiam
1502 2970 1613 3024 sancte
1638 2960 1751 3024 Crucis

74 3057 106 3112 et
131 3057 322 3112 sanctorum
347 3047 467 3111 Cosme
499 3056 533 3112 et
561 3046 717 3111 Damiani
750 3069 824 3112 cum
855 3052 939 3114 casis
970 3060 1003 3114 et
1036 3051 1194 3128 casalinis,
1226 3053 1314 3128 ortis,
1345 3051 1457 3126 vineis,
1488 3053 1592 3127 terris
1624 3052 1750 3133 campis

73 3137 166 3201 cultis
191 3148 224 3202 et
246 3137 385 3212 incultis,
417 3137 601 3221 paludibus,
631 3137 774 3214 lacubus,
805 3141 926 3216 castris,
957 3141 1101 3205 curtibus
1132 3150 1165 3204 et
1195 3162 1269 3205 cum
1299 3140 1453 3204 omnibus
1475 3139 1557 3204 intra
1580 3139 1631 3203 vel
1656 3148 1751 3203 extra

73 3229 239 3291 civitatem
271 3229 314 3291 ad
347 3227 487 3290 eandem
520 3227 693 3290 ecclesiam
732 3224 984 3311 pertinentibus,
1014 3232 1186 3294 ecclesiam
1225 3249 1358 3312 quoque
1398 3238 1587 3292 sanctorum
1618 3228 1750 3293 Martini

73 3327 104 3380 et
127 3315 241 3381 Savini
265 3336 339 3380 cum
363 3316 488 3400 capella
510 3317 613 3379 sancti
633 3317 778 3393 Ermetis
801 3320 843 3381 ad
868 3319 1008 3383 eandem
1032 3320 1205 3384 ecclesiam
1229 3321 1420 3402 pertinente,
1444 3339 1517 3381 cum
1542 3321 1751 3401 paramentis,

72 3407 171 3482 libris,
205 3409 289 3470 casis
319 3415 353 3470 et
385 3407 472 3481 ortis,
501 3408 612 3480 vineis,
642 3409 744 3483 terris,
777 3406 864 3471 silvis
897 3418 930 3471 et
960 3429 1035 3472 cum
1068 3409 1219 3473 omnibus
1246 3409 1288 3472 ad
1312 3408 1478 3492 predictas
1500 3408 1654 3471 ecclesias
1677 3427 1751 3490 per-

72 3496 261 3560 tinentibus.
306 3495 343 3559 In
375 3498 532 3559 comitatu
556 3494 757 3559 Ariminensi
789 3497 959 3561 ecclesiam
990 3502 1095 3562 sancti
1120 3499 1251 3562 Martini
1280 3500 1311 3560 in
1336 3496 1461 3580 Viginti
1494 3517 1569 3560 cum
1600 3496 1692 3560 libris
1716 3506 1749 3561 et

72 3585 281 3669 paramentis,
305 3606 379 3648 curn
403 3584 538 3672 decimis
562 3591 595 3647 et
618 3585 781 3668 primiciis,
806 3606 879 3650 curn
904 3587 1000 3650 bonis
1023 3597 1057 3650 et
1080 3586 1645 3662 rationabilibusconsuetudinibus,
1668 3605 1749 3665 quas

72 3678 103 3738 in
128 3696 168 3738 ea
193 3674 352 3737 hactenus
375 3673 536 3738 habuistis
560 3676 629 3737 sive
652 3675 685 3737 in
709 3675 949 3738 visitationibus
979 3675 1178 3740 infirmorum
1211 3677 1279 3739 sive
1308 3678 1341 3738 in
1364 3676 1481 3739 dandis
1506 3677 1691 3757 penitentiis
1715 3684 1751 3740 et

70 3764 295 3828 oblationibus
319 3772 532 3838 mortuorum,
562 3764 742 3846 presertim,
776 3784 840 3844 que
864 3785 907 3828 ex
929 3764 1015 3841 villa,
1045 3767 1077 3828 in
1109 3787 1174 3848 qua
1196 3768 1268 3849 ipsa
1292 3764 1428 3830 ecclesia
1458 3767 1520 3828 sita
1551 3772 1609 3838 est,
1641 3771 1675 3827 et
1708 3785 1750 3828 ex

69 3854 265 3936 subscriptis
288 3853 370 3915 villis
392 3852 455 3917 sibi
477 3855 680 3935 proveniunt,
703 3853 859 3916 videlicet
873 3854 1035 3930 Materno,
1057 3855 1209 3932 Laureto,
1232 3855 1409 3919 Iudeorum
1436 3862 1548 3917 monte
1563 3853 1749 3931 Masinario‚

10 3992 15 4002 .
71 3945 210 4018 Metato,
234 3941 422 4025 Aquiniano
446 3941 561 4005 maiori
588 3950 622 4005 et
649 3943 767 4006 minori
800 3953 900 4025 atque
924 3942 1065 4008 Casaria.
1114 3944 1249 4008 Plebem
1283 3963 1416 4026 quoque
1445 3945 1550 4005 sancti
1572 3941 1693 4024 Angeli
1718 3945 1750 4005 in

70 4033 186 4098 Salute
209 4052 285 4095 cum
308 4030 435 4115 capella
457 4052 515 4120 sua
538 4031 641 4093 sancti
663 4030 734 4094 Viti
759 4052 832 4096 curn
855 4032 952 4110 libris,
983 4034 1191 4117 paramentis,
1221 4037 1332 4110 vineis,
1365 4035 1467 4107 terris,
1498 4031 1596 4108 silvis,
1619 4031 1750 4108 salictis,

70 4124 183 4206 pratiS,
205 4123 345 4205 pascuis,
369 4125 475 4205 puteis
499 4129 533 4184 et
556 4119 708 4197 sontibus,
733 4142 806 4185 cum
831 4123 1051 4188 oblationibus
1067 4132 1101 4187 ct
1115 4123 1358 4187 visitationibus
1373 4122 1582 4196 infirmorum,
1606 4120 1750 4198 decimis,

71 4212 225 4296 pn'miciis
256 4219 290 4275 et
320 4232 394 4275 cum
419 4211 581 4285 omnibus,
612 4210 656 4272 ad
682 4210 822 4274 eandem
846 4211 980 4293 plebem
1005 4222 1038 4276 et
1068 4213 1230 4297 capellam
1263 4213 1509 4296 pertinentibus,
1539 4219 1573 4274 et
1595 4211 1750 4292 quicquid

71 4305 103 4365 in
126 4300 203 4366 villa
223 4300 374 4383 Bulgaria
398 4303 557 4365 canonice
580 4301 766 4383 possidetis,
789 4301 833 4364 ita
856 4308 976 4378 tamen,
1000 4311 1036 4365 ut
1058 4305 1200 4366 sacrario
1224 4311 1332 4366 vestre
1355 4301 1493 4365 ecclesie
1515 4299 1628 4363 libram
1654 4297 1750 4364 unam

70 4411 146 4455 cere
169 4390 371 4474 persolvatis,
392 4390 486 4454 salvo
501 4391 654 4453 nimirum
670 4410 779 4452 annuo
796 4410 905 4468 censu,
929 4390 1051 4454 scilicet
1067 4399 1222 4473 quattuor
1244 4391 1425 4456 solidorum
1444 4398 1577 4453 monete
1591 4388 1751 4454 Venetice

71 4481 186 4544 vestris
209 4482 375 4563 episcopis
398 4478 626 4563 persolvendo.
673 4480 825 4543 Preterca
849 4479 1078 4543 confirmamus
1093 4481 1188 4545 vobis
1212 4482 1366 4544 ecclesias
1382 4480 1464 4544 infra
1486 4481 1633 4561 scriptas,
1662 4480 1752 4542 vide·

72 4571 150 4634 licet
171 4572 275 4632 sancti
300 4568 484 4645 Gaudentii,
513 4569 616 4631 sancti
639 4567 755 4631 Felicis
779 4577 813 4631 et
834 4571 939 4632 sancti
961 4570 1093 4633 Martini
1116 4569 1250 4646 Illeceti,
1274 4590 1338 4651 que
1361 4570 1510 4633 nimirum
1534 4568 1566 4631 in
1588 4570 1752 4632 territorio

72 4659 212 4723 Arimini
244 4661 276 4721 in
307 4658 406 4742 plebe
439 4667 552 4722 sancte
575 4655 739 4721 Columbe
771 4657 905 4721 fundate
929 4678 1001 4722 esse
1025 4668 1209 4735 noscuntur,
1241 4680 1314 4722 cum
1346 4657 1592 4722 rationabilibus
1616 4677 1753 4721 consue-

72 4749 254 4824 tudinibus,
295 4768 369 4811 cum
398 4748 505 4818 libris,
536 4749 751 4828 paramentis,
783 4747 939 4823 decimiS,
969 4749 1118 4831 primitiis
1157 4758 1257 4831 atquc
1288 4747 1508 4812 oblationibus
1538 4749 1686 4810 vivorum
1719 4754 1752 4810 et
1787 4821 1788 4824 Ἴ

73 4847 278 4902 mortuorum
314 4845 347 4901 et
376 4837 446 4902 aliis
476 4835 628 4899 omnibus
659 4837 784 4900 eisdem
816 4838 960 4901 ecclesiis
993 4839 1241 4920 pertinentibus.
1293 4835 1367 4918 Que
1400 4839 1512 4901 omnia
1547 4837 1753 4919 disponendi,

73 4929 208 5010 regendi
225 4935 259 4990 et
275 4927 445 4990 ordinandi
460 4925 648 4989 facultatem
665 4935 765 5008 atque
779 4926 942 4991 licentiam
958 4926 1117 5004 habeatis,
1134 4928 1416 5009 quemadmodum
1432 4927 1475 4990 ab
1489 4926 1752 4990 Ariminensibus

10 5083 11 5086 ,
73 5018 238 5100 episcopis
260 5017 356 5080 vobis
380 5035 573 5080 concessum
598 5034 670 5078 esse
694 5018 911 5098 cognoscitur.
958 5018 1011 5081 lus
1034 5036 1167 5099 quoque
1197 5026 1232 5080 et
1259 5016 1466 5080 rationabiles
1490 5017 1753 5093 consuetudines,

74 5126 153 5188 quas
170 5107 203 5169 in
226 5105 296 5169 aliis
310 5109 426 5171 vestris
443 5105 591 5169 ecclesiis
614 5104 770 5168 hactenus
786 5104 944 5170 habuistis
967 5114 1001 5170 et
1024 5125 1109 5170 nunc
1125 5105 1263 5182 babetis,
1279 5106 1376 5170 vobis
1393 5104 1618 5168 nichilominus
1634 5105 1752 5170 confir·

73 5217 211 5262 mamus.
257 5196 359 5260 Porro
383 5204 511 5280 partem
527 5202 670 5258 vestram
694 5194 738 5258 de
759 5195 831 5278 ripa
845 5216 920 5260 curn
936 5196 1072 5279 ripatico
1088 5216 1158 5270 su0,
1182 5216 1310 5260 necnon
1327 5195 1438 5258 usibus
1461 5196 1528 5258 suis
1552 5196 1713 5271 omnibus,
1733 5216 1754 5258 a

73 5289 189 5352 vestris
219 5287 386 5370 episcopis
416 5286 512 5349 vobis
540 5300 747 5361 concessam,
777 5306 838 5368 pro
863 5303 928 5366 qua
951 5285 1049 5348 ctiam
1074 5285 1265 5368 pensionem
1296 5287 1393 5348 trium
1417 5284 1573 5348 librarum
1597 5293 1754 5362 consuete

10 5439 11 5454 2
74 5384 205 5441 monete
222 5375 319 5439 nobis
342 5379 528 5458 nostrisque
543 5374 785 5437 successoribus
802 5371 930 5439 debetis
947 5373 1127 5439 annualiter
1142 5375 1281 5438 solvere.
1321 5373 1515 5438 Molendina
1532 5375 1629 5437 etiarn
1646 5383 1755 5438 vestra

74 5485 147 5532 cum
163 5468 233 5530 iure
249 5472 284 5529 et
299 5466 451 5530 omnibus
468 5463 581 5529 usibus
595 5464 663 5526 suis
677 5464 773 5528 vobis
788 5466 983 5528 auctoritate
998 5464 1182 5548 apostolica
1197 5465 1402 5528 roboramus.
1432 5465 1649 5528 Decernimus
1666 5484 1754 5546 ergo,

238 5665 263 5727 t)
282 5659 330 5712 Die
347 5659 474 5728 AbsclmJt
490 5661 566 5713 diser
580 5657 696 5711 Urkunde
713 5663 768 5712 und
783 5662 820 5712 die
832 5663 1012 5731 Betuerkrmgen
1030 5665 1093 5713 datu
1111 5663 1230 5713 verdanke
1247 5663 1285 5712 r'clr
1297 5662 1382 5713 Ilerrn
1397 5662 1457 5711 Can.
1474 5661 1581 5710 Gaurano
1599 5661 1631 5710 N
1631 5659 1722 5709 ircole'
1726 5659 1757 5708 m'

75 5749 102 5782 ru
119 5733 222 5784 Ranini.
242 5761 275 5771 -
299 5731 376 5800 Vergl.
400 5733 494 5795 Tonim',
513 5735 594 5785 Stom'a
612 5735 639 5782 di
655 5732 749 5783 Rimini
766 5733 800 5784 Il
808 5743 835 5799 p.
855 5739 913 5786 567.
935 5765 965 5776 -
991 5738 1069 5802 Vergl.
1087 5735 1125 5786 die
1146 5735 1206 5785 Ura.
1225 5751 1280 5784 vom
1300 5737 1336 5785 23
1355 5734 1488 5784 November
1506 5735 1584 5784 1183.

125 5843 146 5874 r.
160 5829 455 5882 Prinas-uarum,
471 5829 528 5872 Actu
541 5831 583 5871 111.
1526 5821 1539 5879 5
