4142 6366
312 350 378 416 270

311 529 462 612 quatinus
491 533 526 587 et
556 517 739 584 devotionis
768 514 937 578 sinceritas
967 511 1173 575 laudabiliter
1203 515 1360 576 enitescat
1396 521 1429 576 et
1459 515 1579 576 utilitas
1618 517 1784 596 postulata
1812 516 1899 578 vires
1939 515 1986 576 in-

310 618 497 682 dubitanter
527 617 678 676 assumat.
724 605 922 686 Eapropter,
955 601 1063 664 dilecti
1096 602 1127 663 in
1159 601 1294 664 domino
1325 600 1398 678 filii,
1428 604 1543 666 vestris
1574 604 1665 667 iustis
1696 604 1988 687 postulationibus

311 708 487 772 clementer
518 699 688 763 annuimus
711 704 744 758 et
767 692 928 774 prefatum
950 691 1190 765 monasterium,
1220 691 1252 753 in
1277 710 1343 772 quo
1367 691 1478 755 divino
1503 693 1680 774 mancipati
1704 695 1781 757 estis
1806 693 1989 774 obsequio,

311 797 371 862 sub
394 793 482 858 beati
504 789 591 854 Petri
621 796 655 849 et
685 793 797 848 nostra
828 781 1034 863 protectione
1063 779 1257 860 suscipimus
1290 789 1322 843 et
1354 781 1513 862 presentis
1545 783 1656 863 scripti
1687 783 1859 865 privilegio
1890 801 1988 844 com·

311 885 481 950 munimus.
533 875 737 948 Statuentes,
773 881 823 947 ut,
862 889 1083 952 quascumque
1114 869 1352 950 possessiones,
1392 889 1596 952 quecumque
1623 870 1711 935 bona
1744 870 1830 935 idern
1867 890 1987 933 mona-

311 975 444 1040 sterium
492 970 525 1032 in
563 963 798 1049 presentiarum
836 960 920 1022 iuste
956 968 989 1020 et
1028 958 1185 1020 canonice
1222 957 1371 1039 possidet
1408 968 1464 1020 aut
1510 959 1542 1022 in
1582 959 1724 1023 futurum
1765 960 1991 1023 concessione

310 1061 520 1147 pontificum,
550 1054 722 1136 largitione
751 1069 865 1130 regum
886 1047 939 1112 vel
961 1046 1154 1128 principum,
1187 1045 1358 1109 oblatione
1389 1046 1533 1111 fidelium
1565 1068 1622 1112 seu
1654 1050 1724 1112 aliis
1748 1049 1839 1114 iustis
1863 1048 1989 1122 modis,

311 1158 476 1238 prestante
516 1144 669 1218 domin0,
708 1139 831 1222 poterit
860 1136 1013 1219 adipisci,
1052 1135 1146 1199 firma
1181 1135 1277 1198 vobis
1307 1136 1486 1218 vestrisque
1516 1138 1756 1201 successoribus
1788 1146 1822 1201 et
1853 1139 1992 1201 illibata

311 1244 535 1326 permaneant.
580 1233 618 1296 In
647 1229 765 1313 quibus
791 1227 852 1290 hec
882 1225 1023 1309 propriis
1054 1225 1205 1287 duximus
1235 1225 1452 1306 exprimenda
1473 1226 1657 1290 vocabulis:
1693 1228 1856 1292 decimam
1885 1228 1992 1290 vinee

312 1331 415 1398 sancti
446 1325 557 1392 Savini
588 1341 652 1403 que
681 1327 731 1382 est
762 1318 796 1378 in
824 1314 1025 1396 Folingano,
1063 1323 1096 1377 et
1126 1331 1190 1394 que
1220 1323 1270 1376 est
1302 1315 1489 1378 domnicata
1518 1315 1636 1396 prefati
1667 1317 1815 1392 cenobii,
1855 1325 1891 1379 et
1932 1316 1991 1378 de·

313 1425 412 1486 cimas
442 1417 588 1480 omniurn
617 1411 793 1482 vinearum,
823 1423 1024 1485 camporum,
1055 1402 1240 1465 braidarum
1268 1412 1367 1484 atque
1397 1413 1565 1484 pratorum
1597 1405 1630 1467 in
1658 1405 1736 1468 villa
1767 1426 1831 1488 que
1864 1406 1994 1468 dicitur

313 1514 417 1583 Mose,
440 1506 529 1570 etin
552 1498 726 1584 paludibus
749 1495 800 1558 vel
824 1495 857 1555 in
880 1493 1013 1556 circuitu
1045 1491 1133 1554 urbis
1155 1491 1329 1567 Placentie,
1362 1512 1426 1575 que
1456 1493 1607 1557 monachi
1641 1495 1759 1575 prefati
1789 1495 1992 1558 monasterii

313 1601 465 1664 laborant
486 1593 538 1656 vel
560 1586 738 1653 laboraturi
761 1592 836 1646 sunt
859 1582 1047 1644 domnicata
1070 1599 1177 1660 manu,
1201 1601 1265 1662 que
1288 1582 1398 1644 omnia
1421 1580 1597 1658 Dionisius,
1621 1583 1708 1646 sedis
1722 1584 1993 1647 Placentinensis

313 1691 488 1772 episcopus
506 1680 538 1767 ¹),
569 1698 628 1761 per
651 1674 772 1738 decreti
795 1673 843 1734 sui
867 1670 1022 1752 paginam
1045 1677 1218 1751 pretaxato
1242 1670 1382 1733 cenobio
1407 1671 1568 1735 concessit
1592 1681 1691 1754 atque
1713 1671 1864 1748 firmavit,
1890 1671 1991 1754 quod

313 1780 401 1843 bone
424 1770 581 1838 memorie
596 1763 776 1846 Sigifredus
799 1761 973 1842 episcopus
989 1756 1014 1843 ²)
1038 1767 1071 1822 et
1092 1758 1161 1821 eius
1176 1768 1398 1822 antecessores
1414 1761 1562 1841 predicto
1583 1763 1782 1824 monasterio
1799 1761 1994 1824 donaverat

314 1878 347 1933 et
369 1863 480 1946 scripti
504 1859 552 1924 sui
575 1855 697 1938 pagina
720 1849 931 1914 confirmavit.
977 1844 1065 1910 Sane
1088 1846 1253 1910 novalium
1276 1858 1465 1925 vestrorum,
1496 1869 1561 1932 que
1589 1851 1729 1932 propriis
1753 1850 1909 1914 manibus
1933 1849 1991 1913 vel

314 1953 499 2037 sumptibus
521 1946 636 2019 colitis,
663 1944 730 2004 sive
754 1940 795 2002 de
817 1937 1022 2001 nutrimentis
1045 1936 1232 2000 animalium
1254 1947 1435 2000 vestrorum
1460 1939 1604 2001 decimas
1626 1961 1647 2002 a
1661 1939 1757 2002 vobis
1779 1939 1888 2002 nullus
1912 1957 1992 2020 pre-

314 2053 422 2109 sumat
443 2039 582 2120 exigere.
627 2032 777 2095 Preterea
799 2027 896 2091 liceat
917 2026 1021 2101 vobis,
1055 2024 1189 2088 clericos
1211 2025 1263 2088 vel
1288 2025 1396 2103 laicos,
1421 2047 1439 2088 e
1461 2028 1572 2091 seculo
1604 2027 1771 2110 fugientes,
1803 2028 1931 2091 liberos
1957 2037 1993 2090 ct

315 2133 484 2199 absolutos
513 2126 556 2189 ad
587 2119 835 2187 conversionem
862 2116 1006 2196 recipere
1038 2124 1072 2177 et
1103 2134 1160 2176 eos
1190 2114 1260 2177 sine
1283 2115 1541 2179 contradictione
1572 2117 1682 2199 aliqua
1713 2119 1860 2181 retinere.
1907 2118 1992 2180 Pro·

314 2224 463 2288 hibemus
486 2218 625 2295 insuper,
656 2219 693 2272 ut
715 2207 793 2270 nulli
816 2205 949 2267 fratrum
971 2213 1151 2266 vestrorum
1175 2213 1252 2284 post
1275 2202 1395 2267 factam
1427 2206 1460 2267 in
1484 2207 1601 2270 eodem
1632 2205 1708 2269 loco
1732 2207 1991 2288 professionem,

314 2315 375 2377 nisi
398 2309 536 2374 obtentu
559 2299 685 2364 artioris
701 2294 874 2378 religionis,
898 2292 1008 2374 aliqua
1029 2291 1161 2355 levitate
1182 2292 1252 2354 sine
1275 2292 1406 2357 abbatis
1420 2295 1468 2356 sui
1490 2294 1620 2357 licentia
1644 2294 1757 2370 fassit,
1782 2295 1824 2359 de
1839 2296 1992 2358 claustro

316 2400 496 2470 discedere,
520 2388 744 2455 discedentem
754 2404 832 2447 vero
845 2382 970 2464 absque
981 2382 1203 2445 communium
1218 2381 1396 2445 litterarum
1412 2384 1564 2446 cautione
1579 2384 1683 2447 nullus
1699 2383 1820 2447 audeat
1834 2385 1992 2446 retinere

315 2489 522 2573 Sepulturam
545 2498 677 2560 quoque
700 2476 783 2538 illius
806 2472 869 2535 loci
894 2471 1030 2534 liberam
1053 2490 1124 2533 esse
1148 2471 1362 2545 decernimus,
1385 2481 1557 2534 uteorum
1581 2474 1747 2535 devotioni
1778 2483 1813 2535 et
1835 2483 1994 2536 extreme

315 2575 483 2651 voluntati,
508 2571 562 2654 qui
585 2588 620 2632 se
643 2565 706 2628 illic
728 2561 858 2645 sepeliri
882 2560 1137 2634 deliberaverint,
1161 2559 1222 2621 nisi
1246 2558 1330 2622 forte
1352 2562 1626 2624 excommunicati
1649 2563 1714 2624 sint
1733 2561 1785 2624 vel
1809 2563 1992 2636 interdicti,

317 2669 422 2732 nullus
450 2662 606 2734 obsistat,
645 2654 735 2718 salva
765 2662 876 2715 tamen
904 2649 1026 2712 iustitia
1055 2647 1289 2730 parochialium
1321 2648 1544 2726 ecclesiarum,
1581 2671 1601 2712 a
1631 2650 1749 2731 quibus
1779 2661 1993 2714 mortuorum

317 2775 456 2840 corpora
477 2755 689 2814 assumuntur.
737 2740 818 2804 Cum
843 2746 952 2802 autem
974 2737 1125 2819 generale
1148 2737 1355 2800 interdictum
1377 2747 1461 2801 terre
1485 2738 1588 2814 fuerit,
1613 2738 1709 2802 liceat
1731 2739 1836 2815 vobis,
1866 2740 1994 2803 clausis

317 2847 428 2920 ianuis,
459 2837 598 2904 exclusis
629 2828 920 2898 excommunicatis
951 2837 984 2889 et
1013 2827 1208 2901 interdictis,
1241 2846 1307 2888 non
1339 2828 1475 2909 pulsatis
1506 2829 1673 2910 campanis
1703 2847 1880 2910 suppressa
1902 2849 1995 2892 voce

318 2937 427 2999 divina
443 2929 552 2996 officia
566 2923 740 2988 celebrare.
787 2917 942 2982 Obeunte
956 2935 1034 2978 vero
1050 2925 1091 2990 te,
1116 2935 1201 2978 nunc
1217 2915 1363 2979 eiusdem
1379 2917 1442 2979 loci
1466 2917 1596 2992 abbate,
1619 2917 1671 2980 vel
1688 2927 1818 2980 tuorum
1834 2918 1995 2998 quolibet

317 3037 547 3089 successorum,
579 3011 682 3077 nullus
706 3007 852 3090 qualibet
881 3005 1101 3087 subreptionis
1132 3004 1250 3066 astutia
1278 3025 1335 3068 seu
1358 3004 1514 3070 violentia
1544 3017 1758 3088 preponatur,
1790 3007 1849 3069 nisi
1886 3026 1992 3088 quem

317 3115 431 3177 fratres
455 3104 619 3173 communi
644 3118 802 3164 consensu
824 3093 877 3157 vel
902 3096 1035 3157 fratrum
1063 3113 1138 3175 pars
1161 3092 1297 3156 sanioris
1328 3094 1453 3158 consilii
1485 3095 1664 3158 secundum
1697 3096 1749 3158 dei
1774 3097 1931 3160 timorem
1958 3106 1995 3158 et

317 3202 405 3267 beati
433 3193 603 3264 Benedicti
635 3189 779 3270 regulam
811 3183 1013 3268 providerint
1045 3181 1239 3264 eligendum.
1293 3185 1506 3247 Decemimus
1537 3203 1632 3265 ergo,
1673 3195 1708 3247 ut
1740 3184 1818 3247 nulli
1848 3185 1993 3248 omnino

317 3291 487 3356 hominum
510 3283 614 3355 liceat,
644 3277 806 3361 prefatam
836 3272 1006 3336 ecclesiam
1029 3281 1151 3334 temere
1173 3271 1364 3352 perturbare
1389 3321 1554 3336 ......
1577 3274 1668 3336 salva
1690 3273 1778 3336 sedis
1800 3275 1993 3356 apostolice

318 3380 509 3445 auctoritate
531 3380 566 3435 et
587 3369 751 3431 diocesani
775 3363 923 3445 episcopi
947 3361 1106 3424 canonica
1128 3359 1258 3423 iustitia.
1305 3359 1339 3424 Si
1365 3381 1430 3444 qua
1445 3363 1542 3444 igitur
1557 3363 1589 3424 in
1607 3362 1747 3425 futurum
1764 3364 1994 3427 ecclesiastica

320 3519 326 3532 .
350 3518 357 3530 .
383 3519 389 3533 .
414 3515 421 3529 .
443 3486 502 3531 sua
525 3463 594 3524 iura
616 3454 820 3520 servantibus
845 3501 851 3514 .
875 3498 883 3513 .
909 3501 915 3514 .
939 3457 1050 3512 eterne
1074 3449 1248 3512 inveniant.
1293 3449 1369 3512 Am.
1391 3449 1467 3513 Am.
1491 3451 1568 3515 Am.

571 3544 585 3632 )
607 3547 680 3628 Ego
704 3542 895 3606 Alexander
918 3539 1078 3603 catholice
1102 3537 1237 3601 ecclesie
1260 3539 1436 3622 episcopus
1458 3561 1499 3603 ss.
1522 3535 1585 3625 (Μ)

529 3546 646 3720 iREgo
670 3631 843 3697 Hubaldus
866 3628 1050 3692 Hostiensis
1074 3627 1249 3709 episcopus
1271 3647 1312 3690 ss.
1673 3685 1674 3688 ,

529 3725 550 3810 †
572 3725 646 3807 Ego
662 3721 823 3788 Iohannes
837 3718 998 3802 presbiter
1013 3717 1184 3780 cardinalis
1195 3729 1381 3782 sanctorum
1392 3716 1546 3780 Iohannis
1558 3727 1591 3781 et
1602 3719 1691 3781 Pauli
1704 3720 1751 3782 tit.
1764 3719 1933 3784 Pamachii
1948 3743 1991 3784 ss.

530 3813 551 3898 †
574 3812 647 3896 Ego
670 3813 832 3877 Iohannes
855 3805 1016 3890 presbiter
1038 3806 1211 3871 cardinalis
1233 3809 1280 3871 tit.
1305 3815 1416 3870 sancte
1438 3806 1614 3871 Anastasie
1637 3827 1678 3871 ss.

530 3901 551 3984 †
574 3905 648 3985 Ego
670 3901 833 3965 lohannes
855 3896 1016 3980 presbiter
1038 3895 1210 3960 cardinalis
1233 3898 1280 3960 tit.
1304 3897 1407 3959 sancti
1430 3894 1532 3958 Marci
1556 3915 1597 3958 ss.

531 3990 552 4073 †
575 3992 648 4073 Ego
671 3988 861 4053 Theodinus
884 3984 1046 4067 presbiter
1067 3984 1238 4049 cardinalis
1261 3986 1364 4049 sancti
1387 3983 1506 4048 Vitalis
1527 3986 1575 4047 tit
1599 3986 1737 4049 Vestine
1759 4005 1801 4048 ss.

532 4079 553 4164 †
575 4082 649 4163 Ego
672 4080 784 4142 Petrus
807 4074 969 4158 presbiter
991 4073 1165 4136 cardinalis
1187 4076 1235 4137 tit.
1259 4082 1371 4137 sancte
1395 4072 1542 4136 Susanne
1565 4095 1610 4136 ss.

531 4171 648 4251 †Ego
671 4167 829 4230 Vivianus
858 4162 1019 4244 presbiter
1047 4162 1220 4225 cardinalis
1242 4165 1290 4226 tit.
1313 4163 1416 4225 sancti
1440 4161 1600 4244 Stephani
1631 4162 1663 4225 in
1688 4161 1779 4225 Celio
1811 4173 1926 4227 monte
1950 4185 1993 4227 ss

533 4258 553 4341 †
576 4257 649 4339 Ego
672 4255 813 4318 Iacintus
837 4252 993 4314 diaconus
1016 4251 1188 4315 cardinalis
1210 4261 1322 4315 sancte
1346 4249 1448 4314 Man'e
1471 4251 1503 4313 in
1527 4250 1709 4333 Cosmidyn
1731 4272 1771 4315 ss

533 4351 554 4426 †
576 4348 649 4428 Ego
672 4345 803 4408 Arditio
828 4341 984 4402 diaconus
1006 4339 1178 4404 cardinalis
1201 4342 1305 4404 sancti
1328 4336 1495 4403 Theodori
1518 4361 1559 4403 ss.

532 4436 554 4518 †
575 4437 648 4517 Ego
671 4433 842 4497 Laborans
865 4430 1021 4493 diaconus
1045 4429 1217 4493 cardinalis
1238 4439 1350 4493 sancte
1373 4429 1476 4492 Marie
1499 4429 1532 4491 in
1556 4428 1684 4491 Porticu
1707 4449 1748 4491 ss.

535 4522 554 4609 †
577 4526 651 4606 Ego
674 4522 848 4587 Gratianus
871 4518 1028 4581 diaconus
1051 4518 1223 4582 cardinalis
1246 4529 1432 4581 sanctorum
1456 4516 1575 4581 Cosme
1598 4526 1632 4579 et
1654 4515 1807 4580 Damiani
1831 4539 1872 4580 ss.

534 4613 555 4695 †
576 4614 650 4694 Ego
672 4610 854 4693 Raynerius
878 4607 1033 4669 diaconus
1056 4607 1229 4670 cardinalis
1251 4608 1354 4670 sancti
1377 4603 1515 4670 Adriani
1539 4627 1580 4669 ss.

537 4699 558 4784 ’r
579 4702 652 4783 Ego
677 4698 827 4764 Matheus
849 4704 961 4759 sancte
984 4695 1087 4758 Marie
1110 4717 1194 4760 nove
1218 4697 1375 4760 diaconus
1399 4694 1571 4758 cardinalis
1594 4714 1636 4757 ss.

482 4788 558 4854 Dat.
573 4790 735 4863 Laterani,
760 4807 818 4868 per
841 4804 973 4847 manum
988 4783 1127 4859 Alberti,
1151 4796 1263 4848 sancte
1285 4785 1436 4847 Romane
1459 4784 1595 4847 ecclesie
1617 4783 1789 4865 presbiteri
1814 4785 1991 4847 cardinalis

325 4890 359 4943 et
382 4879 571 4942 cancellarii.
605 4893 655 4942 vll
670 4879 723 4941 Kl.
738 4875 871 4957 Aprilis.
916 4873 1098 4936 indictione
1120 4887 1180 4937 XII.
1226 4874 1460 4938 lrlcamationis
1483 4873 1648 4936 dominice
1670 4891 1756 4934 anno
1780 4885 1992 4937 Mchxxvmn

326 4968 537 5032 Pontificatus
560 4968 672 5033 domni
696 4965 875 5030 Alexandri
900 4981 956 5042 pp.
979 4975 1017 5024 111
1041 4981 1128 5024 anno
1152 4977 1208 5025 xx.

483 5081 607 5146 Abschn‘ft
621 5096 676 5130 vom
694 5081 725 5129 13
747 5077 838 5142 Jahrh.
857 5074 941 5138 (Snvck
963 5075 1023 5125 ebus
1044 5075 1182 5141 Carfulars)
1198 5077 1248 5140 fol.
1267 5079 1308 5136 17,
1336 5091 1382 5124 aus
1399 5075 1452 5124 dem
1470 5073 1600 5125 Nachlasse
1623 5075 1663 5124 des
1683 5074 1779 5139 Grajen
1799 5075 1947 5136 Polarlrdli,
1966 5075 1991 5126 in

325 5154 370 5203 der
386 5153 447 5203 Br'bl.
471 5153 600 5202 Comumle
617 5167 646 5200 nu
666 5151 791 5200 Panem.

483 5227 552 5284 Rota,
572 5222 748 5289 Morrogranrm,
768 5218 944 5284 ngmkrmu
960 5224 1001 5266 etc.
1020 5217 1066 5267 dm
1086 5217 1243 5284 betreſjmdm
1262 5218 1365 5266 Stitckcn
1382 5217 1422 5266 des
1444 5215 1568 5281 Originae
1594 5217 1760 5282 wlgebr'ldd,
1786 5217 1838 5268 eine
1859 5219 1994 5285 b'rrasclrrss

327 5296 370 5347 der
386 5299 448 5346 Rota
458 5297 534 5363 selrll,
552 5312 604 5344 mar
621 5296 666 5344 das
683 5291 819 5360 Ringkrruz
839 5291 870 5340 ist
886 5288 1032 5340 vorhmrdm.

487 5469 849 5540 1)Dr'onysrirr,Bischofvon
869 5467 992 5528 Prhcmsa,
1012 5466 1191 5518 1019-1075.
1265 5465 1292 5532 2)
1311 5464 1436 5532 Siegfried,
1456 5465 1560 5532 Bisclrof
1572 5479 1620 5514 von
1639 5463 1768 5525 aiacem,
1787 5481 1808 5514 c.
1822 5465 1990 5518 ssa-1031.
