4142 6366
1700 357 1764 425 279

89 530 413 596 excommunicatum
437 532 635 597 denuntietis
658 538 692 596 et
707 532 828 597 satiatis
844 533 886 596 ab
903 533 1055 597 omnibus
1070 531 1154 596 sicut
1168 531 1486 597 excommunicatum
1503 532 1627 596 cautius
1642 533 1764 610 evitari,

89 623 199 684 donec
222 640 366 703 congrue
389 621 567 685 satisfaciat
590 622 739 704 predicto
764 623 878 686 abbati
901 633 935 686 et
951 621 1103 686 fratribus
1125 631 1249 685 etcum
1269 619 1273 702 Ι
1294 622 1409 686 litteris
1425 622 1590 685 diocesani
1607 623 1765 704 episcopi,

87 711 132 863 {Ei
149 710 634 882 tlgltafflligontinenfibus’
672 711 856 794 apostolico
896 731 931 775 se
968 711 1159 794 conspectui
1199 722 1408 794 representet.
1440 747 1481 758 —
1512 713 1588 774 Dat.
1619 711 1763 788 Velletri,

254 913 297 964 Or.
317 913 353 976 (S.
374 913 459 964 Maria
476 915 504 964 di
523 915 650 965 Casama
669 913 752 964 Macro
770 917 804 978 1),
823 915 857 966 rin
874 913 988 965 Archme'e
1005 913 1033 962 di
1049 915 1117 964 State
1133 929 1164 963 ru
1185 912 1273 964 Turia.

253 986 322 1052 Perg.
340 986 401 1046 dat,
420 987 455 1036 br.
475 989 560 1048 0‚184,
578 989 642 1053 lang
658 989 743 1047 alta,
762 993 837 1036 reaten
854 988 932 1046 ome
950 987 1143 1052 umgectlagm,
1161 986 1240 1037 duret
1257 985 1315 1035 ewei
1325 985 1418 1034 Lt'clter
1431 985 1489 1052 gete
1505 985 1543 1034 die
1560 1001 1615 1035 rosa
1631 984 1689 1034 tend
1699 984 1765 1051 gelde

88 1056 275 1120 Satremcm,
295 1058 367 1108 deror
385 1058 510 1125 Blebiegel
524 1060 639 1109 verlorere
677 1057 787 1124 Faltuerg
803 1058 847 1108 der
857 1059 959 1109 Brevem

835 1342 902 1417 Nr.
930 1343 1019 1418 300.

87 1473 278 1540 Alexander
292 1475 358 1540 III
368 1474 496 1561 befielelt
516 1473 592 1540 dem
607 1472 760 1556 Bebckose
782 1475 853 1539 und
864 1474 1059 1539 Demklerus
1077 1495 1138 1538 ven
1154 1471 1273 1556 Numi,
1298 1471 1501 1540 Kamnr‘kate
1521 1493 1585 1538 nur
1598 1493 1641 1538 an
1655 1472 1764 1539 ehren-

622 1563 744 1630 werthe
759 1561 915 1629 Klere'ker
931 1585 973 1630 au
991 1563 1181 1647 etbertragen
1196 1566 1236 1645 ¹).

713 1681 797 1743 1180
812 1677 957 1763 Aprile.
1001 1679 1140 1745 Velletri.

250 1811 444 1878 Alexander
465 1811 650 1895 episcopus,
673 1833 784 1876 servus
799 1833 966 1876 servorum
983 1812 1044 1890 dei,
1068 1811 1245 1878 venerabili
1262 1812 1359 1888 fratri,
1383 1806 1533 1898 A(mato)
1556 1812 1716 1895 episcopo
1730 1809 1764 1897 ¹),

86 1904 192 1987 priori
224 1911 258 1967 et
292 1901 457 1966 canonicis
486 1901 590 1965 sancti
612 1901 772 1965 luvenalis
795 1902 993 1980 Namiensis,
1024 1902 1163 1966 salutern
1193 1909 1227 1966 et
1249 1900 1466 1984 apostolicam
1489 1901 1764 1965 benedictionem.

87 1993 227 2075 Quanto
258 1992 397 2056 ecclesia
418 2000 526 2054 vestra
549 1992 653 2073 magis
683 2002 733 2054 est
762 1992 858 2056 nobis
880 1994 987 2055 vicina
1010 2000 1044 2056 et
1066 1991 1108 2055 ad
1132 1991 1368 2055 correctionem
1392 2001 1537 2054 nostram
1559 1991 1709 2074 specialis
1726 1988 1764 2076 ²),

88 2085 314 2165 dignoscatur,
347 2087 440 2144 tanto
471 2080 513 2143 de
544 2081 659 2142 maiori
675 2100 861 2163 *possemus
895 2082 936 2146 de
967 2081 1167 2164 negligentia
1190 2080 1392 2162 reprehendi,
1425 2081 1461 2156 si,
1494 2101 1578 2163 quae
1600 2081 1765 2144 honestati

86 2171 332 2236 ecclesiasticae
347 2180 381 2234 et
396 2169 623 2233 consuetudini
640 2169 786 2247 obviant,
804 2170 919 2235 clausis
931 2171 1062 2235 ulterius
1073 2171 1175 2234 oculis
1186 2170 1402 2234 transiremus.
1430 2168 1642 2234 Consuetudo
1656 2181 1765 2234 autern

87 2261 180 2344 apud
203 2281 264 2324 vos
278 2259 376 2323 valde
391 2258 654 2342 reprehensibilis
677 2280 780 2342 usque
796 2259 903 2325 adhuc
918 2260 960 2323 ad
981 2261 1065 2324 haec
1089 2270 1238 2342 tempore
1260 2259 1373 2341 viguit,
1397 2264 1432 2321 ut
1455 2260 1661 2342 praebendas
1684 2269 1765 2323 tam·

87 2371 192 2434 quam
208 2350 367 2426 canonici,
383 2348 455 2411 laici
471 2358 505 2412 et
520 2349 695 2430 coniugati,
712 2351 811 2412 etiam
827 2345 885 2434 (in)
901 2351 1004 2413 sancti
1019 2349 1181 2413 Iuvenalis
1195 2348 1334 2412 ecclesia
1348 2347 1521 2412 obtineant
1536 2358 1569 2412 et
1583 2348 1765 2412 saeculares

86 2439 251 2504 ecclesiae
265 2440 327 2521 ipsi
344 2433 629 2524 [prebendarios(?]
646 2437 679 2500 in
695 2458 735 2501 ea
750 2439 895 2502 facerent
909 2458 969 2522 per
979 2439 1171 2503 violentiam
1187 2439 1346 2515 ordinari;
1371 2457 1455 2519 quae
1471 2439 1582 2501 omnia
1597 2437 1763 2502 canonicis

87 2529 246 2593 institutis
269 2528 400 2611 penitus
422 2528 659 2590 contradicunt
705 2527 785 2592 inde
808 2534 865 2604 est,
891 2529 981 2610 quod
1004 2529 1203 2592 universitati
1227 2534 1354 2590 vestrae
1369 2546 1429 2609 per
1444 2528 1627 2610 apostolica
1642 2528 1765 2610 scn'pta

88 2619 286 2682 mandamus
309 2628 409 2699 atque
430 2617 657 2699 praecipimus,
682 2626 842 2698 quatenus
858 2618 919 2680 sub
936 2617 1282 2681 excommunicationis
1298 2611 1481 2702 [sententia]
1498 2625 1622 2681 attente
1637 2618 1762 2693 vetetis,

87 2729 132 2772 ne
165 2708 240 2772 laici
272 2707 323 2771 vel
347 2706 513 2789 coniugati
537 2706 745 2788 praebendas
767 2716 937 2789 tamquam
961 2707 1109 2772 canonici
1132 2707 1165 2770 in
1194 2706 1330 2770 ecclesia
1360 2705 1433 2788 ipsa
1461 2706 1604 2790 recipere
1626 2706 1679 2770 vel
1709 2706 1763 2769 alii

87 2797 202 2861 locum
225 2797 258 2860 in
281 2817 321 2861 ea
342 2796 509 2859 vindicare
539 2815 601 2878 per
622 2794 812 2858 violentiam
841 2796 925 2860 ultra
951 2807 1207 2878 praesumantur.
1253 2794 1288 2859 Si
1319 2795 1374 2875 qui
1407 2805 1516 2858 autem
1546 2804 1661 2859 contra
1689 2815 1763 2878 pro·

87 2885 287 2950 bibitionem
301 2893 444 2950 vestram
459 2885 569 2949 venire
584 2881 894 2972 praesumpseri(n)t,
911 2903 977 2962 eos,
993 2886 1123 2950 sublato
1140 2884 1370 2968 appellationis
1387 2883 1531 2966 diffugio,
1547 2885 1765 2949 anathematis

87 2976 224 3040 vinculo
247 2975 412 3040 innodetis
434 2985 468 3038 et
491 2993 594 3056 usque
617 2974 748 3056 dignam
770 2975 1028 3039 satisfactionem
1055 2976 1098 3039 ab
1130 2974 1294 3038 omnibus
1314 2974 1416 3037 teneri
1448 2973 1573 3040 faciatis
1604 2974 1764 3038 astrictos.

89 3061 200 3129 Vobis
215 3075 334 3139 autem,
357 3065 447 3147 prior
469 3073 503 3127 et
526 3063 682 3140 canonici,
706 3062 767 3128 sub
791 3064 891 3127 officii
915 3076 949 3129 et
970 3065 1121 3130 beneficii
1145 3083 1255 3148 poena
1277 3063 1451 3127 districtius
1474 3064 1695 3146 prohibemus,
1724 3083 1765 3127 ne

90 3153 183 3219 laicis
205 3155 258 3218 vel
281 3154 473 3236 coniugatis,
505 3153 561 3235 qui
585 3163 718 3217 actenus
741 3154 803 3236 ipsi
827 3154 981 3218 ecclesiae
1008 3153 1237 3237 praebendarii
1270 3152 1367 3216 fuisse
1398 3152 1556 3231 dicuntur,
1588 3154 1764 3237 quicquam

88 3243 226 3308 ulterius
240 3244 365 3320 volunt,
389 3243 556 3307 canonicis
575 3241 734 3319 tribuatis,
757 3242 816 3307 sed
833 3243 907 3307 loco
924 3245 1069 3326 ipsorum
1085 3243 1224 3308 totidem
1239 3242 1394 3307 liberatos
1409 3253 1443 3306 et
1457 3242 1614 3308 honestos
1631 3243 1765 3307 clericos

88 3334 288 3397 auctoritate
310 3343 430 3408 nostra,
455 3333 545 3396 omni
569 3332 830 3396 contradictione
850 3334 1047 3416 postposita,
1077 3333 1242 3409 ordinetis,
1271 3331 1326 3414 qui
1349 3332 1575 3398 ecclesiasticis
1598 3333 1766 3414 obsequiis

89 3422 290 3496 insudantes,
322 3421 490 3486 beneficiis
519 3427 753 3498 sustententur,
785 3441 869 3504 quae
892 3423 937 3486 illi
959 3421 1101 3486 vivendo
1131 3422 1269 3506 turpiter
1300 3423 1547 3486 consumebant.
1591 3420 1716 3486 Vemm
1738 3422 1764 3485 si

89 3513 166 3594 quis
197 3512 431 3576 canonicorum
459 3511 591 3594 publice
620 3510 778 3595 deinceps
804 3556 1172 3576 ............
1201 3510 1427 3594 regiminitatis
1457 3521 1630 3593 praetextu
1660 3559 1667 3573 .
1692 3559 1700 3575 .
1724 3557 1731 3574 .
1757 3559 1763 3575 .

89 3597 276 3688 [contraire]
301 3601 385 3665 forte
408 3600 670 3684 praesumpserit,
694 3601 738 3663 ab
754 3600 866 3664 officio
882 3611 916 3664 et
930 3600 1092 3665 beneficio
1116 3601 1217 3684 ipsius
1240 3599 1397 3664 ecclesiae
1420 3599 1587 3684 situsque
1610 3600 1653 3664 ad
1675 3600 1765 3664 satis·

90 3691 272 3754 factionem
296 3708 475 3773 congruam
498 3689 631 3753 alienus.
675 3689 800 3753 Datum
822 3687 968 3766 Velletri,
992 3704 1018 3754 11
1041 3690 1127 3754 Non.
1150 3688 1284 3773 Apn'lis.

256 3803 300 3856 Or.
318 3803 352 3854 rire
369 3803 483 3856 Arctim’o
504 3803 638 3868 Capriolare
654 3819 684 3852 eu
703 3802 795 3854 Nemi.

252 3877 295 3926 An
312 3875 479 3942 Haafsclmeer
494 3875 574 3942 ltdngt
590 3875 635 3925 das
651 3873 781 3941 Bletin'egel.

839 4158 905 4235 Nr.
929 4162 1018 4235 301.

92 4291 280 4357 nexandn
295 4291 360 4356 III
380 4291 532 4376 bestdtigt
555 4289 628 4355 dem
643 4289 837 4355 Domklenes
859 4312 919 4356 von
946 4290 1060 4356 Narni
1078 4293 1167 4358 scine
1188 4291 1334 4378 Salaeng
1356 4291 1434 4358 iiber
1455 4289 1510 4356 die
1524 4289 1769 4376 Neubesetaung

710 4401 771 4444 von
785 4378 1097 4445 Kanom'katsstellen
1114 4382 1152 4462 ³).

723 4498 807 4559 1180
821 4494 924 4580 April
935 4499 964 4560 5.
1000 4494 1142 4562 veretra

254 4611 447 4678 Alexander
469 4613 652 4696 episcopus,
682 4631 794 4676 servus
817 4632 984 4676 servorum
1007 4613 1070 4689 dei,
1101 4613 1225 4678 dilectis
1249 4613 1331 4689 filiis,
1359 4613 1401 4678 A.
1425 4614 1525 4696 priori
1549 4621 1582 4678 et
1605 4613 1765 4678 canonicis

92 4705 199 4766 sancti
222 4701 383 4766 luvenalis
406 4702 602 4778 Narniensis‚
625 4700 761 4874 sggatem
783 4710 817 4765 et
832 4701 1046 4784 apostolicam
1064 4702 1339 4767 benedictionem.
1378 4702 1460 4767 Cum
1476 4703 1518 4766 de
1534 4702 1766 4768 reformatione

93 4793 254 4857 ecclesiae
276 4800 403 4855 vestrae
425 4800 596 4856 teneamur
618 4812 633 4854 s
679 4789 802 4854 cialiter
824 4792 978 4874 cogitare,
1001 4793 1137 4874 dignum
1161 4802 1211 4856 est
1225 4800 1259 4856 et
1274 4811 1455 4856 consonum
1473 4793 1598 4868 rationi,
1621 4800 1664 4868 ut,
1681 4812 1766 4872 quae

94 4883 229 4966 proprie
251 4881 334 4944 haec
356 4902 377 4944 a
399 4882 478 4946 sede
509 4879 690 4965 apostolica
717 4880 907 4962 imploratis,
939 4881 1087 4944 celeriter
1117 4881 1345 4966 impendamus
1376 4891 1410 4945 et
1431 4889 1511 4945 vota
1533 4888 1650 4957 vestra,
1681 4899 1766 4962 quae

94 4971 242 5036 adhaec
266 4970 448 5054 respiciunt,
478 4969 596 5034 effectu
619 4988 769 5033 curemus
792 4979 1013 5053 prosequente
1037 4971 1213 5054 complere.
1258 4970 1366 5035 Vobis
1395 4970 1651 5054 significantibus
1674 4969 1766 5035 intel·

93 5061 252 5136 leximus,
285 5060 384 5140 quod,
415 5060 458 5123 de
481 5059 568 5123 cultu
599 5060 651 5123 dei
683 5058 715 5121 in
744 5059 881 5122 ecclesia
903 5067 1010 5123 vestra
1040 5061 1203 5125 servando
1225 5061 1366 5138 solliciti,
1398 5059 1577 5125 iuramento
1601 5105 1766 5124 ......

93 5152 263 5226 statuistis,
291 5158 326 5211 ut
347 5156 474 5212 tantum
497 5151 752 5233 vigintiquatuor
774 5151 949 5212 canonicos
971 5148 1101 5225 habeat,
1131 5151 1176 5214 ita
1199 5151 1342 5232 quidem,
1365 5157 1410 5224 ut,
1433 5151 1562 5230 quoties
1585 5149 1700 5231 aliquis
1722 5149 1766 5214 de

94 5259 232 5304 numero
264 5240 469 5322 praescripto
500 5238 676 5303 decesserit
696 5237 748 5301 vel
778 5237 821 5301 ad
853 5238 1003 5302 laicatum
1032 5239 1171 5314 redierit,
1203 5240 1234 5302 in
1257 5240 1366 5304 iocum
1389 5240 1491 5322 ipsius
1515 5239 1596 5303 alius
1619 5239 1765 5315 clericus,

94 5329 151 5412 qui
173 5328 278 5412 magis
300 5327 446 5392 literatus
469 5335 503 5392 et
525 5327 681 5392 honestus
703 5326 801 5390 fuerit
824 5327 1028 5411 idoneusque
1048 5337 1207 5412 repertus,
1229 5328 1313 5393 infra
1326 5329 1467 5394 duorum
1484 5329 1642 5393 mensium
1656 5329 1766 5413 spatio

255 5535 281 5598 a)
304 5531 339 5581 Ob
362 5530 505 5596 specialiter
528 5531 671 5597 perniterei
691 5565 744 5574 -
761 5531 798 5594 A)
817 5529 866 5580 Die
882 5530 1007 5595 Absclm'st
1030 5530 1105 5582 dieser
1125 5529 1186 5582 ure.
1209 5531 1330 5586 uaedoeeke
1353 5531 1391 5584 iet
1408 5529 1493 5584 Herm
1519 5531 1581 5583 Cau.
1605 5532 1664 5585 Dore
1680 5535 1767 5584 Rome
1887 5514 1889 5518 ’

93 5603 229 5671 Fagioli
250 5620 281 5656 eu
304 5603 395 5656 Nemi.
416 5631 446 5642 -
469 5603 606 5658 Cathedral.
625 5602 755 5654 Nemeen.
774 5603 870 5670 edatque
893 5603 994 5668 capeiulr'
1006 5611 1048 5653 etc.
1073 5619 1137 5654 more.
1162 5602 1247 5654 Ναηιί
1266 5605 1335 5655 1⁷70
1354 5611 1379 5670 p.
1400 5605 1425 5654 8.
1447 5631 1475 5644 -·
1502 5603 1580 5670 Vergl.
1605 5605 1642 5654 die
1650 5605 1767 5672 solgmde

97 5675 225 5728 orande.
303 5680 330 5738 a)
349 5677 465 5737 Amas,
486 5676 587 5740 Be'scleos
599 5691 648 5726 von
665 5674 756 5736 Naevii,
776 5673 988 5741 tranq—1180.
1064 5682 1092 5740 3)
1110 5675 1159 5725 Die
1176 5675 1300 5740 abacistis?
1316 5675 1392 5726 dieser
1412 5675 1471 5726 Urk.
1489 5676 1612 5727 vadente
1628 5677 1666 5728 ich
1683 5677 1767 5728 Herm

98 5748 161 5798 Can.
182 5747 242 5798 Dore
259 5747 346 5798 Romo
362 5745 493 5813 Fagiolr‘
513 5763 544 5797 au
561 5746 652 5801 Nemi.
673 5774 703 5784 -
731 5746 808 5812 Vergl.
827 5745 865 5796 die
881 5747 961 5812 vonge
981 5745 1042 5797 Ure.
1060 5747 1116 5798 rard
1130 5746 1167 5796 die
1183 5761 1238 5796 vom
1256 5749 1288 5798 17
1306 5747 1436 5798 December
1455 5749 1531 5799 1194.
