4126 6366
325 335 387 408 328

324 516 600 591 Gualdemannus,
624 523 749 579 ceteras
765 517 1001 598 possessiones,
1025 535 1106 598 quas
1120 515 1252 581 habetis
1267 519 1299 580 in
1316 520 1451 582 circuitu
1468 516 1593 580 Mutine
1609 526 1644 580 et
1657 515 1741 582 infra
1757 538 1832 580 cum
1851 517 2005 580 omnibus

322 607 513 671 adiacentiis
536 613 569 669 et
593 607 793 688 pertinentiis
817 607 892 680 suis,
923 605 1145 669 molendinum
1177 608 1268 689 quod
1300 606 1429 671 habetis
1461 615 1556 670 extra
1579 615 1709 689 portam
1733 606 1831 680 Alba,
1865 613 1901 668 et
1930 627 2005 670 cum

323 715 397 758 casa
421 705 454 758 et
478 704 667 759 casamento
691 716 765 758 curn
789 715 875 775 aqua
899 702 932 756 et
960 696 1148 774 aqueductu
1180 695 1212 758 in
1243 697 1421 780 integrum,
1453 717 1527 759 cum
1561 697 1713 759 omnibus
1743 697 1942 760 adiacentiis
1971 704 2007 759 et

322 786 526 867 pertinentiis
541 786 615 859 suis,
640 783 871 860 molendinum,
895 785 985 864 quod
1004 792 1054 848 est
1069 785 1213 866 positum
1230 787 1320 849 iuxta
1336 795 1472 849 stratam
1497 785 1645 861 civitatis,
1668 786 1751 848 inter
1766 787 2004 849 monasterium

321 883 355 937 et
377 873 540 957 hospitale
562 876 665 936 sancti
689 872 850 948 Nicholai,
874 894 948 937 cum
972 894 1059 955 aqua
1082 882 1115 938 et
1138 876 1323 954 aqueductu
1356 877 1459 958 ipsius
1484 883 1517 937 et
1540 875 1609 937 aliis
1633 876 1786 941 omnibus
1810 875 2005 938 adiacentiis

321 965 388 1027 suis
411 971 445 1026 et
467 963 577 1026 usibus
601 965 800 1039 necessariis,
825 983 917 1026 usum
942 965 1044 1045 ipsius
1066 983 1161 1043 aque,
1185 965 1388 1040 decurrentis
1412 965 1455 1026 de
1478 963 1599 1046 palude
1622 965 1666 1027 ad
1689 965 1779 1028 dicta
1803 963 2006 1040 molendina,

321 1060 355 1116 et
378 1053 458 1116 alias
482 1056 694 1116 necessitates
717 1061 850 1128 vestras,
873 1053 956 1116 sicut
978 1054 1122 1116 decurrit
1145 1074 1229 1116 nunc
1259 1062 1293 1117 et
1315 1053 1475 1117 hactenus
1492 1052 1626 1135 pacifice
1647 1055 1853 1135 possedistis,
1879 1055 2006 1118 molen·

321 1143 443 1217 dinum,
471 1143 562 1222 quod
585 1141 713 1205 habetis
744 1142 835 1205 iuxta
864 1142 1000 1205 boscum
1026 1143 1068 1205 de
1091 1141 1253 1222 laquaro,
1283 1163 1357 1206 cum
1391 1163 1475 1217 casa,
1507 1151 1706 1219 casamentn,
1736 1151 1820 1219 orto,
1855 1151 1948 1206 curte
1971 1151 2007 1205 et

321 1231 473 1295 omnibus
496 1232 687 1295 adiacentiis
710 1239 743 1294 et
766 1231 971 1295 asciamentis
994 1233 1070 1306 suis,
1102 1252 1175 1294 curn
1208 1251 1293 1312 aqua
1316 1241 1349 1295 et
1371 1233 1559 1312 aqueductu
1590 1232 1690 1314 ipsius
1717 1241 1751 1294 et
1774 1233 2005 1296 molendinum

321 1322 412 1384 iuxta
435 1321 556 1385 fossam
572 1320 801 1403 Formiginem‚
819 1341 892 1384 cum
910 1339 994 1396 casa,
1011 1329 1211 1397 casamento,
1235 1341 1322 1400 aqua
1337 1329 1370 1384 et
1385 1322 1572 1402 aqueductu
1589 1329 1622 1384 et
1638 1322 1791 1384 omnibus
1806 1322 2005 1385 adiacentiis

320 1418 355 1473 et
385 1411 590 1474 asciamentis
620 1412 703 1486 suis,
735 1430 834 1474 omne
864 1412 913 1473 ius
946 1419 979 1472 et
1010 1430 1103 1485 usus,
1136 1431 1220 1492 quos
1251 1410 1378 1474 habetis
1409 1412 1440 1474 in
1464 1413 1575 1490 aquis,
1603 1413 1636 1473 in
1666 1411 1798 1474 circuitu
1824 1412 2005 1474 Mutinensi

319 1500 574 1575 decurrentibus
599 1508 632 1562 et
655 1501 845 1562 nominatim
871 1503 903 1562 in
919 1499 996 1574 rivo,
1020 1502 1076 1582 qui
1092 1501 1212 1563 dicitur
1228 1499 1405 1576 Mutinella,
1428 1509 1522 1564 extra
1536 1500 1640 1582 ipsam
1657 1501 1830 1574 civitatem,
1856 1499 2004 1564 habente

320 1590 516 1670 principium
533 1591 619 1652 inter
629 1597 749 1651 terram
759 1589 848 1652 beati
861 1588 947 1651 Petri
963 1598 996 1652 et
1008 1597 1128 1653 terram
1138 1591 1224 1654 Petri
1237 1591 1280 1652 de
1291 1600 1405 1652 sancto
1418 1589 1552 1652 Donato
1564 1597 1727 1665 currente;
1739 1589 1821 1653 inira
1832 1591 2003 1652 civitatem

320 1676 552 1741 Mutinensem:
570 1678 740 1741 ecclesiam
756 1679 858 1741 sancti
873 1676 1026 1741 iohannis
1042 1699 1116 1741 cum
1135 1677 1308 1760 parrochia
1324 1687 1358 1741 et
1370 1678 1522 1743 omnibus
1537 1697 1602 1757 que
1618 1679 1660 1741 ad
1673 1680 1811 1741 eandem
1825 1679 2003 1742 ecclesiam

320 1771 492 1849 pertinent,
504 1769 595 1830 iuxta
606 1768 781 1830 civitatem:
806 1766 977 1831 ecclesiam
993 1767 1095 1831 sancti
1108 1767 1259 1831 Nicholai
1273 1789 1347 1831 curn
1361 1769 1513 1831 omnibus
1525 1769 1730 1848 pertinentiis
1741 1770 1817 1844 suis,
1832 1767 2004 1851 hospitale

319 1866 461 1919 vestrum
488 1876 593 1939 prope
617 1859 781 1919 civitatem
807 1877 880 1919 cum
906 1858 994 1920 dicta
1017 1857 1156 1920 ecclesia
1178 1859 1282 1922 sancti
1305 1855 1468 1932 Nicholai,
1500 1865 1533 1919 et
1557 1858 1710 1920 omnibus
1734 1876 1799 1937 que
1821 1858 1866 1920 ad
1891 1859 2002 1940 ipsam

319 1948 491 2027 pertinent,
516 1946 686 2009 ecclesiam
710 1949 813 2008 sancti
836 1946 944 2028 Egidii
967 1947 1010 2008 de
1027 1947 1156 2010 Muccia
1179 1948 1221 2010 ad
1246 1949 1350 2029 ipsam
1374 1947 1602 2028 pertinentem,
1627 1944 1800 2028 hospitale,
1824 1945 2002 2010 ecclesiam

318 2044 431 2098 sancte
455 2034 566 2097 Crucis
589 2055 661 2097 cum
694 2033 847 2117 hospitali
878 2043 911 2098 et
944 2036 1097 2100 omnibus
1128 2037 1332 2118 pertinentiis
1362 2037 1445 2111 suis,
1477 2034 1650 2098 ecclesiam
1682 2044 1794 2099 sancte
1819 2036 1926 2099 Marie
1957 2037 2003 2100 de

319 2125 429 2188 Massa
452 2145 525 2187 cum
550 2122 722 2206 parrochia
745 2133 778 2187 et
802 2125 954 2188 omnibus
978 2145 1042 2207 que
1065 2126 1108 2188 ad
1135 2128 1240 2207 ipsam
1273 2125 1444 2207 pertinent,
1475 2123 1649 2187 ecclesiam
1681 2131 1794 2188 sancte
1818 2123 1926 2187 Marie
1957 2127 2002 2188 de

319 2214 488 2296 Mugnano
511 2234 586 2277 cum
610 2213 782 2296 parrochia
798 2222 832 2276 et
847 2213 916 2276 aliis
936 2217 1141 2296 pertinentiis
1156 2217 1232 2290 suis,
1256 2215 1428 2278 ecclesiam
1445 2215 1549 2276 sancti
1566 2211 1734 2277 Anastasii
1750 2216 1793 2277 de
1809 2213 2001 2296 Savignano

319 2324 393 2367 cum
423 2302 595 2385 parrochia
626 2311 660 2365 et
690 2303 760 2365 aliis
792 2303 992 2385 pertinentiis
1022 2305 1105 2380 suis,
1144 2303 1315 2368 ecclesiam
1347 2314 1459 2367 sancte
1491 2303 1594 2366 Marie
1623 2304 1666 2366 de
1698 2301 1886 2368 Ambiliano
1921 2324 2000 2367 cum

319 2392 499 2476 parrochia,
527 2392 673 2467 decimis,
705 2392 904 2468 molendino,
934 2412 1008 2456 cum
1032 2413 1118 2475 aqua
1141 2401 1174 2456 et
1195 2395 1383 2473 aqueductu
1413 2413 1474 2456 suo
1498 2400 1533 2454 et
1555 2393 1707 2456 omnibus
1737 2394 1932 2457 adiacentiis
1966 2402 2001 2457 et

318 2482 390 2546 aliis
420 2501 485 2562 que
515 2482 558 2544 ad
590 2483 728 2545 eandem
760 2481 930 2546 ecclesiam
962 2485 1142 2564 pertinent,
1176 2483 1345 2546 ecclesiam
1377 2483 1482 2545 sancti
1506 2480 1688 2544 Geminiani
1718 2483 1762 2545 de
1784 2483 1889 2546 Turre
1921 2504 1999 2547 cum

318 2571 492 2654 parrochia
515 2591 574 2634 sua
604 2578 637 2634 et
666 2571 737 2634 aliis
768 2573 973 2654 pertinentiis
1003 2575 1084 2648 suis,
1116 2571 1288 2636 ecclesiam
1317 2579 1429 2634 sancte
1453 2571 1555 2634 Marie
1584 2572 1677 2634 iuxta
1699 2569 1877 2635 Castellum
1901 2581 2001 2636 vetus

319 2681 393 2725 cum
417 2659 588 2743 parrochia
618 2669 651 2723 et
681 2659 750 2724 aliis
782 2681 846 2742 que
876 2661 919 2724 ad
948 2663 1051 2743 ipsam
1082 2661 1251 2743 pertinent,
1284 2660 1456 2725 ecclesiam
1481 2667 1595 2723 sancte
1618 2658 1722 2724 Marie
1744 2662 1787 2724 de
1811 2659 1898 2726 Silva
1925 2712 1933 2727 .
1959 2711 2000 2726 ..

319 2770 393 2814 cum
413 2749 441 2835 ιι)
465 2750 616 2813 omnibus
639 2750 841 2832 pertinentiis
864 2752 939 2825 suis,
967 2751 1139 2814 ecclesiam
1163 2751 1266 2814 sancti
1290 2748 1460 2814 Michaelis
1492 2750 1535 2812 de
1560 2748 1682 2813 Palude
1715 2770 1788 2813 curn
1813 2751 2000 2832 parrochia,

318 2840 454 2903 decimis
478 2850 511 2903 et
535 2840 685 2922 primitiis
709 2847 742 2901 et
765 2839 835 2902 aliis
863 2839 1092 2922 proventibus,
1121 2840 1312 2903 adiacentiis
1345 2846 1378 2902 et
1407 2841 1612 2921 pertinentiis
1641 2842 1716 2915 suis,
1749 2841 1920 2904 castellum
1955 2842 1999 2904 de

316 2928 451 2992 Adiano
475 2949 548 2992 cum
573 2927 718 2991 ecclesiis
740 2936 854 2991 sancte
877 2926 981 2990 Marie
1004 2936 1038 2991 et
1065 2931 1168 2992 sancti
1193 2927 1364 2992 Michaelis
1396 2949 1470 2991 curn
1495 2928 1676 3010 parrochiis
1707 2949 1828 3002 earum,
1860 2931 1999 2994 decimis

318 3025 351 3081 et
373 3018 524 3100 primitiis
547 3025 581 3080 et
603 3017 673 3080 aliis
697 3036 762 3097 que
785 3018 827 3080 ad
851 3019 940 3099 ipsas
964 3016 1119 3080 ecclesias
1142 3020 1315 3100 pertinent,
1345 3017 1547 3082 curticellam
1577 3038 1641 3099 que
1664 3019 1782 3082 dicitur
1805 3020 1848 3081 de
1870 3019 1998 3084 Abrica

318 3127 391 3170 cum
423 3106 571 3181 decimis,
601 3105 790 3170 hominibus
822 3114 857 3169 et
885 3106 956 3169 aliis
986 3107 1141 3170 omnibus
1173 3127 1238 3190 que
1269 3108 1391 3170 ibidem
1423 3107 1567 3184 habetis,
1598 3107 1770 3171 ecclesiam
1804 3109 1846 3170 de
1879 3121 1998 3173 sancto

318 3194 461 3259 Martino
485 3197 527 3258 de
551 3192 645 3259 Salto
669 3215 742 3259 curn
772 3193 943 3278 parrochia
973 3205 1006 3259 et
1036 3196 1106 3260 aliis
1135 3216 1200 3277 que
1230 3196 1271 3260 ad
1306 3217 1378 3260 eam
1410 3198 1590 3279 pertinent,
1620 3217 1738 3272 arcem,
1771 3217 1836 3278 que
1860 3207 1999 3262 vocatur

317 3283 527 3349 Cornetulum
547 3284 584 3368 b),
610 3304 682 3347 cum
707 3285 844 3348 ecclesia
866 3287 969 3347 sancti
986 3283 1116 3348 Martini
1140 3306 1213 3348 cum
1239 3285 1419 3368 parrochia,
1443 3286 1636 3369 baptisterio
1652 3295 1686 3348 et
1701 3287 1770 3350 aliis
1794 3288 1998 3369 pertinentiis

316 3377 392 3450 suis,
422 3374 559 3437 decimis
582 3381 615 3436 et
643 3375 794 3455 primitiis
825 3383 859 3438 et
891 3376 1007 3437 ceteris
1040 3375 1262 3457 proventibus.
1309 3373 1472 3458 Quicquid
1502 3375 1631 3439 habetis
1661 3376 1693 3438 in
1725 3384 1816 3439 curte
1846 3378 1997 3458 predicte

316 3465 407 3538 arcis,
432 3462 589 3546 quicquid
613 3461 743 3527 habetis
766 3466 849 3526 intra
872 3463 1040 3527 castellum
1065 3464 1149 3526 etin
1175 3473 1265 3528 curte
1290 3466 1407 3528 montis
1431 3462 1551 3547 Specli,
1582 3464 1736 3546 quicquid
1760 3463 1888 3529 habetis
1912 3468 1998 3529 intra

317 3552 485 3616 castellum
510 3561 543 3616 et
566 3553 596 3615 in
622 3561 711 3615 curte
728 3553 892 3629 Montesii,
916 3552 1087 3618 ecclesiam
1111 3555 1214 3618 sancti
1232 3555 1363 3618 Martini
1386 3555 1429 3618 de
1445 3553 1625 3636 Polignago
1641 3555 1674 3616 in
1689 3553 1773 3629 loco,
1797 3554 1853 3636 qui
1876 3555 1998 3618 dicitur

316 3641 415 3717 Cella,
438 3663 512 3705 cum
537 3641 685 3705 omnibus
709 3663 774 3724 que
795 3642 837 3704 ad
867 3663 939 3706 eam
964 3645 1137 3726 pertinent,
1170 3663 1376 3724 quecumque
1407 3643 1535 3707 habetis
1565 3645 1597 3706 in
1627 3645 1785 3706 comitatu
1810 3641 1996 3718 Guminule,

316 3732 473 3812 quicquid
496 3730 625 3794 habetis
648 3731 678 3793 in
695 3731 886 3813 Ferignano,
910 3732 940 3794 in
965 3733 1093 3795 civitate
1110 3734 1312 3797 Bononiensi
1334 3741 1558 3796 casamentum
1584 3753 1691 3808 unum,
1715 3740 1809 3796 extra
1825 3735 1994 3797 civitatem

316 3822 397 3884 duas
428 3822 533 3902 petias
556 3821 650 3883 vinee
681 3839 745 3900 que
775 3830 851 3884 sunt
881 3829 957 3885 octo
980 3821 1188 3898 Tornadure,
1220 3825 1282 3885 tria
1314 3825 1425 3905 iugera
1459 3831 1545 3884 terre
1575 3825 1607 3885 in
1639 3830 1729 3885 curte
1761 3823 1803 3884 de
1827 3821 1994 3905 Pamgale,

315 3908 487 3972 ecclesiam
511 3910 613 3972 sancti
629 3908 801 3973 Michaelis
825 3911 867 3972 de
883 3908 1061 3974 Sorbetulo
1084 3932 1157 3974 cum
1182 3911 1354 3993 parrochia
1377 3919 1410 3974 et
1425 3911 1494 3974 aliis
1511 3912 1715 3993 pertinentiis
1731 3919 1764 3974 et
1779 3913 1995 3993 proventibus

315 4000 390 4074 suis,
412 4008 515 4062 terras
539 4019 620 4081 quas
644 3997 772 4062 habetis
796 4002 828 4062 in
845 3998 1046 4083 Crespelano
1069 4010 1102 4063 et
1126 4002 1157 4064 in
1181 4011 1272 4065 curte
1289 4004 1366 4075 eius,
1389 4008 1493 4063 terras
1509 4021 1591 4082 quas
1606 4000 1735 4063 habetis
1751 4002 1783 4062 in
1801 3999 1993 4083 Pragattulo

314 4096 349 4151 et
370 4089 401 4150 in
425 4097 515 4152 curte
538 4091 639 4170 ipsius
663 4109 737 4151 cum
762 4090 892 4171 pascuis
915 4097 949 4152 et
971 4089 1042 4152 aliis
1066 4091 1246 4154 rationibus
1262 4091 1384 4166 vestris,
1408 4090 1564 4172 quicquid
1579 4089 1707 4152 habetis
1724 4092 1755 4152 in
1773 4087 1993 4154 Montebellio

313 4185 348 4241 et
378 4179 409 4240 in
441 4186 532 4240 curte
563 4180 641 4252 eius,
671 4186 783 4253 terras,
815 4180 937 4254 vineas,
968 4181 1122 4260 piscarias
1146 4188 1179 4242 et
1202 4179 1351 4243 homines
1382 4199 1447 4260 que
1477 4177 1606 4243 habetis
1634 4181 1665 4241 in
1689 4186 1781 4242 curte
1803 4180 1847 4242 de
1871 4179 1992 4252 Massa,

314 4267 469 4347 quicquid
485 4265 613 4331 habetis
629 4268 661 4329 in
677 4276 768 4329 curte
784 4270 888 4330 sancti
905 4267 1031 4342 Felicis,
1056 4270 1213 4351 quicquid
1229 4267 1359 4333 habetis
1376 4271 1407 4332 in
1424 4277 1515 4332 curte
1538 4270 1581 4331 de
1598 4265 1809 4349 Quarantula,
1833 4269 1991 4349 quicquid

314 4356 444 4419 habetis
468 4359 499 4418 in
524 4365 615 4418 curte
638 4357 742 4419 sancti
767 4354 950 4420 Possidomi
974 4365 1007 4420 et
1031 4359 1062 4420 in
1086 4367 1175 4421 curte
1200 4361 1302 4421 sancti
1320 4356 1495 4440 Stephani;
1518 4359 1549 4420 in
1572 4359 1763 4440 episcopatu
1790 4356 1951 4421 Paduano
1970 4357 1992 4440 ¹)

314 4446 662 4509 monasteriumsancti
673 4443 845 4509 Michaelis
855 4444 933 4511 deC
952 4493 978 4510 ..
997 4447 1096 4511 diano
1106 4468 1179 4511 cum
1196 4448 1261 4511 suis
1271 4447 1490 4529 pertinentiis;
1507 4449 1539 4510 in
1555 4448 1746 4529 episcopatu
1757 4445 1945 4509 Veronensi
1966 4445 1990 4530 ¹)

312 4543 440 4617 septem
467 4553 599 4597 mansos
623 4536 655 4596 in
672 4534 820 4598 Minerve
836 4556 897 4618 pro
915 4536 1033 4616 quibus
1048 4536 1219 4600 solvuntur
1234 4537 1328 4600 vobis
1346 4537 1561 4618 quadraginta
1576 4535 1673 4599 solidi
1694 4534 1720 4620 c)
1735 4535 1935 4611 Luccenses,
1958 4543 1991 4599 et

313 4624 470 4704 quicquid
486 4621 613 4686 habetis
628 4623 659 4685 in
676 4626 832 4688 comitatu
846 4627 888 4688 de
901 4624 1052 4708 Figarolo
1070 4636 1102 4690 et
1118 4628 1151 4690 in
1165 4625 1298 4709 plebatu
1311 4627 1353 4689 de
1366 4625 1536 4690 Trecenta.
1564 4624 1719 4688 Decimas
1730 4636 1890 4707 preterea,
1907 4645 1989 4705 quas

313 4713 545 4776 monasterium
558 4721 700 4775 vestrum
715 4715 932 4797 quadraginta
943 4719 1036 4780 annis
1053 4717 1162 4798 quiete
1174 4717 1323 4797 possedit
1335 4723 1369 4778 et
1385 4717 1415 4777 in
1432 4715 1668 4798 presentiarum
1683 4714 1751 4776 sine
1766 4717 1989 4777 controversia

312 4802 496 4883 possidetis,
513 4802 607 4865 vobis
631 4809 664 4864 et
687 4804 930 4866 successoribus
945 4808 1061 4868 vestris
1084 4807 1278 4869 auctoritate
1294 4803 1477 4886 apostolica
1493 4803 1732 4874 confirmamus.
1772 4801 1988 4867 Prohibentes

312 4891 497 4967 districtius,
508 4891 656 4955 utnullus
666 4891 1631 4976 laicusavobisdecimasexigerevelextorquerepresumat.
1647 4892 1986 4966 Prohibemusautem,

312 5001 353 5043 ne
370 4981 598 5064 possessiones
613 4981 713 5063 ipsius
739 4983 924 5046 monasterii
940 4982 992 5047 vel
1013 4983 1222 5048 ecclesiarum
1239 4992 1428 5058 vestrarum,
1452 4985 1570 5046 ordine
1586 4983 1751 5047 iudiciario
1767 4983 1986 5065 pretermisso,

311 5072 485 5152 quisquam
509 5070 671 5145 invadere,
695 5072 873 5152 inquietare
889 5072 941 5136 vel
962 5073 1089 5137 auferre
1113 5082 1290 5157 presumat.
1335 5072 1506 5136 Adicimus
1530 5091 1672 5152 quoque,
1695 5080 1730 5136 ut
1754 5074 1984 5136 monasterium

311 5168 453 5224 vestrum
479 5168 512 5222 et
534 5160 672 5223 ecclesie
696 5181 754 5224 sue
777 5162 806 5224 in
831 5181 870 5224 ea
892 5161 1042 5226 libertate
1065 5171 1288 5245 permaneant,
1320 5163 1351 5224 in
1383 5181 1447 5242 qua
1470 5183 1490 5225 a
1513 5162 1730 5244 quadraginta
1758 5164 1852 5225 annis
1885 5179 1985 5241 usque

311 5269 397 5313 nunc
421 5251 578 5313 canonice
601 5270 639 5312 ac
663 5251 798 5332 pacifice
823 5252 969 5315 extitisse
992 5261 1171 5315 noscuntur
1189 5251 1227 5337 d).
1265 5249 1353 5314 Sane
1368 5251 1533 5315 novalium
1549 5258 1741 5326 vestrorum,
1765 5271 1831 5333 que
1846 5249 1984 5334 propriis

311 5338 460 5403 manibus
483 5347 539 5402 aut
561 5339 746 5422 sumptibus
769 5339 883 5414 colitis,
907 5361 964 5404 seu
988 5341 1031 5404 de
1055 5341 1255 5405 nutrimentis
1272 5350 1454 5404 vestrorum
1470 5339 1654 5404 animalium
1675 5339 1703 5425 θ)
1734 5339 1837 5404 nullus
1861 5361 1882 5403 a
1896 5337 1983 5402 vobis

310 5429 455 5491 decimas
488 5431 620 5510 exigere
651 5427 702 5492 vel
734 5437 934 5510 extorquere
966 5439 1142 5514 presumat.
1194 5431 1308 5494 Liceat
1339 5450 1472 5511 quoque
1502 5429 1614 5504 vobis,
1645 5429 1784 5493 clericos
1814 5436 1848 5493 et
1879 5428 1981 5502 laicos,

310 5517 430 5582 liberos
453 5525 487 5581 et
509 5518 686 5594 absolutos,
711 5537 730 5580 e
752 5518 864 5583 seculo
888 5519 1057 5601 fugientes,
1080 5521 1123 5584 ad
1148 5521 1395 5583 conversionem
1419 5522 1565 5604 recipere
1589 5526 1622 5582 et
1645 5539 1703 5582 eos
1718 5519 1846 5601 absque
1862 5526 1982 5582 contra·

470 5687 494 5750 a)
513 5685 573 5749 Aus
586 5688 673 5734 Rumr
694 5653 700 5658 -
723 5655 733 5663 ι
756 5687 783 5739 bl
803 5703 816 5734 e
834 5687 887 5744 auf
901 5689 985 5736 ll'asur
1075 5687 1099 5744 cl
1119 5687 1125 5734 i
1144 5688 1196 5750 rnrs
1209 5689 1293 5735 Rasur
1381 5687 1455 5736 dtur
1482 5688 1536 5750 rurs
1555 5689 1639 5735 lr’asrrr
1728 5691 1754 5742 ei
1774 5703 1798 5735 m
1823 5688 1877 5750 ans
1898 5688 1982 5734 Rasur.

308 5793 358 5800 --
379 5761 416 5813 .1l
438 5757 533 5806 Padua.
607 5769 633 5822 2)
658 5757 755 5806 Verona.
