4090 6358
1683 341 1725 416 79

806 513 872 592 ΝΥ.
905 517 966 593 77.

45 653 159 740 Eugen
175 653 242 720 III
261 655 379 720 nimmt
392 652 454 718 das
472 649 603 717 Kloster
616 649 786 732 Staffarda
802 651 862 732 (D.
887 648 1020 728 Tenere)
1037 650 1071 712 in
1090 650 1323 733 apostolischen
1347 649 1464 716 Schuta
1485 651 1559 716 und
1578 651 1729 737 bestc'e'tigt

546 739 632 805 see'ne
652 741 889 804 Bese'tztlu'e'mer
910 741 980 804 und
1005 737 1226 822 Ordensregel.

624 859 709 919 1146
724 855 908 940 September
921 858 978 919 22.
1018 853 1150 919 Viterbo.

208 975 376 1057 Eugenius
399 975 585 1057 episcopus,
609 995 719 1036 servus
742 993 909 1037 servorum
934 973 996 1049 dei,
1021 972 1148 1036 dilectis
1163 971 1236 1034 liliis
1253 973 1381 1050 Carolo,
1406 975 1520 1039 abbati
1537 979 1726 1041 monasterii

48 1067 87 1130 de
109 1065 277 1141 Stafarda,
310 1065 444 1146 eiusque
467 1063 627 1141 fratribus,
652 1073 720 1126 tam
743 1063 950 1145 presentibus
975 1083 1073 1144 quam
1097 1061 1219 1135 futuris,
1243 1062 1423 1144 regularem
1445 1066 1548 1129 vitam
1571 1068 1726 1148 professis

47 1169 82 1218 nt
105 1169 187 1218 PPM.
210 1189 256 1200 —
275 1149 281 1238 Ι
301 1153 469 1234 Quoniam
499 1154 569 1216 sine
591 1174 668 1216 vere
698 1154 786 1215 cultu
809 1151 975 1234 religionis
1006 1173 1066 1216 nec
1098 1151 1240 1214 caritatis
1263 1153 1369 1216 unitas
1399 1165 1511 1236 potest
1540 1156 1725 1234 subsistere,

47 1265 104 1308 nec
128 1245 197 1307 deo
220 1252 351 1326 gratum
383 1242 532 1306 exhiberi
562 1243 737 1319 servitium,
771 1243 908 1324 expedit
937 1239 1121 1328 apostolice
1145 1241 1338 1317 auctoritati,
1370 1243 1538 1326 religiosas
1567 1266 1727 1327 personas

48 1335 183 1416 diligere
217 1343 251 1396 et
280 1332 434 1414 religiosa
463 1331 552 1408 loca,
584 1333 737 1408 maxime,
770 1352 833 1420 que
860 1327 865 1416 l
893 1331 982 1395 beati
1011 1331 1096 1393 Petri
1122 1330 1198 1392 iuris
1229 1331 1374 1395 existunt
1403 1343 1437 1396 et
1467 1334 1509 1396 ad
1539 1335 1726 1399 Romanam

47 1424 235 1506 specialiter
271 1431 424 1504 spectant
462 1421 649 1508 ecclesiam,
688 1421 774 1484 sedis
806 1420 988 1508 apostolice
1018 1420 1197 1508 munimine
1232 1419 1417 1486 confovere.
1470 1425 1545 1486 Hoc
1575 1425 1726 1488 nimirum

48 1514 192 1576 caritatis
216 1513 343 1588 intuitu,
367 1510 477 1574 dilecti
502 1511 535 1573 in
559 1511 694 1574 domino
718 1511 784 1586 filii,
809 1511 852 1574 ad
875 1509 1045 1592 exemplar
1068 1509 1309 1591 predecessoris
1325 1514 1436 1589 nostri,
1461 1513 1550 1599 bone
1570 1516 1727 1602 memorie

49 1622 134 1688 pape
151 1602 345 1666 CEOESTINI
363 1601 397 1679 ¹),
420 1601 536 1664 vestris
559 1601 650 1664 iustis
673 1598 950 1682 postulationibus
974 1599 1150 1662 clementer
1173 1600 1345 1662 annuimus
1368 1612 1402 1664 et
1423 1602 1587 1684 prefatum
1615 1624 1726 1667 mona-

50 1693 192 1768 sterium,
226 1691 316 1773 quod
350 1691 393 1754 ab
421 1690 536 1753 illustri
558 1691 628 1753 viro
653 1690 827 1753 Manfredo
852 1689 1041 1752 marchione
1064 1698 1097 1750 et
1120 1697 1223 1750 matre
1246 1709 1312 1766 sua,
1344 1711 1405 1754 nec
1429 1712 1495 1754 non
1519 1692 1728 1768 etfratribus

51 1783 80 1844 in
103 1781 301 1844 Taurinensi
325 1781 520 1862 episcopatu
544 1790 674 1843 constat
697 1800 768 1842 esse
791 1779 972 1855 fundatum,
1006 1777 1066 1840 sub
1097 1777 1186 1840 beati
1210 1778 1295 1840 Petri
1326 1789 1359 1844 et
1387 1791 1498 1844 nostra
1520 1784 1728 1863 protectione

51 1872 247 1952 suscipimus
271 1880 303 1932 et
325 1869 487 1951 presentis
509 1870 621 1951 scripti
645 1869 816 1951 privilegio
841 1868 1090 1932 communimus.
1135 1866 1171 1928 ln
1201 1867 1314 1948 primis
1347 1870 1510 1950 siquidem
1538 1881 1727 1949 statuentes,

51 1971 84 2022 ut
106 1961 193 2024 ordo
218 1960 418 2022 monasticus
442 1959 622 2022 secundum
645 1959 735 2022 beati
758 1958 929 2022 Benedicti
952 1956 1098 2038 regulam
1122 1965 1156 2018 et
1178 1956 1319 2020 formam
1351 1958 1515 2041 religionis
1538 1971 1571 2024 et
1594 1961 1728 2025 fratrum

52 2049 276 2114 Cisterciensis
306 2049 495 2111 monasterii
526 2048 640 2111 futuris
672 2048 876 2130 temporibus
909 2045 1140 2110 inviolabiliter
1178 2058 1394 2111 conservetur.
1444 2050 1539 2113 Bona
1569 2051 1667 2132 igitur
1696 2062 1728 2115 et

52 2140 284 2218 possessiones,
316 2158 381 2225 que
412 2138 455 2200 ad
485 2138 627 2200 eundem
657 2138 766 2200 locum
797 2138 830 2200 in
860 2137 1098 2218 presentiarum
1121 2135 1203 2197 iuste
1232 2146 1264 2198 et
1288 2139 1446 2202 canonice
1468 2140 1631 2221 pertinere
1654 2161 1728 2204 nos·

53 2239 166 2292 cuntur
190 2239 248 2292 aut
271 2229 303 2290 in
327 2227 470 2290 futurum
493 2228 706 2290 concessione
729 2226 932 2309 pontificum,
966 2225 1162 2289 liberalitate
1184 2245 1307 2307 regum,
1338 2226 1511 2310 largitione
1533 2230 1728 2312 principum,

54 2318 224 2382 oblatione
248 2316 394 2380 fidelium
417 2337 474 2379 seu
499 2315 570 2379 aliis
591 2317 683 2380 iustis
706 2317 823 2393 modis,
847 2324 1015 2398 prestante
1039 2315 1184 2391 domin0,
1209 2317 1332 2397 poterit
1347 2318 1493 2399 adipisci,
1518 2317 1611 2381 firma
1633 2320 1729 2383 vobis

53 2409 233 2490 vestrisque
256 2406 500 2470 successoribus
532 2413 565 2468 et
596 2405 721 2469 illibata
753 2415 976 2487 permaneant.
1022 2403 1202 2468 Statuimus
1226 2406 1333 2482 etiam,
1365 2417 1400 2469 ut
1431 2428 1491 2471 nec
1523 2409 1729 2474 marchiones

56 2517 111 2560 nec
140 2497 262 2580 aliquis
292 2496 401 2559 eidem
432 2496 506 2558 loco
540 2495 759 2558 adiacentium
790 2496 960 2578 regionum
991 2495 1165 2558 occasione
1196 2495 1287 2576 pacis
1316 2506 1372 2559 aut
1393 2517 1508 2578 guerre
1531 2517 1588 2560 seu
1612 2500 1729 2582 regalis

56 2586 135 2650 fodri
159 2586 345 2650 monachos
367 2585 419 2648 vel
443 2605 628 2661 conversos,
653 2586 685 2647 in
710 2585 829 2648 eodem
852 2585 927 2647 loco
951 2593 1201 2660 commorantes,
1226 2585 1258 2647 in
1281 2587 1431 2666 personis
1445 2587 1498 2648 vel
1519 2607 1631 2650 eorum
1655 2589 1728 2653 sub·

57 2677 178 2740 stantiis
202 2676 400 2759 opprimere,
425 2675 606 2756 inquietare
628 2674 680 2738 vel
704 2674 747 2737 ab
771 2675 818 2738 eis
842 2674 966 2755 aliquid
990 2675 1122 2755 exigere
1146 2684 1202 2736 aut
1224 2674 1414 2738 violentiam
1444 2675 1589 2758 aliquam
1612 2678 1729 2742 inferre

56 2777 229 2846 presumat.
275 2765 432 2828 Decimas
454 2785 533 2826 sane
556 2763 716 2839 laborum,
746 2784 829 2845 quos
857 2764 998 2845 propriis
1021 2763 1173 2826 manibus
1197 2773 1253 2826 aut
1275 2766 1461 2846 sumptibus
1484 2766 1598 2843 colitis,
1631 2777 1664 2831 et
1687 2769 1729 2832 de

57 2855 249 2918 animalibus
271 2855 387 2918 vestris
409 2853 515 2916 nullus
538 2874 558 2916 a
579 2854 676 2917 vobis
700 2863 856 2935 expetere
879 2853 931 2916 vel
954 2853 1098 2934 recipere
1122 2853 1250 2917 audeat.
1296 2854 1522 2918 Interdicimus
1545 2867 1663 2933 autem,
1688 2879 1729 2922 ne

58 2943 234 3009 monachos
257 2943 309 3007 vel
332 2963 509 3007 conversos
530 2954 656 3006 vestros
679 2953 757 3025 post
780 2943 901 3006 factam
925 2943 957 3004 in
980 2952 1090 3005 vestro
1114 2944 1314 3006 monasterio
1345 2944 1585 3025 professionem
1613 2947 1729 3029 aliquis

59 3035 304 3117 episcoporum,
339 3033 515 3109 abbatum,
553 3034 699 3115 priorum
727 3031 781 3094 vel
810 3032 920 3114 aliqua
950 3052 1093 3113 persona
1112 3035 1139 3109 ε)
1171 3033 1296 3116 absque
1326 3044 1434 3097 vestra
1465 3035 1568 3098 libera
1599 3036 1730 3101 licentia

59 3125 197 3207 recipere
220 3124 273 3187 vel
296 3123 435 3186 retinere
457 3132 665 3205 pertemptet,
691 3122 750 3184 sed
773 3132 942 3203 tamquam
965 3141 1022 3209 sue
1045 3122 1258 3203 professionis
1278 3125 1535 3205 prevaricatores
1558 3125 1663 3190 redire
1687 3128 1730 3190 ad

60 3211 160 3278 locum
185 3214 357 3298 proprium
381 3211 628 3294 compellantur.
674 3212 889 3274 Decernimus
913 3231 1000 3293 erg0,
1025 3221 1060 3273 ut
1083 3211 1161 3274 nulli
1178 3213 1313 3275 omnino
1336 3209 1507 3276 hominum
1531 3213 1634 3292 liceat,
1658 3237 1729 3298 pre·

60 3302 154 3370 fatum
180 3303 417 3367 monasterium
441 3311 566 3365 temere
589 3301 779 3383 perturbare
803 3311 858 3364 aut
882 3301 950 3363 eius
974 3302 1199 3382 possessiones
1224 3301 1348 3365 auferre
1363 3302 1416 3365 vel
1439 3302 1566 3366 ablatas
1583 3306 1729 3383 retinere,

60 3393 198 3458 minuere
229 3413 286 3456 seu
320 3391 520 3474 quibuslibet
541 3391 773 3454 vexationibus
797 3390 943 3472 fatigare,
974 3390 1033 3452 sed
1060 3391 1172 3453 omnia
1203 3392 1330 3473 integra
1353 3402 1586 3456 conserventur
1608 3415 1729 3473 eorum,

60 3502 114 3562 pro
137 3501 279 3566 quorum
301 3481 542 3563 gubernatione
565 3491 598 3544 et
621 3481 858 3565 susteptatione
883 3499 1039 3543 concessa
1061 3491 1145 3556 sunt,
1177 3481 1288 3544 usibus
1322 3482 1522 3545 omnimodis
1552 3484 1730 3565 profutura,

60 3572 141 3635 salva
163 3572 253 3636 sedis
277 3571 460 3655 apostolice
484 3571 678 3633 auctoritate
702 3579 734 3633 et
750 3569 960 3632 Taurinensis
985 3570 1134 3651 episcopi
1158 3571 1317 3633 canonica
1333 3571 1463 3634 iustitia.
1501 3570 1536 3635 Si
1555 3593 1620 3654 qua
1636 3575 1733 3656 igitur

61 3661 254 3725 infuturum
277 3659 498 3747 ecclesiastica
520 3660 715 3722 secularisve
739 3678 888 3741 persona,
920 3658 1014 3720 huius
1037 3669 1148 3746 nostre
1172 3660 1413 3722 constitutionis
1436 3662 1593 3742 paginam
1616 3665 1730 3742 sciens,

60 3763 166 3815 contra
191 3769 266 3814 eam
289 3760 412 3812 temere
434 3749 545 3812 venire
567 3749 784 3830 temptaverit,
817 3748 963 3811 secundo
994 3749 1132 3811 tertiove
1160 3749 1372 3825 commonita,
1403 3750 1464 3813 nisi
1488 3762 1614 3816 reatum
1636 3773 1731 3817 suum

61 3858 197 3923 congrua
227 3838 452 3903 satisfactione
476 3839 662 3913 correxerit,
696 3837 871 3919 potestatis
899 3836 1100 3918 honorisque
1122 3838 1171 3899 sui
1191 3836 1220 3916 b)
1245 3838 1405 3920 dignitate
1436 3850 1546 3903 careat
1576 3863 1731 3925 reamque

60 3948 90 3990 se
111 3931 222 3993 divino
247 3928 369 3991 iudicio
393 3927 534 3990 existere
558 3927 599 3990 de
623 3934 810 4008 perpetrata
834 3927 1005 4006 iniquitate
1029 3936 1216 4008 cognoscat,
1242 3936 1275 3989 et
1303 3948 1323 3989 a
1345 3929 1564 3993 sacratissimo
1592 3953 1731 4014 corpore

61 4037 94 4080 ac
114 4020 273 4102 sanguine
296 4016 349 4078 dei
374 4026 407 4079 et
430 4016 565 4094 domini,
590 4015 809 4098 redemptoris
825 4016 927 4078 nostri
944 4016 1016 4078 lesu
1032 4014 1160 4091 Christi,
1185 4016 1290 4080 aliena
1313 4016 1379 4093 fiat,
1405 4027 1504 4099 atque
1527 4019 1559 4082 in
1582 4031 1731 4085 extremo

61 4111 205 4173 exarrfine
237 4107 382 4192 districte
412 4105 527 4168 ultioni
560 4105 737 4169 subiaceat.
784 4104 1024 4168 Conservantes
1048 4115 1157 4167 autem
1181 4106 1289 4168 eidem
1321 4105 1405 4182 loc0,
1437 4127 1502 4193 que
1529 4130 1589 4172 sua
1611 4121 1695 4188 sunt,
1723 4107 1726 4196 l

62 4197 290 4281 omnipotentis
306 4196 358 4258 dei
375 4205 409 4259 et
423 4194 596 4258 beatorum
613 4193 839 4277 apostolorum
847 4195 957 4258 PETRI
967 4205 1000 4258 et
1012 4195 1121 4258 PAULI
1132 4196 1272 4276 gratiam
1285 4207 1534 4278 consequantur.
1557 4199 1677 4264 Amen.
1687 4235 1731 4248 -

62 4283 172 4352 n—m.
197 4324 242 4336 -
265 4283 343 4348 Am.
365 4319 411 4330 -

266 4375 321 4455 (R)
345 4371 419 4455 Ego
442 4371 608 4456 Eugenius
632 4372 794 4460 catholice
816 4373 954 4460 ecclesie
977 4373 1155 4454 episcopus
1177 4394 1218 4437 ss.
1243 4375 1306 4455 (M)

265 4459 286 4546 †
309 4461 383 4545 Ego
406 4463 648 4527 Theodewinus
671 4473 784 4526 sancte
807 4462 926 4526 Rufine
950 4463 1126 4544 episcopus
1150 4483 1191 4525 ss.

265 4548 287 4635 †
310 4551 384 4635 Ego
407 4551 582 4616 Albericus
605 4553 791 4615 Hostiensis
815 4554 991 4634 episcopus
1013 4572 1054 4614 ss.
1078 4548 1127 4636 (6)

265 4675 310 4688 -
332 4639 353 4725 †
376 4642 450 4724 Ego
474 4641 583 4706 Guido
606 4641 770 4723 presbiter
792 4641 964 4704 cardinalis
987 4641 1036 4704 tit.
1061 4641 1166 4703 sancti
1187 4643 1219 4719 c)
1245 4639 1421 4724 Grisogoni
1438 4638 1446 4726 ll
1461 4663 1502 4706 ss.
1527 4643 1572 4726 (2)

265 4727 287 4814 †
309 4730 383 4814 Ego
407 4731 580 4794 Aribertus
603 4731 766 4812 presbiter
788 4731 961 4794 cardinalis
983 4731 1032 4793 tit.
1057 4740 1171 4793 sancte
1193 4729 1370 4794 Anastasie
1393 4752 1434 4794 ss.
1459 4737 1512 4810 (2)

266 4818 287 4904 †
310 4818 384 4902 Ego
408 4821 506 4884 Iulius
530 4820 692 4902 presbiter
715 4820 888 4883 cardinalis
911 4821 960 4883 tit.
988 4821 1092 4882 sancti
1115 4819 1260 4884 Marcelli
1285 4842 1326 4884 ss.
1351 4823 1404 4900 (1)

266 4907 287 4993 †
310 4909 384 4991 Ego
409 4909 567 4973 Iordanus
590 4910 754 4991 presbiter
776 4909 950 4973 cardinalis
974 4911 1022 4973 tit.
1046 4919 1160 4972 sancte
1183 4909 1330 4998 Susanne
1354 4930 1395 4973 ss.

266 5033 310 5044 -
333 4997 353 5080 †
378 4998 450 5081 Ego
476 4999 577 5063 Oddo
601 4998 758 5062 diaconus
783 4999 956 5063 cardinalis
979 4999 1083 5062 sancti
1108 4999 1241 5082 Georgii
1266 5000 1308 5062 ad
1331 4999 1451 5062 Velum
1475 5019 1607 5062 aureum
1631 5019 1672 5062 ss.

266 5085 287 5171 †
310 5087 384 5171 Ego
409 5087 610 5152 Octavianus
634 5089 792 5152 diaconus
813 5087 985 5152 cardinalis
1009 5089 1112 5152 sancti
1136 5088 1290 5152 Nicholai
1314 5089 1347 5151 in
1371 5109 1500 5152 carcere
1523 5107 1564 5151 ss.

266 5174 287 5260 †
310 5175 384 5259 Ego
409 5178 586 5260 Gregorius
610 5177 768 5242 diaconus
792 5178 965 5241 cardinalis
988 5179 1092 5241 sancti
1117 5176 1239 5261 Angeli
1263 5199 1305 5241 ss.

266 5262 287 5348 †
310 5261 384 5348 Ego
408 5266 518 5331 Guido
543 5266 701 5330 diaconus
725 5267 899 5332 cardinalis
922 5277 1035 5330 sancte
1059 5268 1161 5330 Marie
1185 5269 1217 5330 in
1241 5265 1382 5331 Porticu.
1407 5269 1459 5348 (5)

212 5351 289 5418 Dat.
304 5355 443 5431 Viterbi,
467 5375 528 5437 per
550 5375 683 5418 manum
699 5358 869 5432 ROBERTI,
894 5368 1006 5444 sancte
1029 5357 1180 5444 Romanq
1203 5357 1340 5444 qcclesie
1362 5357 1534 5440 presbiteri
1559 5355 1732 5420 cardinalis

66 5449 93 5502 et
111 5444 302 5508 cancellarii.
340 5457 366 5508 x
387 5443 442 5508 Kl.
466 5444 588 5508 Octob.
626 5444 810 5510 indictione
833 5460 866 5508 x.
904 5445 1139 5509 lncarnationis
1164 5446 1328 5535 dominice
1352 5467 1440 5510 anno
1464 5456 1609 5510 MCXLVI.
1648 5445 1731 5509 Pon·

66 5529 194 5598 tificatus
217 5553 296 5597 vero
321 5534 435 5598 domni
458 5533 613 5598 EUGENII
637 5549 674 5595 111
697 5533 756 5600 ΡΡ.
780 5556 868 5599 anno
893 5534 1049 5599 secundo
1078 5569 1111 5580 -

211 5675 238 5736 a)
256 5641 439 5736 pamfili-die
456 5642 531 5724 hehe
545 5674 666 5740 gehender
682 5676 769 5726 Rasur
940 5675 969 5744 b)
985 5675 993 5724 i
1011 5671 1127 5742 kemgirt
1148 5692 1196 5726 aus
1213 5691 1228 5725 a
1371 5679 1396 5742 c)
1414 5676 1423 5725 i
1442 5691 1488 5725 ares
1506 5692 1520 5726 e
1539 5676 1661 5743 komght.
1679 5717 1696 5724 ..

67 5739 95 5804 d)
113 5743 154 5794 Or.
178 5759 233 5792 vom
251 5743 287 5794 28
304 5742 374 5794 Febr.
392 5747 468 5806 1144,
487 5745 521 5795 im
539 5745 612 5797 Arca
631 5747 659 5796 di
674 5747 742 5797 State
759 5763 789 5796 ru
811 5745 899 5809 l'rerin,
918 5749 993 5814 vergl.
1012 5748 1075 5798 auch
1090 5747 1206 5810 Qrehrtini,
1228 5748 1350 5800 Osservat.
1368 5749 1432 5797 nella
1448 5745 1624 5801 Stom‘a.1139.
