4090 6358
1081 484 1147 564 Nr.
1178 489 1239 563 37.

325 621 489 686 Honorius
505 619 549 684 II
560 618 707 703 bestdtz'gt
727 619 800 683 dem
817 619 967 701 Bischoso
982 621 1079 685 Peter
1091 643 1151 686 von
1168 620 1275 688 Nr'osa
1301 622 1355 686 die
1371 620 1614 686 Besitzthn'mor
1626 623 1730 686 seinos
1745 614 1949 704 Hochstistes
1967 618 1998 705 ¹).

940 758 1025 819 1129
1040 755 1142 840 April
1153 761 1202 821 19.
1234 757 1384 822 Lateran.

483 887 650 951 Honorius
681 890 874 972 episcopus,
912 910 1024 953 servus
1060 911 1229 956 servorum
1261 892 1328 968 dei,
1363 891 1544 956 venerabili
1584 890 1672 955 fratri
1704 891 1818 967 Petro,
1858 887 1999 952 Niciensi

325 979 494 1062 episcopo,
518 978 653 1060 eiusque
677 979 920 1042 successoribus
944 983 1102 1043 canonice
1125 982 1368 1065 promovendis,
1390 981 1421 1044 in
1445 1002 1537 1064 ppm.
1583 982 1618 1044 ln
1647 979 1797 1043 eminenti
1819 979 2000 1063 apostolice

324 1069 412 1131 sedis
435 1066 577 1149 specula,
609 1067 805 1150 disponente
828 1067 974 1145 domino,
998 1072 1175 1147 constituti,
1207 1090 1249 1133 ex
1279 1071 1423 1134 iniuncto
1455 1070 1550 1133 nobis
1582 1068 1691 1132 officio
1722 1068 1836 1132 fratres
1869 1076 2000 1132 nostros

325 1158 502 1240 episcopos
525 1154 662 1238 diligere
686 1165 719 1220 et
735 1156 886 1235 ecclesiis,
909 1157 969 1221 sibi
985 1180 1004 1222 a
1020 1159 1085 1222 deo
1108 1161 1301 1236 commissis,
1324 1179 1416 1223 suam
1441 1159 1601 1223 debemus
1623 1159 1779 1222 iusticiam
1796 1177 1999 1222 conservare.

323 1246 472 1323 Proinde,
497 1243 665 1310 karissime
688 1247 720 1310 in
743 1248 881 1310 domino
905 1247 1004 1312 irater
1027 1249 1130 1325 Petre,
1154 1251 1312 1332 episcope
1334 1249 1492 1312 Niciensis
1520 1247 1666 1324 ecclesie,
1697 1249 1787 1310 cuius
1811 1247 1870 1311 tibi
1892 1267 1913 1311 a
1935 1246 1999 1310 deo

324 1355 400 1399 cura
423 1336 600 1400 commissa
622 1343 680 1411 est,
703 1335 875 1400 salubriter
898 1337 1115 1419 providentes,
1139 1342 1320 1415 statuimus,
1344 1347 1388 1416 ut,
1420 1357 1633 1419 quascunque
1656 1339 1893 1420 possessiones,
1924 1355 2000 1420 que-

324 1445 464 1509 cumque
495 1425 584 1488 bona
617 1425 733 1489 eadem
764 1424 903 1490 ecclesia
926 1428 958 1490 in
989 1427 1223 1511 presentiarum
1256 1431 1340 1491 iuste
1371 1434 1405 1492 et
1435 1428 1589 1491 canonice
1622 1427 1784 1510 possidet,
1816 1425 1910 1490 firma
1941 1427 1999 1489 tibi

322 1517 453 1595 tuisque
476 1515 719 1578 successoribus
743 1523 776 1579 et
798 1515 921 1579 illibata
944 1526 1167 1599 permaneant.
1214 1516 1250 1579 ln
1276 1517 1394 1598 quibus
1410 1515 1471 1581 hec
1488 1518 1630 1600 propriis
1646 1515 1830 1579 nominibus
1846 1517 1999 1578 duximus

324 1606 557 1687 exprimenda:
597 1602 768 1667 ecclesiam
798 1605 951 1669 videlicet
980 1615 1092 1670 sancte
1123 1607 1225 1670 Marie
1258 1609 1299 1670 de
1328 1605 1469 1682 Clancia,
1500 1607 1672 1670 ecclesiam
1703 1605 1805 1668 sancti
1834 1605 1999 1668 Laurentii

323 1695 366 1757 de
397 1693 531 1770 Illontia,
563 1693 733 1758 ecclesiam
763 1704 876 1758 sancte
906 1695 1010 1759 Marie
1041 1697 1084 1759 de
1115 1696 1212 1773 Pilia,
1242 1695 1413 1759 ecclesiam
1445 1704 1558 1758 sancte
1587 1694 1702 1770 Tecle,
1735 1702 1876 1758 castrum
1911 1694 1998 1777 quod

322 1792 459 1848 vocatur
482 1783 664 1867 Drappum,
689 1783 861 1846 ecclesiam
884 1793 996 1848 sancte
1020 1784 1123 1848 Marie
1145 1785 1229 1848 Ville
1252 1787 1380 1861 veteris,
1411 1785 1644 1848 monasterium
1669 1785 1771 1846 sancti
1794 1783 1902 1846 Pontii
1926 1803 1997 1846 cum

324 1872 467 1938 ecclesiis
483 1873 525 1935 ad
543 1875 649 1954 ipsum
667 1873 912 1955 pertinentibus,
930 1895 1010 1955 quas
1026 1877 1058 1937 in
1070 1874 1214 1938 Niciensi
1231 1877 1423 1958 episcopatu
1437 1874 1581 1956 legitime
1594 1874 1765 1957 possidere
1780 1873 1997 1956 cognoscitur.

324 1959 528 2045 Quocunque
552 1971 702 2045 preterea
717 1962 748 2024 in
764 1963 915 2039 futurum,
938 1962 1093 2046 largiente
1114 1964 1187 2040 deo,
1212 1966 1424 2028 concessione
1441 1963 1641 2047 pontificum,
1665 1961 1860 2026 liberalitate
1876 1983 1998 2044 regum,

322 2053 496 2135 largitione
520 2051 713 2134 principum,
737 2049 902 2116 oblatione
926 2051 1070 2116 fidelium
1094 2073 1151 2116 seu
1175 2053 1246 2116 aliis
1270 2056 1379 2117 modis
1401 2055 1485 2116 iuste
1502 2061 1535 2116 et
1555 2053 1700 2135 legitime
1716 2052 1838 2134 poterit
1852 2053 1998 2135 adipisci,

322 2142 415 2205 firma
430 2141 489 2204 tibi
505 2141 634 2221 tuisque
657 2141 901 2205 successoribus
924 2142 986 2224 (et)
1004 2145 1114 2223 quieta
1138 2145 1322 2225 persistant.
1354 2144 1568 2206 Decernimus
1592 2162 1681 2224 ergo,
1706 2150 1741 2204 ut
1764 2141 1841 2204 nulli
1866 2141 1998 2204 omnino

321 2230 488 2294 hominum
519 2230 632 2305 liceat,
664 2232 802 2294 eandem
834 2230 1003 2294 ecclesiam
1035 2241 1159 2295 temere
1192 2233 1385 2315 perturbare
1414 2242 1470 2296 aut
1508 2235 1576 2294 eius
1608 2232 1833 2314 possessiones
1864 2229 1998 2304 auferre,

321 2320 449 2383 ablatas
480 2322 627 2395 retinere,
661 2319 804 2382 minuere
827 2319 878 2383 vel
908 2323 1089 2384 temerariis
1112 2322 1345 2385 vexationibus
1376 2322 1520 2404 fatigare,
1552 2322 1611 2383 sed
1642 2323 1752 2384 omnia
1773 2319 1901 2403 integra
1925 2339 1997 2382 con-

321 2419 491 2474 serventur
520 2417 587 2471 tam
620 2409 696 2484 tuiS,
731 2430 829 2491 quam
861 2431 1041 2493 pauperum
1075 2411 1186 2474 usibus
1218 2412 1415 2475 omnimodis
1447 2410 1625 2494 profutura.
1680 2407 1715 2472 Si
1747 2428 1812 2489 qua
1841 2409 1941 2491 igitur
1969 2408 1997 2470 in

322 2507 489 2583 posterum
519 2498 737 2562 ecclesiastica
766 2497 959 2562 secularisve
992 2520 1141 2582 persona,
1172 2499 1257 2564 hanc
1288 2511 1400 2564 nostre
1424 2499 1665 2563 constitutionis
1699 2501 1853 2582 paginam
1887 2498 1997 2572 sciens,

322 2598 436 2652 contra
460 2591 559 2668 (eam)
584 2597 708 2651 temere
724 2589 833 2651 venire
856 2588 1072 2672 temptaverit,
1097 2590 1241 2653 secundo
1257 2592 1398 2653 tertiove
1415 2589 1624 2665 commonita,
1647 2589 1674 2650 si
1690 2609 1756 2652 non
1778 2587 1998 2650 satisfactione

322 2699 465 2761 congrua
497 2678 735 2752 emendaverit,
773 2678 944 2759 potestatis
975 2677 1175 2761 honorisque
1211 2681 1259 2743 sui
1292 2679 1450 2762 dignitate
1483 2687 1592 2742 careat
1621 2696 1777 2758 reamque
1816 2696 1852 2738 se
1891 2677 1996 2739 divino

322 2769 440 2831 iudicio
463 2767 603 2831 existere
626 2768 669 2829 de
693 2775 882 2849 perpetrata
904 2768 1075 2848 iniquitate
1098 2776 1284 2850 cognoscat,
1309 2778 1376 2831 eta
1393 2769 1611 2832 sacratissimo
1633 2786 1772 2849 corpore
1788 2785 1827 2828 ac
1843 2767 1996 2848 sanguine

322 2859 374 2920 dei
406 2865 438 2919 et
462 2857 597 2930 domini,
627 2855 844 2938 redemptoris
875 2859 975 2920 nostri
999 2859 1071 2920 Iesu
1096 2856 1223 2932 Christi,
1255 2858 1358 2922 aliena
1386 2857 1443 2921 fiat
1476 2867 1574 2938 atque
1607 2857 1638 2919 in
1667 2865 1817 2920 extremo
1849 2855 1996 2917 examine

321 2947 470 3010 districte
494 2944 607 3008 ultioni
639 2945 817 3008 subiaceat.
864 2944 995 3009 Cunctis
1026 2955 1146 3022 autem,
1178 2946 1304 3029 prefate
1335 2946 1471 3011 ecclesie
1504 2950 1588 3010 iusta
1617 2945 1830 3020 servantibus,
1861 2945 1902 3006 sit
1933 2963 1996 3027 pax

321 3036 444 3098 domini
469 3036 570 3098 nostri
595 3033 667 3097 lesu
691 3033 818 3110 Christi,
849 3034 1032 3116 quathenus
1057 3034 1165 3099 ethic
1188 3035 1328 3099 fructum
1353 3036 1440 3100 bone
1464 3037 1599 3101 actionis
1630 3036 1814 3118 percipiant
1846 3043 1880 3097 et
1911 3032 1995 3115 apud

322 3125 501 3189 districtum
526 3124 665 3186 iudicem
691 3125 816 3206 premia
840 3132 952 3188 eterne
976 3127 1066 3208 pacis
1089 3126 1262 3189 inveniant.
1309 3124 1430 3189 Amen.
1453 3128 1573 3191 Arnen.
1598 3123 1719 3188 Amen.

534 3211 590 3294 (R)
614 3211 688 3295 Ego
713 3215 879 3276 Honorius
903 3214 1064 3278 catholice
1088 3215 1224 3280 ecclesie
1248 3217 1425 3298 episcopus
1449 3237 1491 3280 ss.
1516 3217 1581 3300 (Μ)

535 3299 555 3382 †
578 3303 651 3384 Ego
675 3302 814 3365 Ioannes
838 3300 999 3366 Ostiensis
1023 3305 1201 3387 episcopus
1224 3325 1265 3366 ss.

535 3389 554 3474 †
577 3392 651 3472 Ego
675 3391 847 3455 Conradus
871 3389 1055 3456 Savinensis
1080 3395 1257 3476 episcopus
1280 3415 1321 3457 ss.

534 3477 650 3562 †Ego
675 3479 745 3543 GG.
770 3480 970 3564 (Gregorius)
959 3481 1158 3565 )presbiter
1181 3483 1352 3547 cardinalis
1375 3485 1422 3545 tit.
1446 3479 1687 3565 Apostolorum
1711 3501 1752 3545 ss.

534 3567 554 3651 †
578 3568 650 3650 Ego
675 3569 859 3633 Deusdedit
881 3571 1051 3634 cardinalis
1073 3572 1156 3634 tituli
1179 3575 1283 3636 sancti
1306 3573 1473 3635 Laurentii
1497 3593 1538 3634 ss

534 3656 554 3740 †
578 3657 650 3739 Ego
673 3656 818 3722 Ubertus
842 3660 1005 3742 presbiter
1028 3660 1196 3724 cardinalis
1220 3664 1267 3725 tit.
1291 3664 1395 3725 sancti
1420 3659 1596 3725 Clementis
1619 3681 1659 3722 ss.

534 3745 554 3829 †
578 3747 651 3829 Ego
676 3747 854 3830 Gregorius
878 3749 1033 3813 diaconus
1056 3751 1230 3814 cardinalis
1253 3760 1440 3814 sanctorum
1464 3748 1571 3833 Sergii
1595 3758 1629 3812 et
1651 3748 1753 3812 Bachi
1777 3766 1818 3810 ss

481 3835 556 3898 Dat.
579 3835 742 3913 Laterani,
767 3859 827 3921 per
850 3859 980 3902 manum
1005 3838 1169 3916 Aimerici,
1199 3849 1311 3904 sancte
1335 3841 1482 3903 Romane
1507 3840 1644 3903 ecclesie
1669 3837 1799 3901 diaconi
1823 3829 1994 3899 cardinalis

321 3929 354 3983 et
385 3923 574 3987 cancellarii.
615 3941 678 3990 xnl
701 3886 755 3989 Kl.
780 3927 865 3991 Maii.
911 3927 1090 3991 indictione
1121 3942 1179 3994 vll.
1233 3930 1467 3992 Incarnationis
1498 3929 1662 3991 dominice
1694 3947 1779 3990 anno
1811 3933 1993 3986 Mcxxvnn.

322 4011 533 4076 Pontificatus
556 4023 665 4078 autem
690 4015 803 4078 domni
826 4016 964 4079 Honorii
987 4018 1121 4081 secundi
1145 4019 1203 4082 ΡΡ.
1227 4040 1313 4082 anno
1337 4031 1368 4080 v.

479 4129 604 4194 Abschn'st
621 4147 675 4179 nom
698 4134 728 4179 17
751 4131 844 4195 Jalrlr.
861 4132 901 4180 des
919 4132 991 4180 Liber
1008 4133 1089 4197 Niger
1101 4141 1128 4196 p.
1147 4135 1188 4193 68,
1208 4134 1233 4182 in
1254 4133 1407 4183 anarbesin
1423 4150 1453 4182 ou
1471 4133 1552 4183 Mssa.

481 4202 543 4249 Rolo
561 4202 602 4250 Nr
622 4206 635 4251 1
655 4204 710 4252 und
722 4202 892 4267 Monogromm
911 4203 952 4252 Nr
969 4205 1000 4253 2¹³
1019 4206 1076 4253 sind
1091 4205 1258 4269 bergezeiclnet.

1077 4489 1144 4565 Nr.
1176 4495 1237 4566 38.

322 4616 477 4682 Innocens
494 4619 538 4682 ΙΙ
557 4617 706 4700 bestdtr'gt
727 4617 799 4682 dem
825 4619 961 4704 Kapitol
983 4643 1043 4686 von
1067 4621 1100 4687 S.
1122 4623 1261 4706 Georgio
1280 4623 1320 4687 di
1335 4623 1449 4687 Prada
1476 4622 1530 4686 die
1551 4621 1730 4687 demselben
1751 4639 1823 4684 nom
1849 4612 1993 4695 Br'schosr

762 4708 914 4773 Bernord
925 4732 986 4775 oon
1011 4711 1132 4776 Verona
1148 4712 1360 4777 ribenor‘rsene
1379 4712 1505 4777 Gewalt
1519 4713 1556 4794 ¹).

926 4830 1013 4890 1132
1028 4828 1116 4903 Juni
1130 4831 1181 4891 30.
1221 4827 1389 4893 Piaccnza

481 4944 687 5006 Innocentius
711 4943 895 5026 episcopus
925 4965 1037 5008 servus
1069 4964 1237 5008 servorum
1268 4944 1330 5020 dei,
1362 4944 1484 5008 dilecto
1518 4944 1583 5007 lilio
1607 4943 1793 5024 Peregrino,
1825 4940 1990 5038 preposito

322 5033 461 5119 ecclesie
483 5033 586 5094 sancti
611 5029 744 5114 Georgii
769 5035 923 5111 martiris,
955 5053 1020 5121 quq
1051 5035 1082 5096 in
1114 5033 1205 5109 loco,
1236 5033 1291 5097 ubi
1323 5034 1442 5097 dicitur
1473 5035 1608 5108 Braida,
1641 5032 1701 5095 sita
1730 5038 1788 5108 est,
1821 5039 1854 5092 et
1884 5025 1991 5093 ceten's

322 5122 511 5186 iratribus
503 5143 534 5184 rn
565 5121 682 5184 eadem
714 5121 852 5185 ecclesia
876 5125 1068 5186 canonicam
1091 5123 1190 5186 vitam
1222 5123 1394 5205 professis,
1426 5131 1493 5187 tam
1523 5120 1727 5205 presentibus
1756 5140 1853 5200 quam
1884 5114 1991 5181 iutun‘s

321 5225 359 5274 ΙΝ
382 5224 460 5274 ΡΡΜ.
493 5208 601 5274 Officii
635 5211 735 5274 nostri
766 5232 827 5274 nos
859 5221 983 5276 ortatur
1014 5213 1190 5275 auctoritas
1222 5220 1283 5275 etc
1337 5213 1439 5276 Porro
1471 5233 1602 5276 omnem
1644 5217 1860 5293 potestatem,
1900 5221 1989 5288 quam

320 5300 515 5364 venerabilis
539 5299 639 5362 frater
662 5309 780 5374 noster,
812 5302 998 5364 Bernardus
1022 5303 1198 5384 episcopus
1215 5299 1283 5382 ⁸¹),
1276 5321 1308 5363 rn
1331 5301 1448 5364 eadem
1472 5301 1619 5365 habebat
1643 5299 1791 5374 ecclesia,
1820 5298 1917 5361 vobis
1941 5310 1990 5378 per

320 5391 433 5473 scripti
456 5391 505 5452 sui
530 5389 681 5473 paginam
706 5388 888 5466 refutatam,
913 5410 1044 5454 omnem
1069 5389 1166 5453 etiarn
1190 5389 1383 5466 libertatem,
1405 5390 1500 5455 vobis
1520 5392 1640 5454 eodem
1657 5390 1781 5471 scripto
1798 5401 1989 5453 concessam.

485 5587 509 5652 1)
528 5585 576 5634 Die
593 5583 719 5648 Absclm'st
736 5583 810 5632 dieser
831 5583 891 5632 ort.
908 5583 1029 5634 verdonke
1048 5583 1085 5634 ich
1109 5583 1194 5634 Herm
1214 5585 1300 5634 Pastor
1316 5585 1431 5636 Moder
1450 5586 1476 5636 in
1494 5585 1576 5638 Nona.
1668 5583 1695 5646 al
1714 5583 1762 5631 Die
1779 5581 1906 5648 Absclrrist
1927 5581 1990 5631 dieser

325 5657 442 5707 Urknnde
467 5658 589 5707 verdonke
620 5657 658 5706 ich
689 5655 768 5704 durch
799 5654 971 5722 Vermittelung
1000 5657 1041 5704 des
1067 5655 1151 5706 Herm
1188 5657 1283 5720 Grafen
1315 5657 1341 5706 C.
1371 5658 1462 5722 Cipolla
1490 5660 1541 5708 dem
1569 5657 1653 5708 Hm
1686 5655 1709 5702 V
1709 5653 1897 5704 itcbr'blt‘olltekar
1924 5653 1990 5703 nero

320 5729 497 5794 Sgulniero
514 5745 544 5778 m
571 5729 670 5778 Verona.
743 5729 770 5792 3)
791 5727 911 5787 erord,
931 5727 1035 5791 Bisclrof
1046 5743 1094 5776 von
1112 5728 1210 5788 Verona,
1233 5729 1413 5779 1123-1135.
