4142 6366
338 339 402 413 284

336 523 484 606 qualibet
507 523 637 604 eligere.
682 522 817 585 Festum
841 529 950 585 autem
973 523 1073 586 beate
1086 521 1189 586 Lucie
1212 531 1246 586 et
1269 520 1345 585 alias
1369 519 1574 597 festivitates,
1598 541 1679 605 quas
1696 523 1878 604 supradicti
1904 523 2022 586 fratres

335 613 496 695 speciales
519 611 650 686 habent,
674 610 873 674 sollemniter
896 611 1062 675 celebrare
1086 612 1268 674 nullatenus
1291 611 1503 694 attemptetis,
1532 631 1606 674 eum
1630 612 1663 674 id
1688 611 1797 693 potius
1821 631 1866 675 ex
1889 613 2020 688 invidia,

336 699 462 786 qua(m)
479 721 518 763 ea
534 702 714 764 devotione
730 701 838 763 facere
854 701 1024 776 videmini;
1048 701 1156 763 scituri
1181 723 1242 783 pro
1266 709 1366 774 certo,
1391 722 1450 763 nos
1474 700 1652 763 venerabili
1677 700 1768 763 fratri
1794 711 1920 772 nostro,
1947 701 2022 764 Flo-

334 793 461 854 rentino
485 791 654 872 episcop0,
678 791 709 852 in
734 790 898 852 mandatis
922 791 1062 864 dedisse,
1093 792 1193 872 quod,
1216 792 1242 852 si
1266 800 1460 873 preceptum
1483 799 1631 852 nostrum
1654 789 1684 851 in
1708 789 1759 852 his
1782 789 1946 875 exequi(.)
1975 791 2021 853 di·

333 881 497 954 stuleritis,
521 899 581 942 vos
595 879 638 941 ad
655 875 754 963 hec(?)
771 880 967 958 exequenda
991 879 1074 942 infra
1089 895 1164 942 xxx
1180 881 1250 942 dies
1268 888 1344 961 post
1360 881 1539 943 litterarum
1556 881 1798 961 susceptionem
1822 887 2019 956 nostrarum,

333 969 465 1033 sublato
490 966 718 1050 appellationis
742 969 899 1044 remedio,
923 971 1117 1033 auctoritate
1140 976 1250 1032 nostra
1273 977 1307 1031 et
1322 989 1380 1031 sua
1397 971 1486 1032 omni
1504 989 1577 1031 cum
1594 968 1803 1032 distinctione
1820 969 2018 1050 compellat;

334 1067 367 1122 et
399 1079 459 1122 nos
491 1059 589 1121 etiam
623 1057 709 1133 alias,
740 1059 766 1119 si
790 1059 912 1121 exinde
934 1059 977 1120 ad
1001 1079 1059 1121 nos
1076 1060 1235 1122 intentata
1255 1057 1283 1144 ³)
1307 1058 1440 1139 querela
1456 1059 1649 1141 pervenerit,
1672 1059 1713 1123 ad
1731 1061 2017 1142 presumptionem

333 1146 731 1299 vestralprlcpvprigendam
770 1143 942 1232 manum(.)
973 1145 1157 1234 nostram(?)
1188 1168 1357 1231 apponere
1393 1147 1640 1231 compellemur.
1666 1185 1706 1194 -
1731 1149 1808 1212 Dat.
1832 1147 2017 1224 Tusculani,

333 1251 409 1302 VIIII
467 1258 507 1300 a.
568 1257 586 1300 a
613 1257 642 1298 ll.

492 1351 695 1416 Kopiclurlruude
712 1365 767 1400 ucri
785 1350 857 1400 Eride
874 1352 915 1400 des
938 1355 968 1400 12
991 1353 1085 1417 Jalula
1105 1351 1242 1416 (Bonisaeic
1263 1354 1350 1420 1176),
1370 1351 1403 1402 im
1421 1351 1535 1402 Arclcr'urir
1555 1352 1583 1401 di
1600 1352 1667 1402 Stare
1685 1369 1714 1401 cu
1733 1351 1840 1402 Florm

1078 1638 1144 1712 Nr.
1175 1641 1264 1713 310.

329 1770 517 1834 Alexander
531 1769 596 1833 III
613 1769 755 1832 schreibt
774 1770 848 1834 dem
864 1770 1077 1855 Domkapc'tel
1099 1793 1160 1834 von
1186 1770 1329 1850 Vercelli,
1351 1791 1385 1834 es
1409 1769 1548 1834 brauclee
1570 1791 1613 1833 arc
1630 1771 1733 1834 Lac'en
1756 1771 1849 1834 keine
1873 1769 2014 1834 Zelmten

433 1881 493 1924 von
509 1859 616 1922 seiueu
632 1858 783 1922 Arbeiten
799 1881 836 1923 uu
852 1861 1030 1924 eutriclcten
1045 1862 1119 1924 und
1131 1862 1281 1944 bestettcgt
1296 1861 1364 1924 ilem
1381 1861 1433 1923 ein
1449 1858 1558 1923 Statue
1571 1860 1650 1923 iiber
1664 1860 1853 1924 Prdbercden
1874 1863 1911 1937 ¹).

860 1978 1072 2040 1171-1181
1088 1976 1191 2061 April
1203 1979 1259 2041 27.
1300 1975 1478 2040 Tusculum.

488 2107 717 2172 ALEXANDER
748 2112 935 2194 episcopus,
968 2131 1080 2174 servus
1112 2131 1279 2175 servorum
1312 2109 1372 2185 dei,
1405 2109 1532 2173 dilectis
1564 2108 1638 2173 filiis
1663 2160 1669 2174 .
1694 2159 1700 2171 .
1724 2109 1958 2174 archidiacono
1982 2119 2011 2174 et

328 2195 508 2282 cainonicis
540 2196 756 2262 Vercellensis
788 2199 936 2278 ecclesie,
975 2199 1112 2264 salutem
1152 2209 1186 2265 et
1214 2200 1432 2283 apostolicam
1473 2199 1749 2263 benedictionem.
1805 2199 1890 2264 Cum
1923 2201 1965 2262 sit
1993 2221 2011 2263 a

327 2297 515 2352 sanctorum
540 2295 669 2370 patrum
695 2285 963 2373 instituitionibus
996 2291 1135 2353 alienum
1168 2300 1201 2354 et
1233 2293 1321 2354 omni
1350 2290 1467 2352 rationi
1492 2290 1699 2362 contrarium,
1731 2297 1768 2351 ut
1799 2289 2009 2353 ecclesiastici

326 2380 386 2440 viri
409 2376 499 2439 laicis
523 2378 668 2439 decimas
692 2377 818 2441 solvant
838 2378 875 2465 b),
898 2380 995 2443 vobis
1017 2380 1168 2442 volumus
1190 2399 1290 2461 super
1313 2376 1377 2442 hoc
1401 2398 1462 2459 pro
1485 2379 1588 2441 nostri
1613 2377 1711 2441 officii
1737 2378 1852 2442 debito
1876 2388 2009 2461 paterna

325 2466 541 2530 sollieitudine
564 2467 747 2548 providere.
795 2467 991 2551 Eapropter,
1023 2469 1132 2532 dilecti
1155 2471 1188 2532 in
1217 2469 1352 2532 domino
1376 2466 1439 2542 filii,
1469 2469 1586 2531 vestris
1617 2469 1709 2531 iustis
1733 2467 2008 2550 postulationibus

324 2564 512 2630 annuentes,
537 2557 743 2637 presentibus
759 2558 853 2621 vobis
869 2557 985 2622 litteris
1000 2558 1215 2639 indulgemus,
1241 2567 1276 2620 ut
1296 2558 1339 2620 de
1355 2557 1524 2621 laboribus
1538 2557 1654 2620 vestris
1670 2556 1747 2621 nulli
1763 2556 1848 2620 laico
1866 2557 2008 2620 decimas

325 2644 502 2726 aliquando
527 2645 723 2727 persolvatis
748 2654 781 2709 et
804 2647 865 2711 sub
889 2649 1154 2711 interminatione
1177 2647 1394 2710 anathematis
1426 2647 1661 2721 interdicimus,
1692 2667 1734 2709 ne
1765 2647 1836 2728 quis
1868 2646 2008 2710 laicusa

325 2735 420 2797 vobis
445 2735 589 2798 decimas
613 2742 813 2815 extorquere
837 2745 1013 2818 presumat.
1060 2735 1116 2799 Ad
1140 2736 1212 2812 hec,
1235 2737 1310 2816 quia
1334 2737 1446 2810 dicitis,
1470 2755 1530 2798 vos
1547 2737 1707 2810 statuisse,
1732 2744 1768 2798 ut
1783 2735 1898 2799 fratres
1914 2737 2007 2799 vestri

327 2824 371 2887 nil
395 2825 437 2886 de
460 2823 630 2906 prebenda
651 2825 790 2888 ecclesie
805 2835 913 2888 vestre
930 2822 1146 2910 percipialntl,
1172 2827 1279 2889 donec
1295 2833 1406 2908 preter
1421 2825 1583 2889 licentiam
1600 2833 1633 2887 et
1648 2825 1852 2888 voluntatem
1879 2825 2007 2908 capituli

328 2913 475 2977 eiusdem
500 2911 635 2976 ecclesie
658 2915 728 2976 aliis
759 2915 903 2978 ecclesiis
936 2915 1155 2990 deservierint,
1189 2935 1248 2978 nos
1280 2923 1437 2978 statutum
1462 2924 1606 2978 vestrum
1642 2924 1747 2978 ratum
1771 2913 1941 2990 habentes,
1967 2915 2005 2977 ad

328 3005 522 3085 petitionem
545 3012 688 3066 vestram
721 3007 916 3068 auctoritate
949 3004 1134 3085 apostolica
1165 3004 1396 3069 confirmamus
1427 3012 1460 3067 et
1490 3007 1652 3086 presentis
1684 3007 1796 3086 scripti
1828 3006 2004 3086 patrocinio

328 3091 576 3155 communimus.
623 3090 820 3168 Statuentes,
852 3101 888 3157 ut
911 3093 989 3156 nulli
1014 3095 1147 3156 omnino
1171 3093 1340 3157 hominum
1374 3093 1477 3169 liceat,
1508 3093 1592 3156 hanc
1620 3095 1774 3176 paginam
1800 3103 1913 3157 nostre
1935 3113 2005 3157 con-

328 3181 520 3244 firmationis
540 3180 567 3268 c)
590 3182 766 3262 infringere
788 3183 840 3245 vel
864 3185 894 3247 ei
918 3203 997 3246 ausu
1021 3186 1195 3246 temerario
1225 3184 1397 3246 contraire.
1443 3181 1478 3246 Si
1511 3185 1583 3266 quis
1614 3191 1723 3246 autem
1755 3182 1821 3245 hoc
1851 3191 2004 3246 attentare

330 3267 589 3357 presumplserit,
621 3271 877 3352 indignationem
903 3272 1137 3354 omnipotentis
1162 3275 1215 3336 dei
1240 3282 1273 3336 et
1295 3273 1468 3336 beatorum
1492 3273 1579 3336 Petri
1604 3281 1637 3335 et
1659 3271 1760 3349 Pauli,
1784 3274 2003 3355 apostolorum

330 3361 406 3436 cius,
430 3379 465 3423 se
488 3362 614 3424 noverit
637 3362 849 3425 incursurum.
872 3399 915 3408 —
936 3359 942 3446 Ι
961 3361 1039 3424 Dat.
1062 3361 1247 3439 Tusculani,
1269 3377 1295 3426 v
1309 3361 1382 3426 Kal.
1407 3363 1495 3425 Maii.

495 3475 538 3528 Or.
557 3476 591 3524 im
609 3475 724 3525 Arctivr'e
745 3476 879 3540 Capitclarc
897 3493 926 3526 eu
949 3476 1055 3527 Vercelli.

492 3547 561 3612 Perg.
578 3547 639 3610 ital,
659 3547 696 3596 lr.
715 3549 782 3609 0,15,
802 3549 865 3614 long
881 3551 950 3610 0,15,
969 3557 1045 3598 untm
1063 3549 1140 3608 0,οῧ
1159 3550 1349 3614 umgesclclagerr,
1369 3549 1446 3598 durrlc
1466 3549 1523 3598 uwel
1539 3548 1633 3598 Llclrer
1652 3550 1710 3614 gelet
1733 3549 1771 3598 die
1795 3563 1851 3597 rosa
1879 3549 1934 3598 send
1949 3546 2004 3611 gele

330 3619 514 3679 Seiderurlcuur,
533 3635 567 3668 an
585 3620 629 3670 der
646 3619 690 3668 das
709 3619 833 3686 Bler'sr'egel
848 3622 931 3687 hange.
970 3621 1082 3685 Falturrg
1097 3621 1141 3668 der
1157 3621 1260 3670 Breuni.

1080 3905 1147 3982 Nr.
1175 3911 1264 3982 311.

332 4037 519 4103 Alexander
532 4037 599 4102 III
617 4038 770 4121 besrctigt
789 4037 863 4103 dem
889 4036 1020 4104 Kloster
1034 4039 1133 4105 Sarte
1151 4038 1290 4120 Stefana
1305 4039 1344 4104 dl
1361 4037 1491 4102 Genava
1506 4037 1567 4102 deu
1584 4037 1693 4102 Besite
1714 4037 1820 4102 seines
1835 4037 2004 4123 Hospilels.

869 4158 1080 4219 1171-1181
1096 4154 1198 4239 April
1208 4157 1262 4219 30.
1302 4153 1479 4218 Tusculum.

494 4286 687 4353 Alexander
710 4291 896 4372 episcopus,
927 4309 1040 4352 servus
1062 4311 1232 4354 servorum
1255 4291 1319 4366 dei,
1350 4287 1477 4352 dilectis
1502 4287 1604 4350 filiis.
1629 4337 1635 4350 .
1660 4286 1774 4350 abbati
1806 4296 1840 4350 ct
1863 4287 2005 4352 iratribus

334 4380 523 4442 monasterii
560 4381 664 4442 sancti
696 4377 855 4462 Stephani
887 4381 1061 4454 lanuensiS,
1098 4379 1236 4444 salutem
1268 4387 1301 4442 et
1338 4376 1555 4461 apostolicam
1588 4376 1866 4462 benedictionem.
1920 4377 2004 4440 Iustis

334 4470 515 4552 petentium
540 4469 708 4532 desideriis
732 4470 865 4551 dignum
890 4477 940 4531 est
963 4489 1023 4531 nos
1047 4468 1174 4532 facilem
1198 4469 1337 4552 prebere
1362 4487 1557 4530 consensum
1582 4474 1615 4528 et
1637 4473 1725 4541 vota,
1749 4485 1814 4546 que
1838 4488 1859 4530 a
1884 4468 2004 4530 rationis

335 4559 465 4621 tramite
488 4579 553 4621 non
585 4559 777 4621 discordant
812 4557 929 4622 effectu
969 4567 1191 4640 prosequente
1229 4557 1407 4640 complere.
1455 4555 1652 4639 Eapropter,
1677 4555 1786 4618 dilecti
1820 4558 1852 4619 in
1878 4558 2002 4620 domino

335 4647 400 4724 filii,
424 4648 537 4710 vestris
560 4647 651 4710 iustis
675 4647 948 4729 postulationibus
965 4656 1057 4730 grato
1074 4656 1304 4711 concurrentes
1321 4666 1464 4720 assensu,
1487 4645 1653 4727 hospitale
1674 4646 1765 4708 iuxta
1782 4647 2003 4710 monasterium

335 4745 496 4812 vestrum,
528 4737 561 4798 in
591 4737 753 4799 territorio
786 4739 855 4799 eius
887 4745 1126 4813 constructum,
1160 4759 1232 4800 cum
1267 4737 1473 4819 pertinentiis
1504 4738 1579 4810 suis,
1610 4737 1695 4798 sicut
1725 4736 1833 4817 ipsum
1858 4733 2002 4799 hactenus

336 4823 494 4889 habuistis
528 4835 561 4888 et
593 4827 625 4887 in
659 4829 896 4909 presentiarum
931 4827 1066 4909 pacifice
1089 4848 1128 4890 ac
1152 4826 1388 4890 rationabiliter
1418 4825 1609 4907 possidetis,
1639 4823 1735 4888 vobis
1759 4832 1792 4888 et
1817 4825 2002 4889 monasterio

335 4923 445 4979 vestro
470 4915 663 4978 auctoritate
686 4917 869 4997 apostolica
892 4916 1122 4979 confirmamus
1151 4924 1184 4979 et
1217 4918 1377 4998 presentis
1409 4914 1520 4996 scripti
1551 4915 1735 4996 patrocinio
1768 4915 2001 4978 communimus.

337 5003 535 5080 Statuentes,
559 5013 595 5066 ut
611 5003 687 5066 nulli
704 5008 838 5068 omnino
854 5005 1024 5069 hominum
1042 5005 1146 5078 liceat,
1163 5005 1248 5069 hanc
1265 5007 1418 5088 paginam
1436 5012 1548 5067 nostre
1564 5003 1821 5066 confirmationis
1841 5003 2001 5085 infringere

336 5093 388 5156 vel
413 5093 441 5156 ei
464 5113 544 5156 ausu
567 5097 741 5158 temerario
757 5098 928 5159 contraire.
967 5093 1001 5158 Si
1018 5096 1088 5175 quis
1105 5104 1214 5158 autem
1231 5093 1296 5157 hoc
1311 5102 1471 5157 attentare
1487 5095 1732 5175 presumpserit,
1757 5093 1999 5175 indignationem

338 5183 574 5264 omnipotentis
598 5184 651 5246 dei
675 5193 708 5246 et
731 5185 901 5248 beatorum
925 5186 1011 5248 Petri
1036 5193 1069 5247 et
1083 5185 1181 5259 Pauli,
1205 5183 1432 5266 apostolorum
1449 5183 1525 5258 eius,
1549 5201 1585 5244 se
1601 5185 1728 5245 noverit
1743 5184 1951 5246 incursurum.
1965 5213 1999 5226 -

338 5271 415 5336 Dat.
439 5271 625 5348 Tusculani,
649 5287 673 5334 ΙΙ
697 5273 750 5336 Kl.
774 5273 861 5336 Maii.

497 5386 622 5451 Abschrfft
637 5388 681 5437 der
698 5387 857 5438 Mr'scellanea
875 5388 902 5437 di
918 5389 981 5440 Stor.
1000 5388 1089 5452 ἅμα.
1109 5389 1142 5436 II
1153 5395 1178 5450 p.
1197 5390 1255 5447 526,
1275 5387 1302 5436 r'n
1320 5389 1363 5439 der
1380 5390 1443 5439 Bibl.
1466 5387 1548 5438 Civica
1565 5402 1595 5435 ue
1617 5387 1711 5437 Gaea.

495 5459 606 5508 Bemerl!
622 5460 667 5508 r'st:
687 5460 800 5509 «Piccela
815 5467 962 5526 perganum
980 5477 1023 5509 cerr
1039 5460 1132 5524 pionrbe
1149 5460 1175 5508 in
1194 5459 1235 5508 cui
1251 5461 1439 5510 AleranderPP
1453 5460 1521 5512 HI».

411 5707 676 5845 malmulgrsiclur,
696 5707 730 5760 im
755 5708 832 5758 Worte
849 5709 980 5759 vcrdndert
1050 5705 1080 5776 b)
1099 5707 1215 5758 solvuant
1288 5709 1312 5776 c)
1332 5706 1421 5758 firmati
1440 5709 1493 5774 mes
1506 5710 1597 5758 Rusicr.
1616 5747 1667 5754 -
1690 5709 1726 5774 ,1)
1751 5708 1831 5772 Vergl.
1850 5708 1886 5757 die
1900 5699 1994 5756 orande

337 5794 392 5830 vem
499 5796 507 5828 r
594 5816 600 5831 .
