<?xml version="1.0" encoding="UTF-8"?>
<!DOCTYPE html PUBLIC "-//W3C//DTD XHTML 1.0 Transitional//EN"
    "http://www.w3.org/TR/xhtml1/DTD/xhtml1-transitional.dtd">
<html xmlns="http://www.w3.org/1999/xhtml" xml:lang="en" lang="en">
 <head>
  <title>
</title>
<meta http-equiv="Content-Type" content="text/html;charset=utf-8" />
  <meta name='ocr-system' content='tesseract 3.04.00' />
  <meta name='ocr-capabilities' content='ocr_page ocr_carea ocr_par ocr_line ocrx_word'/>
</head>
<body>
  <div class='ocr_page' id='page_1' title='image "./actapontificumr00hargoog_0312.png"; bbox 0 0 4142 6366; ppageno 0'>
   <div class='ocr_carea' id='block_1_1' title="bbox 298 339 364 404">
    <p class='ocr_par' dir='ltr' id='par_1_1' title="bbox 298 339 364 404">
     <span class='ocr_line' id='line_1_1' title="bbox 298 339 364 404; baseline -0.015 -16"><span class='ocrx_word' id='word_1_1' title='bbox 298 339 364 404; x_wconf 89' lang='lat'><strong>300</strong></span> 
     </span>
    </p>
   </div>
   <div class='ocr_carea' id='block_1_2' title="bbox 1041 503 1227 580">
    <p class='ocr_par' dir='ltr' id='par_1_2' title="bbox 1041 503 1227 580">
     <span class='ocr_line' id='line_1_2' title="bbox 1041 503 1227 580; baseline 0 -1"><span class='ocrx_word' id='word_1_2' title='bbox 1041 503 1108 579; x_wconf 88' lang='lat' dir='ltr'><strong>Nr.</strong></span> <span class='ocrx_word' id='word_1_3' title='bbox 1138 507 1227 580; x_wconf 84' lang='lat'>330.</span> 
     </span>
    </p>
   </div>
   <div class='ocr_carea' id='block_1_3' title="bbox 298 634 1978 901">
    <p class='ocr_par' dir='ltr' id='par_1_3' title="bbox 298 634 1978 901">
     <span class='ocr_line' id='line_1_3' title="bbox 298 634 1978 721; baseline -0.003 -17"><span class='ocrx_word' id='word_1_4' title='bbox 298 641 420 705; x_wconf 84' lang='lat' dir='ltr'><strong>Lucius</strong></span> <span class='ocrx_word' id='word_1_5' title='bbox 433 640 498 703; x_wconf 88' lang='lat' dir='ltr'><strong>III</strong></span> <span class='ocrx_word' id='word_1_6' title='bbox 508 638 658 721; x_wconf 74' lang='lat' dir='ltr'><strong>bestiz&#39;trgt</strong></span> <span class='ocrx_word' id='word_1_7' title='bbox 671 638 744 702; x_wconf 91' lang='lat' dir='ltr'><strong>dem</strong></span> <span class='ocrx_word' id='word_1_8' title='bbox 758 635 888 701; x_wconf 86' lang='lat' dir='ltr'><strong>Kloster</strong></span> <span class='ocrx_word' id='word_1_9' title='bbox 898 634 1000 701; x_wconf 80' lang='lat' dir='ltr'><strong>Senta</strong></span> <span class='ocrx_word' id='word_1_10' title='bbox 1012 635 1127 700; x_wconf 81' lang='lat' dir='ltr'><strong>Mario</strong></span> <span class='ocrx_word' id='word_1_11' title='bbox 1146 635 1280 700; x_wconf 84' lang='lat' dir='ltr'><strong>Teodota</strong></span> <span class='ocrx_word' id='word_1_12' title='bbox 1296 637 1335 700; x_wconf 88' lang='lat' dir='ltr'><strong>di</strong></span> <span class='ocrx_word' id='word_1_13' title='bbox 1345 637 1452 700; x_wconf 74' lang='lat' dir='ltr'><strong>Paveo</strong></span> <span class='ocrx_word' id='word_1_14' title='bbox 1468 637 1523 700; x_wconf 88' lang='lat' dir='ltr'><strong>die</strong></span> <span class='ocrx_word' id='word_1_15' title='bbox 1534 638 1713 721; x_wconf 85' lang='lat' dir='ltr'><strong>Beilegnng</strong></span> <span class='ocrx_word' id='word_1_16' title='bbox 1724 659 1829 703; x_wconf 81' lang='lat' dir='ltr'><strong>sereres</strong></span> <span class='ocrx_word' id='word_1_17' title='bbox 1842 636 1978 701; x_wconf 83' lang='lat' dir='ltr'><strong>Streites</strong></span> 
     </span>
     <span class='ocr_line' id='line_1_4' title="bbox 298 725 1977 813; baseline -0.002 -19"><span class='ocrx_word' id='word_1_18' title='bbox 298 731 361 794; x_wconf 89' lang='lat' dir='ltr'><strong>mit</strong></span> <span class='ocrx_word' id='word_1_19' title='bbox 377 729 450 794; x_wconf 86' lang='lat' dir='ltr'><strong>dem</strong></span> <span class='ocrx_word' id='word_1_20' title='bbox 466 729 673 812; x_wconf 82' lang='lat' dir='ltr'><strong>Ernpriester</strong></span> <span class='ocrx_word' id='word_1_21' title='bbox 693 749 754 792; x_wconf 83' lang='lat' dir='ltr'><strong>ven</strong></span> <span class='ocrx_word' id='word_1_22' title='bbox 769 728 877 813; x_wconf 76' lang='lat' dir='ltr'><strong>Berge</strong></span> <span class='ocrx_word' id='word_1_23' title='bbox 892 725 961 790; x_wconf 82' lang='lat' dir='ltr'><strong>San</strong></span> <span class='ocrx_word' id='word_1_24' title='bbox 976 726 1126 789; x_wconf 85' lang='lat' dir='ltr'><strong>Donnino</strong></span> <span class='ocrx_word' id='word_1_25' title='bbox 1141 727 1201 800; x_wconf 85' lang='lat' dir='ltr'><strong>(D.</strong></span> <span class='ocrx_word' id='word_1_26' title='bbox 1220 726 1369 806; x_wconf 87' lang='lat' dir='ltr'><strong>Parma),</strong></span> <span class='ocrx_word' id='word_1_27' title='bbox 1392 747 1502 810; x_wconf 83' lang='lat' dir='ltr'><strong>wegen</strong></span> <span class='ocrx_word' id='word_1_28' title='bbox 1526 728 1588 791; x_wconf 89' lang='lat' dir='ltr'><strong>der</strong></span> <span class='ocrx_word' id='word_1_29' title='bbox 1602 725 1725 791; x_wconf 84' lang='lat' dir='ltr'><strong>Kirclre</strong></span> <span class='ocrx_word' id='word_1_30' title='bbox 1740 726 1844 792; x_wconf 83' lang='lat' dir='ltr'><strong>Santa</strong></span> <span class='ocrx_word' id='word_1_31' title='bbox 1859 727 1977 792; x_wconf 83' lang='lat' dir='ltr'><strong>Maria</strong></span> 
     </span>
     <span class='ocr_line' id='line_1_5' title="bbox 459 814 1811 901; baseline 0.001 -20"><span class='ocrx_word' id='word_1_32' title='bbox 459 819 498 881; x_wconf 88' lang='lat' dir='ltr'><strong>di</strong></span> <span class='ocrx_word' id='word_1_33' title='bbox 512 818 617 900; x_wconf 80' lang='lat' dir='ltr'><strong>Berge</strong></span> <span class='ocrx_word' id='word_1_34' title='bbox 632 816 701 881; x_wconf 87' lang='lat' dir='ltr'><strong>San</strong></span> <span class='ocrx_word' id='word_1_35' title='bbox 716 817 874 895; x_wconf 82' lang='lat' dir='ltr'><strong>Donninr,</strong></span> <span class='ocrx_word' id='word_1_36' title='bbox 889 814 950 880; x_wconf 75' lang='lat' dir='ltr'><strong>core</strong></span> <span class='ocrx_word' id='word_1_37' title='bbox 965 817 1014 879; x_wconf 86' lang='lat' dir='ltr'><strong>sie</strong></span> <span class='ocrx_word' id='word_1_38' title='bbox 1028 837 1100 879; x_wconf 84' lang='lat' dir='ltr'><strong>vom</strong></span> <span class='ocrx_word' id='word_1_39' title='bbox 1118 815 1236 900; x_wconf 85' lang='lat' dir='ltr'><strong>Papste</strong></span> <span class='ocrx_word' id='word_1_40' title='bbox 1251 815 1365 899; x_wconf 87' lang='lat' dir='ltr'><strong>Eugen</strong></span> <span class='ocrx_word' id='word_1_41' title='bbox 1381 814 1615 900; x_wconf 83' lang='lat' dir='ltr'><strong>IIIgesertr&#39;gt</strong></span> <span class='ocrx_word' id='word_1_42' title='bbox 1627 816 1759 882; x_wconf 82' lang='lat' dir='ltr'><em>worden</em></span> <span class='ocrx_word' id='word_1_43' title='bbox 1777 819 1811 901; x_wconf 87' lang='lat'><strong>¹).</strong></span> 
     </span>
    </p>
   </div>
   <div class='ocr_carea' id='block_1_4' title="bbox 856 928 1410 996">
    <p class='ocr_par' dir='ltr' id='par_1_4' title="bbox 856 928 1410 996">
     <span class='ocr_line' id='line_1_6' title="bbox 856 928 1410 996; baseline -0.002 -1"><span class='ocrx_word' id='word_1_44' title='bbox 856 928 1229 996; x_wconf 77' lang='lat' dir='ltr'><strong>1182-1183Ma2&#39;18.</strong></span> <span class='ocrx_word' id='word_1_45' title='bbox 1272 929 1410 994; x_wconf 83' lang='lat' dir='ltr'><strong>Velletrr‘.</strong></span> 
     </span>
    </p>
   </div>
   <div class='ocr_carea' id='block_1_5' title="bbox 295 1049 1980 3002">
    <p class='ocr_par' dir='ltr' id='par_1_5' title="bbox 295 1049 1980 3002">
     <span class='ocr_line' id='line_1_7' title="bbox 455 1049 1978 1132; baseline 0.001 -18"><span class='ocrx_word' id='word_1_46' title='bbox 455 1050 589 1114; x_wconf 82' lang='lat' dir='ltr'><strong>LUCIUS</strong></span> <span class='ocrx_word' id='word_1_47' title='bbox 613 1049 797 1132; x_wconf 89' lang='lat' dir='ltr'><strong>episcopus,</strong></span> <span class='ocrx_word' id='word_1_48' title='bbox 821 1069 932 1113; x_wconf 90' lang='lat' dir='ltr'><strong>servus</strong></span> <span class='ocrx_word' id='word_1_49' title='bbox 955 1069 1121 1112; x_wconf 91' lang='lat' dir='ltr'><strong>servorum</strong></span> <span class='ocrx_word' id='word_1_50' title='bbox 1145 1050 1208 1126; x_wconf 92' lang='lat' dir='ltr'><strong>dei,</strong></span> <span class='ocrx_word' id='word_1_51' title='bbox 1233 1049 1359 1112; x_wconf 90' lang='lat' dir='ltr'><strong>dilectis</strong></span> <span class='ocrx_word' id='word_1_52' title='bbox 1383 1049 1415 1111; x_wconf 94' lang='lat' dir='ltr'><strong>in</strong></span> <span class='ocrx_word' id='word_1_53' title='bbox 1432 1049 1562 1114; x_wconf 92' lang='lat' dir='ltr'><strong>Christo</strong></span> <span class='ocrx_word' id='word_1_54' title='bbox 1585 1050 1714 1114; x_wconf 89' lang='lat' dir='ltr'><strong>filiabus</strong></span> <span class='ocrx_word' id='word_1_55' title='bbox 1739 1099 1746 1114; x_wconf 89' lang='lat'><strong>.</strong></span> <span class='ocrx_word' id='word_1_56' title='bbox 1772 1099 1779 1113; x_wconf 94' lang='lat'>.</span> <span class='ocrx_word' id='word_1_57' title='bbox 1804 1050 1978 1115; x_wconf 82' lang='lat' dir='ltr'><strong>abbatisse</strong></span> 
     </span>
     <span class='ocr_line' id='line_1_8' title="bbox 297 1137 1978 1222; baseline -0.001 -19"><span class='ocrx_word' id='word_1_58' title='bbox 297 1147 330 1203; x_wconf 93' lang='lat' dir='ltr'><strong>et</strong></span> <span class='ocrx_word' id='word_1_59' title='bbox 351 1139 517 1203; x_wconf 89' lang='lat' dir='ltr'><strong>sororibus</strong></span> <span class='ocrx_word' id='word_1_60' title='bbox 541 1139 730 1202; x_wconf 87' lang='lat' dir='ltr'><strong>monasterii</strong></span> <span class='ocrx_word' id='word_1_61' title='bbox 752 1139 756 1222; x_wconf 78' lang='lat' dir='ltr'><strong>l</strong></span> <span class='ocrx_word' id='word_1_62' title='bbox 776 1148 889 1202; x_wconf 90' lang='lat' dir='ltr'><strong>sancte</strong></span> <span class='ocrx_word' id='word_1_63' title='bbox 912 1139 1015 1202; x_wconf 90' lang='lat' dir='ltr'><strong>Marie</strong></span> <span class='ocrx_word' id='word_1_64' title='bbox 1030 1137 1215 1214; x_wconf 88' lang='lat' dir='ltr'><strong>Theodote,</strong></span> <span class='ocrx_word' id='word_1_65' title='bbox 1239 1138 1434 1201; x_wconf 88' lang='lat' dir='ltr'><strong>salutemet</strong></span> <span class='ocrx_word' id='word_1_66' title='bbox 1457 1140 1675 1220; x_wconf 89' lang='lat' dir='ltr'><strong>apostolicam</strong></span> <span class='ocrx_word' id='word_1_67' title='bbox 1698 1140 1978 1204; x_wconf 87' lang='lat' dir='ltr'>benedictionem.</span> 
     </span>
     <span class='ocr_line' id='line_1_9' title="bbox 295 1223 1979 1311; baseline -0.001 -18"><span class='ocrx_word' id='word_1_68' title='bbox 295 1230 449 1293; x_wconf 82' lang='lat' dir='ltr'><strong>Relatum</strong></span> <span class='ocrx_word' id='word_1_69' title='bbox 473 1239 522 1291; x_wconf 92' lang='lat' dir='ltr'><strong>est</strong></span> <span class='ocrx_word' id='word_1_70' title='bbox 545 1228 643 1291; x_wconf 93' lang='lat' dir='ltr'><strong>nobis</strong></span> <span class='ocrx_word' id='word_1_71' title='bbox 667 1249 709 1291; x_wconf 89' lang='lat' dir='ltr'><strong>ex</strong></span> <span class='ocrx_word' id='word_1_72' title='bbox 732 1235 826 1310; x_wconf 90' lang='lat' dir='ltr'><strong>parte</strong></span> <span class='ocrx_word' id='word_1_73' title='bbox 848 1238 964 1304; x_wconf 91' lang='lat' dir='ltr'><strong>vestra,</strong></span> <span class='ocrx_word' id='word_1_74' title='bbox 990 1228 1089 1309; x_wconf 92' lang='lat' dir='ltr'><strong>quod,</strong></span> <span class='ocrx_word' id='word_1_75' title='bbox 1114 1247 1273 1310; x_wconf 90' lang='lat' dir='ltr'><strong>cumpro</strong></span> <span class='ocrx_word' id='word_1_76' title='bbox 1297 1223 1541 1311; x_wconf 79' lang='lat' dir='ltr'><strong>controverlsia,</strong></span> <span class='ocrx_word' id='word_1_77' title='bbox 1566 1249 1631 1311; x_wconf 91' lang='lat' dir='ltr'><strong>que</strong></span> <span class='ocrx_word' id='word_1_78' title='bbox 1648 1231 1732 1292; x_wconf 90' lang='lat' dir='ltr'><strong>inter</strong></span> <span class='ocrx_word' id='word_1_79' title='bbox 1753 1250 1814 1293; x_wconf 88' lang='lat' dir='ltr'><strong>vos</strong></span> <span class='ocrx_word' id='word_1_80' title='bbox 1837 1240 1871 1294; x_wconf 89' lang='lat' dir='ltr'><strong>et</strong></span> <span class='ocrx_word' id='word_1_81' title='bbox 1886 1230 1979 1294; x_wconf 90' lang='lat' dir='ltr'><strong>bone</strong></span> 
     </span>
     <span class='ocr_line' id='line_1_10' title="bbox 297 1317 1979 1400; baseline 0.001 -20"><span class='ocrx_word' id='word_1_82' title='bbox 297 1319 454 1381; x_wconf 89' lang='lat' dir='ltr'>memorie</span> <span class='ocrx_word' id='word_1_83' title='bbox 500 1320 547 1380; x_wconf 90' lang='lat' dir='ltr'><strong>.R.</strong></span> <span class='ocrx_word' id='word_1_84' title='bbox 571 1317 879 1399; x_wconf 85' lang='lat' dir='ltr'><strong>archipresbiterum</strong></span> <span class='ocrx_word' id='word_1_85' title='bbox 903 1317 945 1380; x_wconf 91' lang='lat' dir='ltr'><strong>de</strong></span> <span class='ocrx_word' id='word_1_86' title='bbox 967 1317 1077 1399; x_wconf 88' lang='lat' dir='ltr'><strong>Burgo</strong></span> <span class='ocrx_word' id='word_1_87' title='bbox 1106 1318 1209 1380; x_wconf 89' lang='lat' dir='ltr'><strong>sancti</strong></span> <span class='ocrx_word' id='word_1_88' title='bbox 1233 1317 1403 1392; x_wconf 93' lang='lat' dir='ltr'><strong>Domnini,</strong></span> <span class='ocrx_word' id='word_1_89' title='bbox 1433 1336 1533 1400; x_wconf 88' lang='lat' dir='ltr'><strong>super</strong></span> <span class='ocrx_word' id='word_1_90' title='bbox 1563 1319 1702 1382; x_wconf 89' lang='lat' dir='ltr'><strong>ecclesia</strong></span> <span class='ocrx_word' id='word_1_91' title='bbox 1731 1329 1846 1383; x_wconf 90' lang='lat' dir='ltr'><strong>sancte</strong></span> <span class='ocrx_word' id='word_1_92' title='bbox 1870 1321 1979 1382; x_wconf 90' lang='lat' dir='ltr'><strong>Marie</strong></span> 
     </span>
     <span class='ocr_line' id='line_1_11' title="bbox 296 1405 1980 1490; baseline 0.001 -20"><span class='ocrx_word' id='word_1_93' title='bbox 296 1409 398 1489; x_wconf 89' lang='lat' dir='ltr'><strong>ipsius</strong></span> <span class='ocrx_word' id='word_1_94' title='bbox 425 1408 519 1488; x_wconf 85' lang='lat' dir='ltr'><strong>burgi</strong></span> <span class='ocrx_word' id='word_1_95' title='bbox 551 1418 735 1482; x_wconf 88' lang='lat' dir='ltr'><strong>emerserat,</strong></span> <span class='ocrx_word' id='word_1_96' title='bbox 767 1417 903 1488; x_wconf 89' lang='lat' dir='ltr'><strong>utraque</strong></span> <span class='ocrx_word' id='word_1_97' title='bbox 935 1427 1011 1488; x_wconf 90' lang='lat' dir='ltr'><strong>pars</strong></span> <span class='ocrx_word' id='word_1_98' title='bbox 1042 1427 1077 1469; x_wconf 91' lang='lat' dir='ltr'><strong>se</strong></span> <span class='ocrx_word' id='word_1_99' title='bbox 1107 1408 1298 1488; x_wconf 89' lang='lat' dir='ltr'><strong>conspectui</strong></span> <span class='ocrx_word' id='word_1_100' title='bbox 1331 1405 1433 1470; x_wconf 91' lang='lat' dir='ltr'><strong>felicis</strong></span> <span class='ocrx_word' id='word_1_101' title='bbox 1463 1408 1700 1471; x_wconf 89' lang='lat' dir='ltr'><strong>recordationis</strong></span> <span class='ocrx_word' id='word_1_102' title='bbox 1731 1409 1980 1490; x_wconf 88' lang='lat' dir='ltr'><strong>predecessoris</strong></span> 
     </span>
     <span class='ocr_line' id='line_1_12' title="bbox 296 1493 1980 1582; baseline 0.001 -23"><span class='ocrx_word' id='word_1_103' title='bbox 296 1497 397 1559; x_wconf 89' lang='lat' dir='ltr'><strong>nostri</strong></span> <span class='ocrx_word' id='word_1_104' title='bbox 421 1493 585 1581; x_wconf 70' lang='lat' dir='ltr'><strong>Euglenii)</strong></span> <span class='ocrx_word' id='word_1_105' title='bbox 609 1503 837 1578; x_wconf 89' lang='lat' dir='ltr'><strong>presentasset,</strong></span> <span class='ocrx_word' id='word_1_106' title='bbox 862 1497 1118 1558; x_wconf 89' lang='lat' dir='ltr'><strong>controversiam</strong></span> <span class='ocrx_word' id='word_1_107' title='bbox 1142 1497 1248 1578; x_wconf 91' lang='lat' dir='ltr'><strong>ipsam</strong></span> <span class='ocrx_word' id='word_1_108' title='bbox 1272 1495 1435 1559; x_wconf 87' lang='lat' dir='ltr'><strong>amicabili</strong></span> <span class='ocrx_word' id='word_1_109' title='bbox 1460 1499 1702 1578; x_wconf 87' lang='lat' dir='ltr'><strong>compositione</strong></span> <span class='ocrx_word' id='word_1_110' title='bbox 1724 1498 1846 1579; x_wconf 88' lang='lat' dir='ltr'><strong>sopivit</strong></span> <span class='ocrx_word' id='word_1_111' title='bbox 1862 1495 1898 1582; x_wconf 82' lang='lat'><strong>¹),</strong></span> <span class='ocrx_word' id='word_1_112' title='bbox 1931 1499 1980 1561; x_wconf 88' lang='lat' dir='ltr'><strong>ita</strong></span> 
     </span>
     <span class='ocr_line' id='line_1_13' title="bbox 297 1584 1979 1669; baseline 0.002 -22"><span class='ocrx_word' id='word_1_113' title='bbox 297 1587 404 1667; x_wconf 93' lang='lat' dir='ltr'><strong>quod,</strong></span> <span class='ocrx_word' id='word_1_114' title='bbox 437 1606 511 1648; x_wconf 93' lang='lat' dir='ltr'><strong>cum</strong></span> <span class='ocrx_word' id='word_1_115' title='bbox 543 1584 706 1667; x_wconf 89' lang='lat' dir='ltr'><strong>presbiter</strong></span> <span class='ocrx_word' id='word_1_116' title='bbox 736 1586 768 1647; x_wconf 92' lang='lat' dir='ltr'><strong>in</strong></span> <span class='ocrx_word' id='word_1_117' title='bbox 800 1586 872 1666; x_wconf 93' lang='lat' dir='ltr'><strong>ipsa</strong></span> <span class='ocrx_word' id='word_1_118' title='bbox 902 1585 1040 1648; x_wconf 90' lang='lat' dir='ltr'><strong>ecclesia</strong></span> <span class='ocrx_word' id='word_1_119' title='bbox 1072 1585 1168 1648; x_wconf 93' lang='lat' dir='ltr'><strong>suerit</strong></span> <span class='ocrx_word' id='word_1_120' title='bbox 1198 1585 1414 1661; x_wconf 90' lang='lat' dir='ltr'><strong>ordinandus,</strong></span> <span class='ocrx_word' id='word_1_121' title='bbox 1451 1585 1724 1668; x_wconf 89' lang='lat' dir='ltr'><strong>archipresbitero</strong></span> <span class='ocrx_word' id='word_1_122' title='bbox 1757 1597 1979 1669; x_wconf 83' lang='lat' dir='ltr'><strong>presentetur,</strong></span> 
     </span>
     <span class='ocr_line' id='line_1_14' title="bbox 295 1674 1979 1758; baseline 0.001 -21"><span class='ocrx_word' id='word_1_123' title='bbox 295 1674 547 1756; x_wconf 91' lang='lat' dir='ltr'><strong>archipresbiter</strong></span> <span class='ocrx_word' id='word_1_124' title='bbox 575 1693 654 1737; x_wconf 89' lang='lat' dir='ltr'><strong>vero</strong></span> <span class='ocrx_word' id='word_1_125' title='bbox 685 1676 714 1737; x_wconf 94' lang='lat' dir='ltr'><strong>ei</strong></span> <span class='ocrx_word' id='word_1_126' title='bbox 746 1675 925 1736; x_wconf 89' lang='lat' dir='ltr'><strong>animarum</strong></span> <span class='ocrx_word' id='word_1_127' title='bbox 957 1693 1068 1736; x_wconf 91' lang='lat' dir='ltr'><strong>curam</strong></span> <span class='ocrx_word' id='word_1_128' title='bbox 1098 1675 1292 1739; x_wconf 90' lang='lat' dir='ltr'><strong>committat.</strong></span> <span class='ocrx_word' id='word_1_129' title='bbox 1344 1674 1508 1738; x_wconf 90' lang='lat' dir='ltr'><strong>Presbiter</strong></span> <span class='ocrx_word' id='word_1_130' title='bbox 1538 1686 1664 1752; x_wconf 90' lang='lat' dir='ltr'><strong>autem,</strong></span> <span class='ocrx_word' id='word_1_131' title='bbox 1702 1678 1757 1758; x_wconf 91' lang='lat' dir='ltr'><strong>qui</strong></span> <span class='ocrx_word' id='word_1_132' title='bbox 1790 1677 1823 1740; x_wconf 91' lang='lat' dir='ltr'><strong>in</strong></span> <span class='ocrx_word' id='word_1_133' title='bbox 1856 1677 1979 1740; x_wconf 84' lang='lat' dir='ltr'><strong>eadem</strong></span> 
     </span>
     <span class='ocr_line' id='line_1_15' title="bbox 296 1763 1980 1848; baseline 0.001 -22"><span class='ocrx_word' id='word_1_134' title='bbox 296 1765 434 1827; x_wconf 90' lang='lat' dir='ltr'><strong>ecclesia</strong></span> <span class='ocrx_word' id='word_1_135' title='bbox 456 1763 660 1836; x_wconf 90' lang='lat' dir='ltr'><strong>ministrabit,</strong></span> <span class='ocrx_word' id='word_1_136' title='bbox 691 1763 844 1846; x_wconf 87' lang='lat' dir='ltr'><strong>generale</strong></span> <span class='ocrx_word' id='word_1_137' title='bbox 867 1764 1074 1827; x_wconf 91' lang='lat' dir='ltr'><strong>interdictum</strong></span> <span class='ocrx_word' id='word_1_138' title='bbox 1098 1773 1132 1825; x_wconf 90' lang='lat' dir='ltr'><strong>et</strong></span> <span class='ocrx_word' id='word_1_139' title='bbox 1159 1764 1364 1839; x_wconf 88' lang='lat' dir='ltr'><strong>sententiam,</strong></span> <span class='ocrx_word' id='word_1_140' title='bbox 1397 1784 1496 1846; x_wconf 87' lang='lat' dir='ltr'><strong>quam</strong></span> <span class='ocrx_word' id='word_1_141' title='bbox 1528 1765 1561 1827; x_wconf 95' lang='lat' dir='ltr'><strong>in</strong></span> <span class='ocrx_word' id='word_1_142' title='bbox 1592 1766 1736 1848; x_wconf 88' lang='lat' dir='ltr'><strong>aliquem</strong></span> <span class='ocrx_word' id='word_1_143' title='bbox 1763 1767 1980 1846; x_wconf 88' lang='lat' dir='ltr'><strong>spiritualiter</strong></span> 
     </span>
     <span class='ocr_line' id='line_1_16' title="bbox 296 1852 1978 1937; baseline 0.002 -22"><span class='ocrx_word' id='word_1_144' title='bbox 296 1854 549 1935; x_wconf 88' lang='lat' dir='ltr'><strong>archipresbiter</strong></span> <span class='ocrx_word' id='word_1_145' title='bbox 570 1855 603 1915; x_wconf 94' lang='lat' dir='ltr'><strong>in</strong></span> <span class='ocrx_word' id='word_1_146' title='bbox 633 1873 691 1916; x_wconf 91' lang='lat' dir='ltr'><strong>sua</strong></span> <span class='ocrx_word' id='word_1_147' title='bbox 720 1852 893 1934; x_wconf 88' lang='lat' dir='ltr'><strong>parrochia</strong></span> <span class='ocrx_word' id='word_1_148' title='bbox 916 1852 1039 1928; x_wconf 90' lang='lat' dir='ltr'><strong>tulerit,</strong></span> <span class='ocrx_word' id='word_1_149' title='bbox 1074 1854 1230 1934; x_wconf 88' lang='lat' dir='ltr'><strong>suscipiet</strong></span> <span class='ocrx_word' id='word_1_150' title='bbox 1259 1874 1298 1916; x_wconf 91' lang='lat' dir='ltr'><strong>ac</strong></span> <span class='ocrx_word' id='word_1_151' title='bbox 1328 1854 1472 1916; x_wconf 90' lang='lat' dir='ltr'><strong>servabit</strong></span> <span class='ocrx_word' id='word_1_152' title='bbox 1502 1864 1535 1916; x_wconf 94' lang='lat' dir='ltr'><strong>et</strong></span> <span class='ocrx_word' id='word_1_153' title='bbox 1565 1855 1704 1918; x_wconf 89' lang='lat' dir='ltr'><strong>ecclesie</strong></span> <span class='ocrx_word' id='word_1_154' title='bbox 1733 1876 1791 1918; x_wconf 91' lang='lat' dir='ltr'><strong>sue</strong></span> <span class='ocrx_word' id='word_1_155' title='bbox 1822 1867 1978 1937; x_wconf 88' lang='lat' dir='ltr'><strong>quartam</strong></span> 
     </span>
     <span class='ocr_line' id='line_1_17' title="bbox 295 1941 1978 2025; baseline 0.002 -21"><span class='ocrx_word' id='word_1_156' title='bbox 295 1953 424 2023; x_wconf 89' lang='lat' dir='ltr'><strong>partem</strong></span> <span class='ocrx_word' id='word_1_157' title='bbox 447 1962 568 2018; x_wconf 89' lang='lat' dir='ltr'><strong>eorum,</strong></span> <span class='ocrx_word' id='word_1_158' title='bbox 594 1963 658 2025; x_wconf 93' lang='lat' dir='ltr'><strong>que</strong></span> <span class='ocrx_word' id='word_1_159' title='bbox 681 1963 742 2024; x_wconf 90' lang='lat' dir='ltr'><strong>pro</strong></span> <span class='ocrx_word' id='word_1_160' title='bbox 760 1943 896 2004; x_wconf 90' lang='lat' dir='ltr'><strong>mortuis</strong></span> <span class='ocrx_word' id='word_1_161' title='bbox 912 1963 954 2006; x_wconf 86' lang='lat' dir='ltr'><strong>ex</strong></span> <span class='ocrx_word' id='word_1_162' title='bbox 969 1949 1168 2006; x_wconf 90' lang='lat' dir='ltr'><strong>testamento</strong></span> <span class='ocrx_word' id='word_1_163' title='bbox 1185 1943 1285 2024; x_wconf 90' lang='lat' dir='ltr'><strong>ipsius</strong></span> <span class='ocrx_word' id='word_1_164' title='bbox 1303 1943 1365 2005; x_wconf 90' lang='lat' dir='ltr'><strong>loci</strong></span> <span class='ocrx_word' id='word_1_165' title='bbox 1382 1941 1566 2019; x_wconf 82' lang='lat' dir='ltr'><strong>offerentur,</strong></span> <span class='ocrx_word' id='word_1_166' title='bbox 1591 1945 1774 2025; x_wconf 90' lang='lat' dir='ltr'><strong>presbitero</strong></span> <span class='ocrx_word' id='word_1_167' title='bbox 1791 1945 1978 2008; x_wconf 88' lang='lat' dir='ltr'><strong>exhibebit.</strong></span> 
     </span>
     <span class='ocr_line' id='line_1_18' title="bbox 295 2031 1979 2116; baseline 0.001 -21"><span class='ocrx_word' id='word_1_168' title='bbox 295 2031 363 2095; x_wconf 87' lang='lat' dir='ltr'><strong>Sed</strong></span> <span class='ocrx_word' id='word_1_169' title='bbox 387 2033 419 2094; x_wconf 91' lang='lat' dir='ltr'><strong>in</strong></span> <span class='ocrx_word' id='word_1_170' title='bbox 443 2032 581 2095; x_wconf 91' lang='lat' dir='ltr'><strong>ecclesia</strong></span> <span class='ocrx_word' id='word_1_171' title='bbox 603 2043 716 2094; x_wconf 90' lang='lat' dir='ltr'><strong>sancte</strong></span> <span class='ocrx_word' id='word_1_172' title='bbox 739 2031 844 2094; x_wconf 88' lang='lat' dir='ltr'><strong>Marie</strong></span> <span class='ocrx_word' id='word_1_173' title='bbox 866 2031 918 2094; x_wconf 91' lang='lat' dir='ltr'><strong>vel</strong></span> <span class='ocrx_word' id='word_1_174' title='bbox 941 2051 1083 2112; x_wconf 91' lang='lat' dir='ltr'><strong>persona</strong></span> <span class='ocrx_word' id='word_1_175' title='bbox 1111 2031 1300 2112; x_wconf 88' lang='lat' dir='ltr'><strong>presbiteri,</strong></span> <span class='ocrx_word' id='word_1_176' title='bbox 1333 2031 1610 2112; x_wconf 90' lang='lat' dir='ltr'><strong>archipresbiteri,</strong></span> <span class='ocrx_word' id='word_1_177' title='bbox 1644 2034 1698 2116; x_wconf 92' lang='lat' dir='ltr'><strong>qui</strong></span> <span class='ocrx_word' id='word_1_178' title='bbox 1729 2054 1790 2115; x_wconf 91' lang='lat' dir='ltr'><strong>pro</strong></span> <span class='ocrx_word' id='word_1_179' title='bbox 1821 2046 1979 2116; x_wconf 86' lang='lat' dir='ltr'><strong>tempore</strong></span> 
     </span>
     <span class='ocr_line' id='line_1_19' title="bbox 296 2120 1978 2205; baseline 0.002 -22"><span class='ocrx_word' id='word_1_180' title='bbox 296 2121 422 2196; x_wconf 86' lang='lat' dir='ltr'><strong>fuerint,</strong></span> <span class='ocrx_word' id='word_1_181' title='bbox 447 2122 545 2184; x_wconf 93' lang='lat' dir='ltr'><strong>nichil</strong></span> <span class='ocrx_word' id='word_1_182' title='bbox 570 2121 667 2198; x_wconf 90' lang='lat' dir='ltr'><strong>aliud,</strong></span> <span class='ocrx_word' id='word_1_183' title='bbox 692 2141 791 2203; x_wconf 92' lang='lat' dir='ltr'><strong>quam</strong></span> <span class='ocrx_word' id='word_1_184' title='bbox 815 2121 848 2182; x_wconf 92' lang='lat' dir='ltr'><strong>in</strong></span> <span class='ocrx_word' id='word_1_185' title='bbox 872 2120 1051 2184; x_wconf 90' lang='lat' dir='ltr'><strong>concordia</strong></span> <span class='ocrx_word' id='word_1_186' title='bbox 1073 2123 1255 2203; x_wconf 87' lang='lat' dir='ltr'><strong>prescripta</strong></span> <span class='ocrx_word' id='word_1_187' title='bbox 1276 2131 1435 2185; x_wconf 88' lang='lat' dir='ltr'><strong>statutum</strong></span> <span class='ocrx_word' id='word_1_188' title='bbox 1451 2132 1509 2197; x_wconf 92' lang='lat' dir='ltr'><strong>est,</strong></span> <span class='ocrx_word' id='word_1_189' title='bbox 1534 2122 1731 2204; x_wconf 90' lang='lat' dir='ltr'><strong>disponendi</strong></span> <span class='ocrx_word' id='word_1_190' title='bbox 1747 2123 1799 2186; x_wconf 93' lang='lat' dir='ltr'><strong>vel</strong></span> <span class='ocrx_word' id='word_1_191' title='bbox 1816 2124 1978 2205; x_wconf 85' lang='lat' dir='ltr'><strong>exigendi</strong></span> 
     </span>
     <span class='ocr_line' id='line_1_20' title="bbox 295 2209 1978 2293; baseline 0.002 -21"><span class='ocrx_word' id='word_1_192' title='bbox 295 2210 482 2273; x_wconf 85' lang='lat' dir='ltr'><strong>facultatem</strong></span> <span class='ocrx_word' id='word_1_193' title='bbox 506 2210 684 2273; x_wconf 89' lang='lat' dir='ltr'><strong>habebunt.</strong></span> <span class='ocrx_word' id='word_1_194' title='bbox 731 2209 840 2291; x_wconf 83' lang='lat' dir='ltr'><strong>Quam</strong></span> <span class='ocrx_word' id='word_1_195' title='bbox 863 2211 976 2292; x_wconf 91' lang='lat' dir='ltr'><strong>utique</strong></span> <span class='ocrx_word' id='word_1_196' title='bbox 1000 2211 1276 2291; x_wconf 89' lang='lat' dir='ltr'><strong>compositionem</strong></span> <span class='ocrx_word' id='word_1_197' title='bbox 1299 2210 1402 2273; x_wconf 92' lang='lat' dir='ltr'><strong>felicis</strong></span> <span class='ocrx_word' id='word_1_198' title='bbox 1425 2212 1583 2274; x_wconf 89' lang='lat' dir='ltr'><strong>memorie</strong></span> <span class='ocrx_word' id='word_1_199' title='bbox 1603 2212 1854 2293; x_wconf 89' lang='lat' dir='ltr'><strong>predecessores</strong></span> <span class='ocrx_word' id='word_1_200' title='bbox 1870 2214 1978 2276; x_wconf 80' lang='lat' dir='ltr'><strong>nostri</strong></span> 
     </span>
     <span class='ocr_line' id='line_1_21' title="bbox 295 2296 1977 2384; baseline 0.002 -23"><span class='ocrx_word' id='word_1_201' title='bbox 295 2298 462 2362; x_wconf 89' lang='lat' dir='ltr'><strong>Adrianus</strong></span> <span class='ocrx_word' id='word_1_202' title='bbox 478 2297 504 2384; x_wconf 78' lang='lat'><strong>⁸)</strong></span> <span class='ocrx_word' id='word_1_203' title='bbox 527 2310 560 2363; x_wconf 90' lang='lat' dir='ltr'><strong>et</strong></span> <span class='ocrx_word' id='word_1_204' title='bbox 582 2299 775 2362; x_wconf 85' lang='lat' dir='ltr'><strong>Alexander</strong></span> <span class='ocrx_word' id='word_1_205' title='bbox 789 2296 824 2384; x_wconf 85' lang='lat'><strong>⁴),</strong></span> <span class='ocrx_word' id='word_1_206' title='bbox 848 2299 990 2362; x_wconf 90' lang='lat' dir='ltr'><strong>Romani</strong></span> <span class='ocrx_word' id='word_1_207' title='bbox 1014 2298 1197 2380; x_wconf 88' lang='lat' dir='ltr'><strong>pontifices,</strong></span> <span class='ocrx_word' id='word_1_208' title='bbox 1229 2301 1423 2364; x_wconf 89' lang='lat' dir='ltr'><strong>auctoritate</strong></span> <span class='ocrx_word' id='word_1_209' title='bbox 1446 2300 1631 2381; x_wconf 89' lang='lat' dir='ltr'><strong>apostolica</strong></span> <span class='ocrx_word' id='word_1_210' title='bbox 1654 2302 1871 2383; x_wconf 88' lang='lat' dir='ltr'><strong>postmodum</strong></span> <span class='ocrx_word' id='word_1_211' title='bbox 1896 2321 1977 2365; x_wconf 92' lang='lat' dir='ltr'><strong>con·</strong></span> 
     </span>
     <span class='ocr_line' id='line_1_22' title="bbox 296 2388 1979 2473; baseline 0.002 -23"><span class='ocrx_word' id='word_1_212' title='bbox 296 2388 472 2453; x_wconf 86' lang='lat' dir='ltr'><strong>firmarunt.</strong></span> <span class='ocrx_word' id='word_1_213' title='bbox 518 2389 626 2464; x_wconf 91' lang='lat' dir='ltr'><strong>Unde,</strong></span> <span class='ocrx_word' id='word_1_214' title='bbox 660 2390 816 2470; x_wconf 90' lang='lat' dir='ltr'><strong>quoniam</strong></span> <span class='ocrx_word' id='word_1_215' title='bbox 839 2407 912 2450; x_wconf 89' lang='lat' dir='ltr'><strong>eam</strong></span> <span class='ocrx_word' id='word_1_216' title='bbox 936 2408 955 2450; x_wconf 94' lang='lat' dir='ltr'><strong>a</strong></span> <span class='ocrx_word' id='word_1_217' title='bbox 978 2389 1076 2451; x_wconf 90' lang='lat' dir='ltr'><strong>uobis</strong></span> <span class='ocrx_word' id='word_1_218' title='bbox 1099 2409 1232 2471; x_wconf 89' lang='lat' dir='ltr'><strong>quoque</strong></span> <span class='ocrx_word' id='word_1_219' title='bbox 1260 2389 1372 2470; x_wconf 90' lang='lat' dir='ltr'><strong>petitis</strong></span> <span class='ocrx_word' id='word_1_220' title='bbox 1395 2389 1589 2466; x_wconf 90' lang='lat' dir='ltr'><strong>confirmari,</strong></span> <span class='ocrx_word' id='word_1_221' title='bbox 1622 2410 1691 2467; x_wconf 87' lang='lat' dir='ltr'><strong>nos,</strong></span> <span class='ocrx_word' id='word_1_222' title='bbox 1714 2393 1831 2454; x_wconf 91' lang='lat' dir='ltr'><strong>vestris</strong></span> <span class='ocrx_word' id='word_1_223' title='bbox 1861 2399 1979 2473; x_wconf 90' lang='lat' dir='ltr'><strong>postu·</strong></span> 
     </span>
     <span class='ocr_line' id='line_1_23' title="bbox 297 2475 1979 2566; baseline 0.002 -26"><span class='ocrx_word' id='word_1_224' title='bbox 297 2477 474 2541; x_wconf 89' lang='lat' dir='ltr'><strong>latiouibus</strong></span> <span class='ocrx_word' id='word_1_225' title='bbox 497 2488 686 2555; x_wconf 88' lang='lat' dir='ltr'><strong>annuentes,</strong></span> <span class='ocrx_word' id='word_1_226' title='bbox 710 2479 825 2560; x_wconf 88' lang='lat' dir='ltr'><strong>ipsam,</strong></span> <span class='ocrx_word' id='word_1_227' title='bbox 849 2478 932 2540; x_wconf 92' lang='lat' dir='ltr'><strong>sicut</strong></span> <span class='ocrx_word' id='word_1_228' title='bbox 955 2478 988 2540; x_wconf 92' lang='lat' dir='ltr'><strong>in</strong></span> <span class='ocrx_word' id='word_1_229' title='bbox 1012 2478 1177 2541; x_wconf 90' lang='lat' dir='ltr'><strong>autentico</strong></span> <span class='ocrx_word' id='word_1_230' title='bbox 1200 2479 1323 2560; x_wconf 88' lang='lat' dir='ltr'><strong>scripto</strong></span> <span class='ocrx_word' id='word_1_231' title='bbox 1347 2478 1464 2560; x_wconf 92' lang='lat' dir='ltr'><strong>prefati</strong></span> <span class='ocrx_word' id='word_1_232' title='bbox 1486 2498 1575 2560; x_wconf 90' lang='lat' dir='ltr'><strong>pape</strong></span> <span class='ocrx_word' id='word_1_233' title='bbox 1590 2475 1754 2566; x_wconf 85' lang='lat' dir='ltr'><strong>Eug(enii)</strong></span> <span class='ocrx_word' id='word_1_234' title='bbox 1778 2481 1979 2558; x_wconf 90' lang='lat' dir='ltr'><strong>continetur,</strong></span> 
     </span>
     <span class='ocr_line' id='line_1_24' title="bbox 298 2566 1979 2650; baseline 0.002 -20"><span class='ocrx_word' id='word_1_235' title='bbox 298 2567 491 2631; x_wconf 92' lang='lat' dir='ltr'><strong>auctoritate</strong></span> <span class='ocrx_word' id='word_1_236' title='bbox 503 2568 685 2649; x_wconf 89' lang='lat' dir='ltr'><strong>apostolica</strong></span> <span class='ocrx_word' id='word_1_237' title='bbox 697 2567 927 2630; x_wconf 88' lang='lat' dir='ltr'><strong>confirmamus</strong></span> <span class='ocrx_word' id='word_1_238' title='bbox 944 2577 977 2630; x_wconf 91' lang='lat' dir='ltr'><strong>et</strong></span> <span class='ocrx_word' id='word_1_239' title='bbox 991 2567 1152 2649; x_wconf 89' lang='lat' dir='ltr'><strong>presentis</strong></span> <span class='ocrx_word' id='word_1_240' title='bbox 1168 2568 1279 2650; x_wconf 89' lang='lat' dir='ltr'><strong>scripti</strong></span> <span class='ocrx_word' id='word_1_241' title='bbox 1296 2568 1481 2649; x_wconf 90' lang='lat' dir='ltr'><strong>patrocinio</strong></span> <span class='ocrx_word' id='word_1_242' title='bbox 1494 2571 1743 2632; x_wconf 89' lang='lat' dir='ltr'><strong>communimus.</strong></span> <span class='ocrx_word' id='word_1_243' title='bbox 1774 2566 1979 2646; x_wconf 89' lang='lat' dir='ltr'><strong>Statuentes,</strong></span> 
     </span>
     <span class='ocr_line' id='line_1_25' title="bbox 298 2655 1978 2740; baseline 0.002 -21"><span class='ocrx_word' id='word_1_244' title='bbox 298 2667 335 2719; x_wconf 92' lang='lat' dir='ltr'><strong>ut</strong></span> <span class='ocrx_word' id='word_1_245' title='bbox 357 2657 434 2719; x_wconf 93' lang='lat' dir='ltr'><strong>nulli</strong></span> <span class='ocrx_word' id='word_1_246' title='bbox 459 2659 593 2720; x_wconf 90' lang='lat' dir='ltr'><strong>omnino</strong></span> <span class='ocrx_word' id='word_1_247' title='bbox 621 2657 791 2720; x_wconf 92' lang='lat' dir='ltr'><strong>hominum</strong></span> <span class='ocrx_word' id='word_1_248' title='bbox 815 2656 918 2731; x_wconf 86' lang='lat' dir='ltr'><strong>liceat,</strong></span> <span class='ocrx_word' id='word_1_249' title='bbox 950 2655 1036 2719; x_wconf 89' lang='lat' dir='ltr'><strong>hanc</strong></span> <span class='ocrx_word' id='word_1_250' title='bbox 1059 2658 1215 2738; x_wconf 88' lang='lat' dir='ltr'><strong>paginam</strong></span> <span class='ocrx_word' id='word_1_251' title='bbox 1238 2667 1348 2720; x_wconf 91' lang='lat' dir='ltr'><strong>nostre</strong></span> <span class='ocrx_word' id='word_1_252' title='bbox 1381 2656 1638 2722; x_wconf 85' lang='lat' dir='ltr'><strong>confirmationis</strong></span> <span class='ocrx_word' id='word_1_253' title='bbox 1669 2659 1845 2740; x_wconf 86' lang='lat' dir='ltr'><strong>infringere</strong></span> <span class='ocrx_word' id='word_1_254' title='bbox 1866 2660 1923 2722; x_wconf 94' lang='lat' dir='ltr'><strong>vel</strong></span> <span class='ocrx_word' id='word_1_255' title='bbox 1948 2661 1978 2723; x_wconf 92' lang='lat' dir='ltr'><strong>ei</strong></span> 
     </span>
     <span class='ocr_line' id='line_1_26' title="bbox 298 2742 1980 2830; baseline 0.001 -21"><span class='ocrx_word' id='word_1_256' title='bbox 298 2767 376 2809; x_wconf 91' lang='lat' dir='ltr'><strong>ausu</strong></span> <span class='ocrx_word' id='word_1_257' title='bbox 407 2747 580 2809; x_wconf 89' lang='lat' dir='ltr'><strong>temerario</strong></span> <span class='ocrx_word' id='word_1_258' title='bbox 613 2747 784 2809; x_wconf 88' lang='lat' dir='ltr'><strong>contraire.</strong></span> <span class='ocrx_word' id='word_1_259' title='bbox 834 2742 868 2807; x_wconf 91' lang='lat' dir='ltr'><strong>Si</strong></span> <span class='ocrx_word' id='word_1_260' title='bbox 901 2747 973 2827; x_wconf 92' lang='lat' dir='ltr'><strong>quis</strong></span> <span class='ocrx_word' id='word_1_261' title='bbox 1004 2753 1113 2808; x_wconf 89' lang='lat' dir='ltr'><strong>autern</strong></span> <span class='ocrx_word' id='word_1_262' title='bbox 1144 2746 1207 2810; x_wconf 91' lang='lat' dir='ltr'><strong>hoc</strong></span> <span class='ocrx_word' id='word_1_263' title='bbox 1238 2757 1398 2810; x_wconf 91' lang='lat' dir='ltr'><strong>attentare</strong></span> <span class='ocrx_word' id='word_1_264' title='bbox 1428 2749 1678 2830; x_wconf 91' lang='lat' dir='ltr'><strong>presumpserit,</strong></span> <span class='ocrx_word' id='word_1_265' title='bbox 1710 2748 1980 2830; x_wconf 87' lang='lat' dir='ltr'><strong>indignationem</strong></span> 
     </span>
     <span class='ocr_line' id='line_1_27' title="bbox 298 2832 1979 2920; baseline 0.001 -22"><span class='ocrx_word' id='word_1_266' title='bbox 298 2832 549 2920; x_wconf 76' lang='lat' dir='ltr'><strong>omnipoltentis</strong></span> <span class='ocrx_word' id='word_1_267' title='bbox 572 2835 624 2898; x_wconf 92' lang='lat' dir='ltr'><strong>dei</strong></span> <span class='ocrx_word' id='word_1_268' title='bbox 649 2846 681 2899; x_wconf 89' lang='lat' dir='ltr'><strong>et</strong></span> <span class='ocrx_word' id='word_1_269' title='bbox 704 2834 875 2898; x_wconf 90' lang='lat' dir='ltr'><strong>beatorum</strong></span> <span class='ocrx_word' id='word_1_270' title='bbox 890 2834 975 2898; x_wconf 89' lang='lat' dir='ltr'><strong>Petri</strong></span> <span class='ocrx_word' id='word_1_271' title='bbox 991 2843 1023 2898; x_wconf 91' lang='lat' dir='ltr'><strong>et</strong></span> <span class='ocrx_word' id='word_1_272' title='bbox 1038 2835 1137 2912; x_wconf 93' lang='lat' dir='ltr'><strong>Pauli,</strong></span> <span class='ocrx_word' id='word_1_273' title='bbox 1162 2835 1390 2918; x_wconf 90' lang='lat' dir='ltr'><strong>apostolorum</strong></span> <span class='ocrx_word' id='word_1_274' title='bbox 1406 2837 1483 2910; x_wconf 92' lang='lat' dir='ltr'><strong>eius,</strong></span> <span class='ocrx_word' id='word_1_275' title='bbox 1507 2857 1542 2898; x_wconf 92' lang='lat' dir='ltr'><strong>se</strong></span> <span class='ocrx_word' id='word_1_276' title='bbox 1557 2839 1684 2900; x_wconf 92' lang='lat' dir='ltr'><strong>noverit</strong></span> <span class='ocrx_word' id='word_1_277' title='bbox 1699 2838 1916 2902; x_wconf 89' lang='lat' dir='ltr'><strong>incursurum.</strong></span> <span class='ocrx_word' id='word_1_278' title='bbox 1933 2874 1979 2884; x_wconf 98' lang='lat'>—</span> 
     </span>
     <span class='ocr_line' id='line_1_28' title="bbox 298 2922 808 3002; baseline -0.004 -15"><span class='ocrx_word' id='word_1_279' title='bbox 298 2924 375 2988; x_wconf 86' lang='lat' dir='ltr'><strong>Dat</strong></span> <span class='ocrx_word' id='word_1_280' title='bbox 399 2922 545 3002; x_wconf 92' lang='lat' dir='ltr'><strong>Velletri,</strong></span> <span class='ocrx_word' id='word_1_281' title='bbox 568 2938 617 2988; x_wconf 85' lang='lat' dir='ltr'><strong>xv</strong></span> <span class='ocrx_word' id='word_1_282' title='bbox 640 2924 693 2987; x_wconf 91' lang='lat' dir='ltr'><strong>Kl.</strong></span> <span class='ocrx_word' id='word_1_283' title='bbox 717 2923 808 2987; x_wconf 90' lang='lat' dir='ltr'><strong>Iunii.</strong></span> 
     </span>
    </p>
   </div>
   <div class='ocr_carea' id='block_1_6' title="bbox 294 3035 1983 3266">
    <p class='ocr_par' dir='ltr' id='par_1_6' title="bbox 294 3035 1983 3266">
     <span class='ocr_line' id='line_1_29' title="bbox 460 3035 1004 3088; baseline -0.004 0"><span class='ocrx_word' id='word_1_284' title='bbox 460 3039 502 3088; x_wconf 88' lang='lat' dir='ltr'><strong>Or.</strong></span> <span class='ocrx_word' id='word_1_285' title='bbox 521 3038 555 3088; x_wconf 85' lang='lat' dir='ltr'><strong>r&#39;rn</strong></span> <span class='ocrx_word' id='word_1_286' title='bbox 573 3037 687 3088; x_wconf 76' lang='lat' dir='ltr'><strong>Arebirio</strong></span> <span class='ocrx_word' id='word_1_287' title='bbox 704 3037 731 3086; x_wconf 86' lang='lat' dir='ltr'><strong>di</strong></span> <span class='ocrx_word' id='word_1_288' title='bbox 749 3037 816 3086; x_wconf 83' lang='lat' dir='ltr'><strong>State</strong></span> <span class='ocrx_word' id='word_1_289' title='bbox 833 3052 864 3085; x_wconf 77' lang='lat' dir='ltr'><strong>nr</strong></span> <span class='ocrx_word' id='word_1_290' title='bbox 881 3035 1004 3086; x_wconf 81' lang='lat' dir='ltr'><strong>Mailand</strong></span> 
     </span>
     <span class='ocr_line' id='line_1_30' title="bbox 459 3108 1983 3176; baseline 0.003 -17"><span class='ocrx_word' id='word_1_291' title='bbox 459 3111 529 3175; x_wconf 78' lang='lat' dir='ltr'><strong>Perg.</strong></span> <span class='ocrx_word' id='word_1_292' title='bbox 547 3110 609 3169; x_wconf 73' lang='lat' dir='ltr'><strong>ital,</strong></span> <span class='ocrx_word' id='word_1_293' title='bbox 634 3110 670 3159; x_wconf 88' lang='lat' dir='ltr'><strong>br.</strong></span> <span class='ocrx_word' id='word_1_294' title='bbox 689 3111 777 3170; x_wconf 75' lang='lat'><strong>0,202,</strong></span> <span class='ocrx_word' id='word_1_295' title='bbox 803 3110 866 3173; x_wconf 84' lang='lat' dir='ltr'><strong>tang</strong></span> <span class='ocrx_word' id='word_1_296' title='bbox 882 3110 961 3167; x_wconf 70' lang='grc'><em>0,]94</em></span> <span class='ocrx_word' id='word_1_297' title='bbox 985 3115 1060 3158; x_wconf 79' lang='lat' dir='ltr'><strong>rnrten</strong></span> <span class='ocrx_word' id='word_1_298' title='bbox 1084 3110 1160 3169; x_wconf 84' lang='lat' dir='ltr'><strong>0,ott</strong></span> <span class='ocrx_word' id='word_1_299' title='bbox 1185 3110 1374 3174; x_wconf 77' lang='lat' dir='ltr'><strong>engescnlagen,</strong></span> <span class='ocrx_word' id='word_1_300' title='bbox 1399 3108 1479 3159; x_wconf 84' lang='lat' dir='ltr'><strong>drrrcir</strong></span> <span class='ocrx_word' id='word_1_301' title='bbox 1503 3109 1562 3160; x_wconf 84' lang='lat' dir='ltr'><strong>rwei</strong></span> <span class='ocrx_word' id='word_1_302' title='bbox 1586 3111 1680 3160; x_wconf 75' lang='lat' dir='ltr'><strong>Lbctler</strong></span> <span class='ocrx_word' id='word_1_303' title='bbox 1699 3111 1757 3176; x_wconf 75' lang='lat' dir='ltr'><strong>gelet</strong></span> <span class='ocrx_word' id='word_1_304' title='bbox 1780 3111 1818 3162; x_wconf 87' lang='lat' dir='ltr'><strong>die</strong></span> <span class='ocrx_word' id='word_1_305' title='bbox 1842 3128 1901 3162; x_wconf 82' lang='lat' dir='ltr'><strong>rosa</strong></span> <span class='ocrx_word' id='word_1_306' title='bbox 1923 3115 1983 3164; x_wconf 75' lang='lat' dir='ltr'><strong>rard</strong></span> 
     </span>
     <span class='ocr_line' id='line_1_31' title="bbox 294 3179 1328 3266; baseline 0.001 -37"><span class='ocrx_word' id='word_1_307' title='bbox 294 3180 360 3247; x_wconf 77' lang='lat' dir='ltr'><strong>gelbe</strong></span> <span class='ocrx_word' id='word_1_308' title='bbox 377 3180 562 3241; x_wconf 79' lang='lat' dir='ltr'><strong>Seitensctmur,</strong></span> <span class='ocrx_word' id='word_1_309' title='bbox 582 3183 653 3231; x_wconf 87' lang='lat' dir='ltr'><strong>deren</strong></span> <span class='ocrx_word' id='word_1_310' title='bbox 671 3181 796 3245; x_wconf 69' lang='lat' dir='ltr'><strong>Blerlrr&#39;egel</strong></span> <span class='ocrx_word' id='word_1_311' title='bbox 809 3183 925 3240; x_wconf 83' lang='lat' dir='ltr'><strong>uerloren,</strong></span> <span class='ocrx_word' id='word_1_312' title='bbox 943 3179 1053 3246; x_wconf 72' lang='lat' dir='ltr'><strong>Fabiorg</strong></span> <span class='ocrx_word' id='word_1_313' title='bbox 1068 3179 1112 3230; x_wconf 86' lang='lat' dir='ltr'><strong>der</strong></span> <span class='ocrx_word' id='word_1_314' title='bbox 1127 3179 1231 3231; x_wconf 85' lang='lat' dir='ltr'><strong>Breven.</strong></span> <span class='ocrx_word' id='word_1_315' title='bbox 1321 3258 1328 3266; x_wconf 90' lang='lat'><em>.</em></span> 
     </span>
    </p>
   </div>
   <div class='ocr_carea' id='block_1_7' title="bbox 1039 3461 1225 3538">
    <p class='ocr_par' dir='ltr' id='par_1_7' title="bbox 1039 3461 1225 3538">
     <span class='ocr_line' id='line_1_32' title="bbox 1039 3461 1225 3538; baseline 0 -1"><span class='ocrx_word' id='word_1_316' title='bbox 1039 3461 1105 3538; x_wconf 88' lang='lat' dir='ltr'><strong>Nr.</strong></span> <span class='ocrx_word' id='word_1_317' title='bbox 1137 3465 1225 3538; x_wconf 88' lang='lat'><strong>331.</strong></span> 
     </span>
    </p>
   </div>
   <div class='ocr_carea' id='block_1_8' title="bbox 298 3591 1978 3769">
    <p class='ocr_par' dir='ltr' id='par_1_8' title="bbox 298 3591 1978 3769">
     <span class='ocr_line' id='line_1_33' title="bbox 298 3591 1978 3680; baseline 0.004 -20"><span class='ocrx_word' id='word_1_318' title='bbox 298 3595 418 3661; x_wconf 85' lang='lat' dir='ltr'><strong>Lucius</strong></span> <span class='ocrx_word' id='word_1_319' title='bbox 433 3594 499 3660; x_wconf 91' lang='lat' dir='ltr'><strong>III</strong></span> <span class='ocrx_word' id='word_1_320' title='bbox 509 3594 638 3680; x_wconf 82' lang='lat' dir='ltr'><strong>befirlclt</strong></span> <span class='ocrx_word' id='word_1_321' title='bbox 650 3594 724 3658; x_wconf 86' lang='lat' dir='ltr'><strong>dem</strong></span> <span class='ocrx_word' id='word_1_322' title='bbox 742 3591 868 3658; x_wconf 85' lang='lat' dir='ltr'><strong>Klerres</strong></span> <span class='ocrx_word' id='word_1_323' title='bbox 882 3595 952 3658; x_wconf 86' lang='lat' dir='ltr'><strong>und</strong></span> <span class='ocrx_word' id='word_1_324' title='bbox 974 3595 1068 3659; x_wconf 84' lang='lat' dir='ltr'><strong>Volke</strong></span> <span class='ocrx_word' id='word_1_325' title='bbox 1082 3617 1143 3660; x_wconf 86' lang='lat' dir='ltr'><strong>oon</strong></span> <span class='ocrx_word' id='word_1_326' title='bbox 1165 3595 1308 3676; x_wconf 87' lang='lat' dir='ltr'><strong>Oritano,</strong></span> <span class='ocrx_word' id='word_1_327' title='bbox 1332 3618 1366 3661; x_wconf 85' lang='lat' dir='ltr'><strong>es</strong></span> <span class='ocrx_word' id='word_1_328' title='bbox 1388 3597 1477 3662; x_wconf 82' lang='lat' dir='ltr'><strong>nicht</strong></span> <span class='ocrx_word' id='word_1_329' title='bbox 1500 3598 1579 3662; x_wconf 74' lang='lat' dir='ltr'><strong>cibel</strong></span> <span class='ocrx_word' id='word_1_330' title='bbox 1589 3619 1631 3662; x_wconf 81' lang='lat' dir='ltr'><strong>nu</strong></span> <span class='ocrx_word' id='word_1_331' title='bbox 1654 3599 1797 3677; x_wconf 80' lang='lat' dir='ltr'><strong>nehmen,</strong></span> <span class='ocrx_word' id='word_1_332' title='bbox 1822 3622 1919 3666; x_wconf 83' lang='lat' dir='ltr'><strong>werrn</strong></span> <span class='ocrx_word' id='word_1_333' title='bbox 1943 3604 1978 3666; x_wconf 90' lang='lat' dir='ltr'><strong>in</strong></span> 
     </span>
     <span class='ocr_line' id='line_1_34' title="bbox 625 3682 1673 3769; baseline 0.004 -21"><span class='ocrx_word' id='word_1_334' title='bbox 625 3685 687 3748; x_wconf 87' lang='lat' dir='ltr'><strong>der</strong></span> <span class='ocrx_word' id='word_1_335' title='bbox 699 3682 825 3749; x_wconf 82' lang='lat' dir='ltr'><strong>Kirclre</strong></span> <span class='ocrx_word' id='word_1_336' title='bbox 839 3705 900 3748; x_wconf 86' lang='lat' dir='ltr'><strong>von</strong></span> <span class='ocrx_word' id='word_1_337' title='bbox 915 3685 1070 3750; x_wconf 82' lang='lat' dir='ltr'><strong>Brindisi</strong></span> <span class='ocrx_word' id='word_1_338' title='bbox 1081 3687 1144 3749; x_wconf 86' lang='lat' dir='ltr'><strong>das</strong></span> <span class='ocrx_word' id='word_1_339' title='bbox 1164 3684 1318 3750; x_wconf 79' lang='lat' dir='ltr'><strong>Clericrna</strong></span> <span class='ocrx_word' id='word_1_340' title='bbox 1333 3686 1464 3751; x_wconf 83' lang='lat' dir='ltr'><strong>berritet</strong></span> <span class='ocrx_word' id='word_1_341' title='bbox 1477 3687 1587 3752; x_wconf 81' lang='lat' dir='ltr'><strong>werde</strong></span> <span class='ocrx_word' id='word_1_342' title='bbox 1603 3687 1642 3769; x_wconf 84' lang='lat'><strong>⁶).</strong></span> <span class='ocrx_word' id='word_1_343' title='bbox 1672 3687 1673 3690; x_wconf 66' lang='grc'>’</span> 
     </span>
    </p>
   </div>
   <div class='ocr_carea' id='block_1_9' title="bbox 902 3799 1365 3876">
    <p class='ocr_par' dir='ltr' id='par_1_9' title="bbox 902 3799 1365 3876">
     <span class='ocr_line' id='line_1_35' title="bbox 902 3799 1365 3876; baseline 0.002 -12"><span class='ocrx_word' id='word_1_344' title='bbox 902 3803 989 3864; x_wconf 84' lang='grc'><em>1183</em></span> <span class='ocrx_word' id='word_1_345' title='bbox 1003 3800 1185 3876; x_wconf 78' lang='lat' dir='ltr'><strong>Januara.</strong></span> <span class='ocrx_word' id='word_1_346' title='bbox 1225 3799 1365 3866; x_wconf 75' lang='lat' dir='ltr'><strong>Velletri,</strong></span> 
     </span>
    </p>
   </div>
   <div class='ocr_carea' id='block_1_10' title="bbox 290 3916 1978 5260">
    <p class='ocr_par' dir='ltr' id='par_1_10' title="bbox 290 3916 1978 5142">
     <span class='ocr_line' id='line_1_36' title="bbox 453 3916 1976 4003; baseline 0.005 -23"><span class='ocrx_word' id='word_1_347' title='bbox 453 3917 572 3981; x_wconf 88' lang='lat' dir='ltr'><strong>Lucius</strong></span> <span class='ocrx_word' id='word_1_348' title='bbox 596 3917 780 3999; x_wconf 91' lang='lat' dir='ltr'><strong>episcopus,</strong></span> <span class='ocrx_word' id='word_1_349' title='bbox 811 3935 923 3981; x_wconf 89' lang='lat' dir='ltr'><strong>servus</strong></span> <span class='ocrx_word' id='word_1_350' title='bbox 945 3939 1112 3982; x_wconf 91' lang='lat' dir='ltr'><strong>servorum</strong></span> <span class='ocrx_word' id='word_1_351' title='bbox 1137 3918 1199 3994; x_wconf 93' lang='lat' dir='ltr'><strong>dei,</strong></span> <span class='ocrx_word' id='word_1_352' title='bbox 1233 3918 1360 3982; x_wconf 87' lang='lat' dir='ltr'><strong>dilectis</strong></span> <span class='ocrx_word' id='word_1_353' title='bbox 1383 3917 1465 3994; x_wconf 85' lang='lat' dir='ltr'><strong>filiis,</strong></span> <span class='ocrx_word' id='word_1_354' title='bbox 1496 3916 1583 3981; x_wconf 90' lang='lat' dir='ltr'><strong>clero</strong></span> <span class='ocrx_word' id='word_1_355' title='bbox 1616 3929 1650 3982; x_wconf 90' lang='lat' dir='ltr'><strong>et</strong></span> <span class='ocrx_word' id='word_1_356' title='bbox 1672 3921 1799 4003; x_wconf 90' lang='lat' dir='ltr'><strong>populo</strong></span> <span class='ocrx_word' id='word_1_357' title='bbox 1823 3924 1976 4000; x_wconf 88' lang='lat' dir='ltr'><strong>Oritano,</strong></span> 
     </span>
     <span class='ocr_line' id='line_1_37' title="bbox 293 4003 1978 4094; baseline 0.004 -24"><span class='ocrx_word' id='word_1_358' title='bbox 293 4007 431 4070; x_wconf 90' lang='lat' dir='ltr'><strong>salutem</strong></span> <span class='ocrx_word' id='word_1_359' title='bbox 456 4003 503 4090; x_wconf 91' lang='lat' dir='ltr'><strong>(et</strong></span> <span class='ocrx_word' id='word_1_360' title='bbox 526 4006 742 4088; x_wconf 87' lang='lat' dir='ltr'><strong>apostolicam</strong></span> <span class='ocrx_word' id='word_1_361' title='bbox 765 4005 1053 4094; x_wconf 89' lang='lat' dir='ltr'><strong>benedictionem).</strong></span> <span class='ocrx_word' id='word_1_362' title='bbox 1099 4007 1181 4072; x_wconf 93' lang='lat' dir='ltr'><strong>Cum</strong></span> <span class='ocrx_word' id='word_1_363' title='bbox 1204 4009 1417 4071; x_wconf 90' lang='lat' dir='ltr'><strong>translatione</strong></span> <span class='ocrx_word' id='word_1_364' title='bbox 1433 4006 1642 4071; x_wconf 89' lang='lat' dir='ltr'><strong>ecclesiarum</strong></span> <span class='ocrx_word' id='word_1_365' title='bbox 1659 4009 1836 4092; x_wconf 86' lang='lat' dir='ltr'><strong>dignitates</strong></span> <span class='ocrx_word' id='word_1_366' title='bbox 1852 4015 1978 4093; x_wconf 90' lang='lat' dir='ltr'><strong>pariter</strong></span> 
     </span>
     <span class='ocr_line' id='line_1_38' title="bbox 294 4096 1977 4180; baseline 0.005 -22"><span class='ocrx_word' id='word_1_367' title='bbox 294 4097 535 4172; x_wconf 81' lang='lat' dir='ltr'><strong>transferantur,</strong></span> <span class='ocrx_word' id='word_1_368' title='bbox 564 4097 726 4171; x_wconf 92' lang='lat' dir='ltr'><strong>miramur,</strong></span> <span class='ocrx_word' id='word_1_369' title='bbox 757 4096 840 4159; x_wconf 89' lang='lat' dir='ltr'><strong>sicut</strong></span> <span class='ocrx_word' id='word_1_370' title='bbox 862 4115 1037 4176; x_wconf 89' lang='lat' dir='ltr'><strong>possumus</strong></span> <span class='ocrx_word' id='word_1_371' title='bbox 1061 4096 1103 4160; x_wconf 94' lang='lat' dir='ltr'><strong>de</strong></span> <span class='ocrx_word' id='word_1_372' title='bbox 1126 4098 1252 4160; x_wconf 91' lang='lat' dir='ltr'><strong>ratione</strong></span> <span class='ocrx_word' id='word_1_373' title='bbox 1276 4098 1394 4172; x_wconf 90' lang='lat' dir='ltr'><strong>mirari,</strong></span> <span class='ocrx_word' id='word_1_374' title='bbox 1425 4097 1516 4178; x_wconf 93' lang='lat' dir='ltr'><strong>quod</strong></span> <span class='ocrx_word' id='word_1_375' title='bbox 1540 4117 1612 4160; x_wconf 87' lang='lat' dir='ltr'><strong>eam</strong></span> <span class='ocrx_word' id='word_1_376' title='bbox 1637 4101 1790 4180; x_wconf 91' lang='lat' dir='ltr'><strong>quaeritis</strong></span> <span class='ocrx_word' id='word_1_377' title='bbox 1813 4103 1977 4167; x_wconf 90' lang='lat' dir='ltr'><strong>ecclesiae</strong></span> 
     </span>
     <span class='ocr_line' id='line_1_39' title="bbox 292 4185 1977 4274; baseline 0.005 -26"><span class='ocrx_word' id='word_1_378' title='bbox 292 4196 422 4248; x_wconf 88' lang='lat' dir='ltr'><strong>vestrae</strong></span> <span class='ocrx_word' id='word_1_379' title='bbox 438 4187 664 4249; x_wconf 88' lang='lat' dir='ltr'><strong>auctoritatem</strong></span> <span class='ocrx_word' id='word_1_380' title='bbox 680 4185 907 4267; x_wconf 89' lang='lat' dir='ltr'><strong>honoremque</strong></span> <span class='ocrx_word' id='word_1_381' title='bbox 923 4186 1051 4262; x_wconf 89' lang='lat' dir='ltr'><strong>servari,</strong></span> <span class='ocrx_word' id='word_1_382' title='bbox 1070 4207 1169 4268; x_wconf 91' lang='lat' dir='ltr'><strong>quam</strong></span> <span class='ocrx_word' id='word_1_383' title='bbox 1181 4187 1334 4250; x_wconf 90' lang='lat' dir='ltr'><strong>habuisse</strong></span> <span class='ocrx_word' id='word_1_384' title='bbox 1346 4187 1557 4267; x_wconf 87' lang='lat' dir='ltr'><strong>dignoscitur,</strong></span> <span class='ocrx_word' id='word_1_385' title='bbox 1576 4195 1652 4250; x_wconf 89' lang='lat' dir='ltr'><strong>ante</strong></span> <span class='ocrx_word' id='word_1_386' title='bbox 1666 4208 1765 4270; x_wconf 91' lang='lat' dir='ltr'><strong>quam</strong></span> <span class='ocrx_word' id='word_1_387' title='bbox 1778 4193 1977 4274; x_wconf 88' lang='lat' dir='ltr'><strong>metropolis</strong></span> 
     </span>
     <span class='ocr_line' id='line_1_40' title="bbox 292 4275 1978 4358; baseline 0.004 -20"><span class='ocrx_word' id='word_1_388' title='bbox 292 4275 466 4339; x_wconf 89' lang='lat' dir='ltr'><strong>Brundusii</strong></span> <span class='ocrx_word' id='word_1_389' title='bbox 495 4276 727 4350; x_wconf 86' lang='lat' dir='ltr'><strong>transferretur,</strong></span> <span class='ocrx_word' id='word_1_390' title='bbox 760 4294 961 4356; x_wconf 90' lang='lat' dir='ltr'><strong>quamquam</strong></span> <span class='ocrx_word' id='word_1_391' title='bbox 991 4275 1081 4358; x_wconf 90' lang='lat' dir='ltr'><strong>apud</strong></span> <span class='ocrx_word' id='word_1_392' title='bbox 1103 4275 1322 4339; x_wconf 90' lang='lat' dir='ltr'><strong>Brundusium</strong></span> <span class='ocrx_word' id='word_1_393' title='bbox 1354 4277 1458 4338; x_wconf 89' lang='lat' dir='ltr'><strong>multo</strong></span> <span class='ocrx_word' id='word_1_394' title='bbox 1491 4276 1596 4339; x_wconf 91' lang='lat' dir='ltr'><strong>maior</strong></span> <span class='ocrx_word' id='word_1_395' title='bbox 1618 4277 1794 4342; x_wconf 91' lang='lat' dir='ltr'><strong>multitudo</strong></span> <span class='ocrx_word' id='word_1_396' title='bbox 1827 4292 1978 4346; x_wconf 89' lang='lat' dir='ltr'><strong>moretur</strong></span> 
     </span>
     <span class='ocr_line' id='line_1_41' title="bbox 293 4363 1976 4448; baseline 0.004 -21"><span class='ocrx_word' id='word_1_397' title='bbox 293 4374 326 4427; x_wconf 92' lang='lat' dir='ltr'><strong>et</strong></span> <span class='ocrx_word' id='word_1_398' title='bbox 349 4365 381 4427; x_wconf 91' lang='lat' dir='ltr'><strong>in</strong></span> <span class='ocrx_word' id='word_1_399' title='bbox 404 4365 504 4428; x_wconf 89' lang='lat' dir='ltr'><strong>sacris</strong></span> <span class='ocrx_word' id='word_1_400' title='bbox 527 4365 570 4427; x_wconf 91' lang='lat' dir='ltr'><strong>sit</strong></span> <span class='ocrx_word' id='word_1_401' title='bbox 592 4364 774 4428; x_wconf 92' lang='lat' dir='ltr'><strong>canonibus</strong></span> <span class='ocrx_word' id='word_1_402' title='bbox 797 4363 989 4441; x_wconf 87' lang='lat' dir='ltr'><strong>institutum,</strong></span> <span class='ocrx_word' id='word_1_403' title='bbox 1014 4374 1050 4427; x_wconf 91' lang='lat' dir='ltr'><strong>ut</strong></span> <span class='ocrx_word' id='word_1_404' title='bbox 1073 4367 1248 4448; x_wconf 89' lang='lat' dir='ltr'><strong>episcopus</strong></span> <span class='ocrx_word' id='word_1_405' title='bbox 1272 4366 1304 4427; x_wconf 93' lang='lat' dir='ltr'><strong>in</strong></span> <span class='ocrx_word' id='word_1_406' title='bbox 1327 4363 1411 4428; x_wconf 94' lang='lat' dir='ltr'><strong>villis</strong></span> <span class='ocrx_word' id='word_1_407' title='bbox 1435 4384 1505 4428; x_wconf 92' lang='lat' dir='ltr'><strong>esse</strong></span> <span class='ocrx_word' id='word_1_408' title='bbox 1528 4385 1596 4428; x_wconf 91' lang='lat' dir='ltr'><strong>non</strong></span> <span class='ocrx_word' id='word_1_409' title='bbox 1620 4366 1742 4431; x_wconf 89' lang='lat' dir='ltr'><strong>debeat</strong></span> <span class='ocrx_word' id='word_1_410' title='bbox 1756 4368 1808 4431; x_wconf 90' lang='lat' dir='ltr'><strong>vel</strong></span> <span class='ocrx_word' id='word_1_411' title='bbox 1832 4372 1976 4434; x_wconf 90' lang='lat' dir='ltr'><strong>modicis</strong></span> 
     </span>
     <span class='ocr_line' id='line_1_42' title="bbox 291 4453 1976 4536; baseline 0.005 -21"><span class='ocrx_word' id='word_1_412' title='bbox 291 4454 381 4517; x_wconf 89' lang='lat' dir='ltr'><strong>vicis.</strong></span> <span class='ocrx_word' id='word_1_413' title='bbox 419 4454 506 4536; x_wconf 87' lang='lat' dir='ltr'><strong>Quia</strong></span> <span class='ocrx_word' id='word_1_414' title='bbox 522 4455 619 4535; x_wconf 86' lang='lat' dir='ltr'><strong>igitur</strong></span> <span class='ocrx_word' id='word_1_415' title='bbox 634 4464 749 4518; x_wconf 91' lang='lat' dir='ltr'><strong>contra</strong></span> <span class='ocrx_word' id='word_1_416' title='bbox 764 4453 1005 4517; x_wconf 90' lang='lat' dir='ltr'><strong>Brundusinam</strong></span> <span class='ocrx_word' id='word_1_417' title='bbox 1022 4455 1204 4532; x_wconf 88' lang='lat' dir='ltr'><strong>ecclesiam,</strong></span> <span class='ocrx_word' id='word_1_418' title='bbox 1228 4454 1278 4518; x_wconf 92' lang='lat' dir='ltr'><strong>cui</strong></span> <span class='ocrx_word' id='word_1_419' title='bbox 1293 4455 1377 4518; x_wconf 91' lang='lat' dir='ltr'><strong>sicut</strong></span> <span class='ocrx_word' id='word_1_420' title='bbox 1393 4455 1569 4536; x_wconf 90' lang='lat' dir='ltr'><strong>metropoli</strong></span> <span class='ocrx_word' id='word_1_421' title='bbox 1586 4457 1796 4520; x_wconf 89' lang='lat' dir='ltr'><strong>reverentiam</strong></span> <span class='ocrx_word' id='word_1_422' title='bbox 1813 4459 1976 4524; x_wconf 85' lang='lat' dir='ltr'><strong>exhibere</strong></span> 
     </span>
     <span class='ocr_line' id='line_1_43' title="bbox 291 4542 1976 4632; baseline 0.005 -28"><span class='ocrx_word' id='word_1_423' title='bbox 291 4543 465 4619; x_wconf 90' lang='lat' dir='ltr'><strong>tenemini,</strong></span> <span class='ocrx_word' id='word_1_424' title='bbox 502 4563 569 4606; x_wconf 90' lang='lat' dir='ltr'><strong>non</strong></span> <span class='ocrx_word' id='word_1_425' title='bbox 612 4554 661 4607; x_wconf 92' lang='lat' dir='ltr'><strong>est</strong></span> <span class='ocrx_word' id='word_1_426' title='bbox 689 4542 785 4606; x_wconf 90' lang='lat' dir='ltr'><strong>vobis</strong></span> <span class='ocrx_word' id='word_1_427' title='bbox 817 4563 916 4624; x_wconf 90' lang='lat' dir='ltr'><strong>super</strong></span> <span class='ocrx_word' id='word_1_428' title='bbox 946 4545 1010 4607; x_wconf 91' lang='lat' dir='ltr'><strong>hoc</strong></span> <span class='ocrx_word' id='word_1_429' title='bbox 1041 4543 1246 4626; x_wconf 85' lang='lat' dir='ltr'><strong>aliquatenus</strong></span> <span class='ocrx_word' id='word_1_430' title='bbox 1279 4543 1489 4626; x_wconf 88' lang='lat' dir='ltr'><strong>litigandum,</strong></span> <span class='ocrx_word' id='word_1_431' title='bbox 1521 4545 1721 4609; x_wconf 90' lang='lat' dir='ltr'><strong>universitati</strong></span> <span class='ocrx_word' id='word_1_432' title='bbox 1751 4557 1881 4611; x_wconf 87' lang='lat' dir='ltr'><strong>vestrae</strong></span> <span class='ocrx_word' id='word_1_433' title='bbox 1914 4571 1976 4632; x_wconf 90' lang='lat' dir='ltr'><strong>per</strong></span> 
     </span>
     <span class='ocr_line' id='line_1_44' title="bbox 292 4632 1975 4716; baseline 0.005 -23"><span class='ocrx_word' id='word_1_434' title='bbox 292 4632 475 4714; x_wconf 87' lang='lat' dir='ltr'><strong>apostolica</strong></span> <span class='ocrx_word' id='word_1_435' title='bbox 498 4635 620 4715; x_wconf 91' lang='lat' dir='ltr'><strong>scripta</strong></span> <span class='ocrx_word' id='word_1_436' title='bbox 643 4633 837 4695; x_wconf 88' lang='lat' dir='ltr'><strong>mandamus</strong></span> <span class='ocrx_word' id='word_1_437' title='bbox 859 4642 958 4714; x_wconf 90' lang='lat' dir='ltr'><strong>atque</strong></span> <span class='ocrx_word' id='word_1_438' title='bbox 973 4635 1201 4715; x_wconf 90' lang='lat' dir='ltr'><strong>praecipimus,</strong></span> <span class='ocrx_word' id='word_1_439' title='bbox 1225 4643 1387 4714; x_wconf 91' lang='lat' dir='ltr'><strong>quatenus</strong></span> <span class='ocrx_word' id='word_1_440' title='bbox 1403 4634 1435 4696; x_wconf 92' lang='lat' dir='ltr'><strong>in</strong></span> <span class='ocrx_word' id='word_1_441' title='bbox 1451 4634 1655 4716; x_wconf 88' lang='lat' dir='ltr'><strong>praescripta</strong></span> <span class='ocrx_word' id='word_1_442' title='bbox 1675 4635 1813 4699; x_wconf 89' lang='lat' dir='ltr'><strong>ecclesia</strong></span> <span class='ocrx_word' id='word_1_443' title='bbox 1828 4637 1975 4702; x_wconf 87' lang='lat' dir='ltr'><strong>chrisma</strong></span> 
     </span>
     <span class='ocr_line' id='line_1_45' title="bbox 291 4721 1975 4806; baseline 0.005 -22"><span class='ocrx_word' id='word_1_444' title='bbox 291 4721 418 4798; x_wconf 92' lang='lat' dir='ltr'><strong>confici,</strong></span> <span class='ocrx_word' id='word_1_445' title='bbox 441 4723 524 4786; x_wconf 90' lang='lat' dir='ltr'><strong>sicut</strong></span> <span class='ocrx_word' id='word_1_446' title='bbox 548 4724 581 4786; x_wconf 92' lang='lat' dir='ltr'><strong>in</strong></span> <span class='ocrx_word' id='word_1_447' title='bbox 604 4723 781 4804; x_wconf 89' lang='lat' dir='ltr'><strong>privilegiis</strong></span> <span class='ocrx_word' id='word_1_448' title='bbox 813 4723 1006 4798; x_wconf 90' lang='lat' dir='ltr'><strong>continetur,</strong></span> <span class='ocrx_word' id='word_1_449' title='bbox 1038 4743 1122 4806; x_wconf 93' lang='lat' dir='ltr'><strong>quae</strong></span> <span class='ocrx_word' id='word_1_450' title='bbox 1153 4723 1198 4786; x_wconf 94' lang='lat' dir='ltr'><strong>illi</strong></span> <span class='ocrx_word' id='word_1_451' title='bbox 1228 4723 1411 4804; x_wconf 86' lang='lat' dir='ltr'><strong>apostolica</strong></span> <span class='ocrx_word' id='word_1_452' title='bbox 1433 4723 1530 4786; x_wconf 92' lang='lat' dir='ltr'><strong>sedes</strong></span> <span class='ocrx_word' id='word_1_453' title='bbox 1560 4723 1703 4800; x_wconf 90' lang='lat' dir='ltr'><strong>indulsit,</strong></span> <span class='ocrx_word' id='word_1_454' title='bbox 1734 4745 1800 4789; x_wconf 92' lang='lat' dir='ltr'><strong>non</strong></span> <span class='ocrx_word' id='word_1_455' title='bbox 1831 4728 1975 4792; x_wconf 90' lang='lat' dir='ltr'><strong>moleste</strong></span> 
     </span>
     <span class='ocr_line' id='line_1_46' title="bbox 291 4811 1974 4895; baseline 0.005 -23"><span class='ocrx_word' id='word_1_456' title='bbox 291 4811 418 4887; x_wconf 89' lang='lat' dir='ltr'><strong>feratis,</strong></span> <span class='ocrx_word' id='word_1_457' title='bbox 450 4832 511 4874; x_wconf 91' lang='lat' dir='ltr'><strong>nec</strong></span> <span class='ocrx_word' id='word_1_458' title='bbox 541 4823 678 4894; x_wconf 91' lang='lat' dir='ltr'><strong>propter</strong></span> <span class='ocrx_word' id='word_1_459' title='bbox 707 4812 771 4874; x_wconf 92' lang='lat' dir='ltr'><strong>hoc</strong></span> <span class='ocrx_word' id='word_1_460' title='bbox 803 4812 946 4892; x_wconf 90' lang='lat' dir='ltr'><strong>aliquam</strong></span> <span class='ocrx_word' id='word_1_461' title='bbox 978 4813 1200 4895; x_wconf 90' lang='lat' dir='ltr'><strong>praescriptae</strong></span> <span class='ocrx_word' id='word_1_462' title='bbox 1223 4812 1381 4876; x_wconf 90' lang='lat' dir='ltr'><strong>ecclesiae</strong></span> <span class='ocrx_word' id='word_1_463' title='bbox 1403 4813 1454 4876; x_wconf 89' lang='lat' dir='ltr'><strong>vel</strong></span> <span class='ocrx_word' id='word_1_464' title='bbox 1487 4811 1737 4895; x_wconf 90' lang='lat' dir='ltr'><strong>archiepiscopo</strong></span> <span class='ocrx_word' id='word_1_465' title='bbox 1768 4815 1974 4881; x_wconf 89' lang='lat' dir='ltr'><strong>subtrahatis</strong></span> 
     </span>
     <span class='ocr_line' id='line_1_47' title="bbox 291 4901 1972 4986; baseline 0.004 -24"><span class='ocrx_word' id='word_1_466' title='bbox 291 4901 507 4963; x_wconf 90' lang='lat' dir='ltr'><strong>reverentiam</strong></span> <span class='ocrx_word' id='word_1_467' title='bbox 538 4911 593 4964; x_wconf 90' lang='lat' dir='ltr'><strong>aut</strong></span> <span class='ocrx_word' id='word_1_468' title='bbox 624 4901 801 4977; x_wconf 88' lang='lat' dir='ltr'><strong>honorem,</strong></span> <span class='ocrx_word' id='word_1_469' title='bbox 834 4901 912 4983; x_wconf 92' lang='lat' dir='ltr'><strong>quia</strong></span> <span class='ocrx_word' id='word_1_470' title='bbox 940 4922 1007 4965; x_wconf 91' lang='lat' dir='ltr'><strong>non</strong></span> <span class='ocrx_word' id='word_1_471' title='bbox 1039 4913 1089 4965; x_wconf 90' lang='lat' dir='ltr'><strong>est</strong></span> <span class='ocrx_word' id='word_1_472' title='bbox 1111 4902 1207 4965; x_wconf 91' lang='lat' dir='ltr'><strong>vobis</strong></span> <span class='ocrx_word' id='word_1_473' title='bbox 1245 4921 1344 4983; x_wconf 91' lang='lat' dir='ltr'><strong>super</strong></span> <span class='ocrx_word' id='word_1_474' title='bbox 1374 4901 1439 4965; x_wconf 92' lang='lat' dir='ltr'><strong>hoe</strong></span> <span class='ocrx_word' id='word_1_475' title='bbox 1469 4902 1674 4985; x_wconf 89' lang='lat' dir='ltr'><strong>aliquatenus</strong></span> <span class='ocrx_word' id='word_1_476' title='bbox 1705 4903 1972 4986; x_wconf 85' lang='lat' dir='ltr'><strong>disceptandum,</strong></span> 
     </span>
     <span class='ocr_line' id='line_1_48' title="bbox 291 4989 1973 5074; baseline 0.005 -23"><span class='ocrx_word' id='word_1_477' title='bbox 291 5009 365 5051; x_wconf 91' lang='lat' dir='ltr'><strong>cum</strong></span> <span class='ocrx_word' id='word_1_478' title='bbox 396 4989 477 5052; x_wconf 91' lang='lat' dir='ltr'><strong>nihil</strong></span> <span class='ocrx_word' id='word_1_479' title='bbox 508 5011 551 5053; x_wconf 88' lang='lat' dir='ltr'><strong>ex</strong></span> <span class='ocrx_word' id='word_1_480' title='bbox 580 4990 645 5054; x_wconf 90' lang='lat' dir='ltr'><strong>hoc</strong></span> <span class='ocrx_word' id='word_1_481' title='bbox 667 5002 845 5054; x_wconf 88' lang='lat' dir='ltr'><strong>vestrarum</strong></span> <span class='ocrx_word' id='word_1_482' title='bbox 877 4989 971 5054; x_wconf 91' lang='lat' dir='ltr'><strong>saluti</strong></span> <span class='ocrx_word' id='word_1_483' title='bbox 1003 4991 1160 5074; x_wconf 88' lang='lat' dir='ltr'><strong>depereat</strong></span> <span class='ocrx_word' id='word_1_484' title='bbox 1190 4992 1380 5054; x_wconf 90' lang='lat' dir='ltr'><strong>animarum.</strong></span> <span class='ocrx_word' id='word_1_485' title='bbox 1404 5027 1447 5038; x_wconf 92' lang='lat'>—</span> <span class='ocrx_word' id='word_1_486' title='bbox 1469 4991 1594 5054; x_wconf 91' lang='lat' dir='ltr'><strong>Datum</strong></span> <span class='ocrx_word' id='word_1_487' title='bbox 1617 4990 1764 5068; x_wconf 90' lang='lat' dir='ltr'><strong>Velletri,</strong></span> <span class='ocrx_word' id='word_1_488' title='bbox 1793 5005 1831 5056; x_wconf 90' lang='lat' dir='ltr'><strong>1v</strong></span> <span class='ocrx_word' id='word_1_489' title='bbox 1854 4995 1973 5060; x_wconf 90' lang='lat' dir='ltr'><strong>Nonas</strong></span> 
     </span>
     <span class='ocr_line' id='line_1_49' title="bbox 290 5078 439 5142; baseline 0 -1"><span class='ocrx_word' id='word_1_490' title='bbox 290 5078 439 5142; x_wconf 90' lang='lat' dir='ltr'><strong>Ianuarii.</strong></span> 
     </span>
    </p>

    <p class='ocr_par' dir='ltr' id='par_1_11' title="bbox 448 5191 1695 5260">
     <span class='ocr_line' id='line_1_50' title="bbox 448 5191 1695 5260; baseline 0.004 -19"><span class='ocrx_word' id='word_1_491' title='bbox 448 5191 574 5258; x_wconf 80' lang='lat' dir='ltr'><strong>Abscbrist</strong></span> <span class='ocrx_word' id='word_1_492' title='bbox 589 5191 629 5242; x_wconf 85' lang='lat' dir='ltr'><strong>des</strong></span> <span class='ocrx_word' id='word_1_493' title='bbox 650 5191 728 5241; x_wconf 74' lang='lat' dir='ltr'><strong>Codex</strong></span> <span class='ocrx_word' id='word_1_494' title='bbox 747 5191 845 5257; x_wconf 68' lang='lat' dir='ltr'><strong>dptbnr.</strong></span> <span class='ocrx_word' id='word_1_495' title='bbox 864 5191 970 5242; x_wconf 70' lang='lat' dir='ltr'><strong>ecclessiae</strong></span> <span class='ocrx_word' id='word_1_496' title='bbox 988 5191 1170 5253; x_wconf 74' lang='lat' dir='ltr'><strong>Bnnrdrcn&#39;rrae,</strong></span> <span class='ocrx_word' id='word_1_497' title='bbox 1189 5192 1224 5244; x_wconf 90' lang='lat' dir='ltr'><strong>irn</strong></span> <span class='ocrx_word' id='word_1_498' title='bbox 1240 5192 1355 5244; x_wconf 79' lang='lat' dir='ltr'><strong>Arcbivio</strong></span> <span class='ocrx_word' id='word_1_499' title='bbox 1376 5193 1558 5260; x_wconf 63' lang='lat' dir='ltr'><strong>capitolarius</strong></span> <span class='ocrx_word' id='word_1_500' title='bbox 1575 5193 1695 5246; x_wconf 77' lang='lat' dir='ltr'><strong>Brindin.</strong></span> 
     </span>
    </p>
   </div>
   <div class='ocr_carea' id='block_1_11' title="bbox 288 5458 1972 5728">
    <p class='ocr_par' dir='ltr' id='par_1_12' title="bbox 288 5458 1972 5728">
     <span class='ocr_line' id='line_1_51' title="bbox 452 5458 1972 5529; baseline 0.004 -20"><span class='ocrx_word' id='word_1_501' title='bbox 452 5459 476 5522; x_wconf 82' lang='lat'><strong>1)</strong></span> <span class='ocrx_word' id='word_1_502' title='bbox 501 5459 578 5525; x_wconf 79' lang='lat' dir='ltr'><strong>Vergl.</strong></span> <span class='ocrx_word' id='word_1_503' title='bbox 597 5458 635 5508; x_wconf 89' lang='lat' dir='ltr'><strong>die</strong></span> <span class='ocrx_word' id='word_1_504' title='bbox 656 5458 773 5510; x_wconf 80' lang='lat' dir='ltr'><strong>Urkrerrde</strong></span> <span class='ocrx_word' id='word_1_505' title='bbox 790 5474 845 5509; x_wconf 83' lang='lat' dir='ltr'><strong>verr</strong></span> <span class='ocrx_word' id='word_1_506' title='bbox 864 5460 899 5509; x_wconf 77' lang='lat'><strong>20</strong></span> <span class='ocrx_word' id='word_1_507' title='bbox 921 5458 1019 5508; x_wconf 79' lang='lat' dir='ltr'><strong>October</strong></span> <span class='ocrx_word' id='word_1_508' title='bbox 1037 5461 1207 5510; x_wconf 81' lang='lat' dir='ltr'><strong>uto-1180</strong></span> <span class='ocrx_word' id='word_1_509' title='bbox 1226 5461 1315 5511; x_wconf 72' lang='lat' dir='ltr'><strong>und&amp;</strong></span> <span class='ocrx_word' id='word_1_510' title='bbox 1333 5461 1466 5512; x_wconf 84' lang='lat' dir='ltr'><strong>November</strong></span> <span class='ocrx_word' id='word_1_511' title='bbox 1484 5462 1659 5512; x_wconf 74' lang='lat' dir='ltr'><strong>ttae-1185.</strong></span> <span class='ocrx_word' id='word_1_512' title='bbox 1745 5463 1772 5529; x_wconf 82' lang='lat' dir='ltr'><strong>a)</strong></span> <span class='ocrx_word' id='word_1_513' title='bbox 1792 5462 1842 5512; x_wconf 88' lang='lat' dir='ltr'><strong>Die</strong></span> <span class='ocrx_word' id='word_1_514' title='bbox 1865 5464 1972 5515; x_wconf 63' lang='lat' dir='ltr'><strong>mere</strong></span> 
     </span>
     <span class='ocr_line' id='line_1_52' title="bbox 289 5530 1971 5603; baseline 0.002 -21"><span class='ocrx_word' id='word_1_515' title='bbox 289 5534 437 5598; x_wconf 77' lang='lat' dir='ltr'><strong>orngrstellte</strong></span> <span class='ocrx_word' id='word_1_516' title='bbox 459 5530 577 5581; x_wconf 81' lang='lat' dir='ltr'><strong>Urkrende</strong></span> <span class='ocrx_word' id='word_1_517' title='bbox 593 5531 684 5582; x_wconf 75' lang='lat' dir='ltr'><strong>scierint</strong></span> <span class='ocrx_word' id='word_1_518' title='bbox 699 5531 766 5582; x_wconf 81' lang='lat' dir='ltr'><strong>nicbt</strong></span> <span class='ocrx_word' id='word_1_519' title='bbox 782 5533 890 5582; x_wconf 81' lang='lat' dir='ltr'><strong>erbolten</strong></span> <span class='ocrx_word' id='word_1_520' title='bbox 906 5547 936 5580; x_wconf 84' lang='lat' dir='ltr'><strong>nr</strong></span> <span class='ocrx_word' id='word_1_521' title='bbox 954 5531 1012 5584; x_wconf 82' lang='lat' dir='ltr'><strong>ser&#39;n,</strong></span> <span class='ocrx_word' id='word_1_522' title='bbox 1094 5531 1120 5598; x_wconf 80' lang='lat'><strong>3)</strong></span> <span class='ocrx_word' id='word_1_523' title='bbox 1140 5533 1233 5582; x_wconf 82' lang='lat' dir='ltr'><strong>Ebenso</strong></span> <span class='ocrx_word' id='word_1_524' title='bbox 1250 5532 1294 5582; x_wconf 69' lang='lat' dir='ltr'><strong>cun</strong></span> <span class='ocrx_word' id='word_1_525' title='bbox 1310 5534 1385 5584; x_wconf 78' lang='lat' dir='ltr'><strong>Anne.</strong></span> <span class='ocrx_word' id='word_1_526' title='bbox 1404 5533 1427 5582; x_wconf 71' lang='lat'><strong>2.</strong></span> <span class='ocrx_word' id='word_1_527' title='bbox 1518 5535 1547 5599; x_wconf 91' lang='lat'><strong>4)</strong></span> <span class='ocrx_word' id='word_1_528' title='bbox 1572 5533 1649 5600; x_wconf 75' lang='lat' dir='ltr'><strong>Vergl.</strong></span> <span class='ocrx_word' id='word_1_529' title='bbox 1667 5535 1741 5586; x_wconf 73' lang='lat' dir='ltr'><strong>Anna</strong></span> <span class='ocrx_word' id='word_1_530' title='bbox 1761 5537 1783 5582; x_wconf 85' lang='lat'><strong>1.</strong></span> <span class='ocrx_word' id='word_1_531' title='bbox 1877 5541 1906 5603; x_wconf 83' lang='grc'><strong>5)</strong></span> <span class='ocrx_word' id='word_1_532' title='bbox 1924 5537 1971 5586; x_wconf 84' lang='lat' dir='ltr'><strong>Die</strong></span> 
     </span>
     <span class='ocr_line' id='line_1_53' title="bbox 290 5602 1970 5672; baseline 0.003 -18"><span class='ocrx_word' id='word_1_533' title='bbox 290 5605 416 5670; x_wconf 80' lang='lat' dir='ltr'><strong>Absclrrist</strong></span> <span class='ocrx_word' id='word_1_534' title='bbox 432 5603 508 5652; x_wconf 82' lang='lat' dir='ltr'><strong>dieser</strong></span> <span class='ocrx_word' id='word_1_535' title='bbox 528 5603 646 5653; x_wconf 79' lang='lat' dir='ltr'><strong>Urkunde</strong></span> <span class='ocrx_word' id='word_1_536' title='bbox 663 5603 784 5652; x_wconf 70' lang='lat' dir='ltr'><strong>undante</strong></span> <span class='ocrx_word' id='word_1_537' title='bbox 803 5603 841 5653; x_wconf 83' lang='lat' dir='ltr'><strong>icb</strong></span> <span class='ocrx_word' id='word_1_538' title='bbox 859 5604 944 5653; x_wconf 85' lang='lat' dir='ltr'><strong>Herm</strong></span> <span class='ocrx_word' id='word_1_539' title='bbox 956 5602 1114 5652; x_wconf 83' lang='lat' dir='ltr'><strong>Arcidiaccno</strong></span> <span class='ocrx_word' id='word_1_540' title='bbox 1135 5605 1259 5656; x_wconf 76' lang='lat' dir='ltr'><strong>Giovonrd</strong></span> <span class='ocrx_word' id='word_1_541' title='bbox 1279 5604 1449 5656; x_wconf 81' lang='lat' dir='ltr'><strong>Tarentini</strong></span> <span class='ocrx_word' id='word_1_542' title='bbox 1463 5620 1493 5654; x_wconf 88' lang='lat' dir='ltr'><strong>nr</strong></span> <span class='ocrx_word' id='word_1_543' title='bbox 1505 5605 1622 5656; x_wconf 78' lang='lat' dir='ltr'><strong>Brindisi</strong></span> <span class='ocrx_word' id='word_1_544' title='bbox 1643 5631 1676 5644; x_wconf 91' lang='lat'><strong>-·</strong></span> <span class='ocrx_word' id='word_1_545' title='bbox 1701 5606 1779 5672; x_wconf 80' lang='lat' dir='ltr'><strong>Vergl.</strong></span> <span class='ocrx_word' id='word_1_546' title='bbox 1798 5605 1837 5655; x_wconf 86' lang='lat' dir='ltr'><strong>die</strong></span> <span class='ocrx_word' id='word_1_547' title='bbox 1852 5607 1970 5659; x_wconf 60' lang='lat' dir='ltr'><strong>Urbate</strong></span> 
     </span>
     <span class='ocr_line' id='line_1_54' title="bbox 288 5675 1066 5728; baseline -0.003 0"><span class='ocrx_word' id='word_1_548' title='bbox 288 5691 344 5727; x_wconf 85' lang='lat' dir='ltr'><strong>vrnr</strong></span> <span class='ocrx_word' id='word_1_549' title='bbox 362 5680 397 5728; x_wconf 78' lang='grc'><strong>24</strong></span> <span class='ocrx_word' id='word_1_550' title='bbox 415 5675 546 5726; x_wconf 77' lang='lat' dir='ltr'><strong>December</strong></span> <span class='ocrx_word' id='word_1_551' title='bbox 564 5677 631 5725; x_wconf 84' lang='grc'><em>1100</em></span> <span class='ocrx_word' id='word_1_552' title='bbox 646 5676 706 5725; x_wconf 86' lang='lat' dir='ltr'><strong>rrnd</strong></span> <span class='ocrx_word' id='word_1_553' title='bbox 720 5677 757 5727; x_wconf 79' lang='lat' dir='ltr'><strong>to</strong></span> <span class='ocrx_word' id='word_1_554' title='bbox 777 5675 874 5725; x_wconf 76' lang='lat' dir='ltr'><strong>October</strong></span> <span class='ocrx_word' id='word_1_555' title='bbox 890 5676 1066 5726; x_wconf 76' lang='lat' dir='ltr'><strong>nra-1174.</strong></span> 
     </span>
    </p>
   </div>
   <div class='ocr_carea' id='block_1_12' title="bbox 0 0 2076 6358">
    <p class='ocr_par' dir='ltr' id='par_1_13' title="bbox 0 0 2076 6358">
     <span class='ocr_line' id='line_1_55' title="bbox 0 0 2076 6358; baseline 0 0"><span class='ocrx_word' id='word_1_556' title='bbox 0 0 2076 6358; x_wconf 95' lang='lat' dir='ltr'><strong> </strong></span> 
     </span>
    </p>
   </div>
  </div>
 </body>
</html>
