4142 6366
319 335 383 403 254

1060 509 1126 582 Nr.
1155 509 1243 584 259.

317 642 501 707 Alexander
516 643 582 707 III
601 641 749 724 bestringrt
773 640 846 704 dem
863 641 998 725 Beirger
1020 638 1154 726 Philipp
1179 661 1239 703 von
1258 633 1417 705 Bari'die
1440 642 1558 706 Rechte
1583 643 1652 706 und
1674 644 1916 708 Besz'tathr'c'mer
1936 647 1994 710 der

494 753 555 795 von
572 731 640 795 ihm
655 730 844 794 errichteten
862 729 896 792 K
901 729 989 794 irclre
1005 729 1072 793 San
1089 727 1195 793 Pr'elro
1210 752 1228 792 e
1242 731 1374 794 Atzdrea
1390 731 1429 794 di
1444 732 1614 796 Basiliano
1629 734 1690 814 (D.
1707 734 1818 812 Bari).

955 847 1042 907 1177
1055 845 1154 909 Mc'irz
1170 849 1220 909 16.
1250 845 1351 910 Zara.

478 962 671 1026 Alexander
695 965 879 1046 episcopus,
908 981 1019 1024 servus
1042 981 1211 1025 servorum
1235 964 1298 1038 dei,
1331 963 1459 1027 dilectis
1482 963 1553 1027 filiis
1576 963 1736 1048 Philippo,
1760 965 1898 1027 Barensi
1922 967 1993 1041 civi,

318 1057 451 1134 eiusque
475 1052 658 1127 heredibus,
681 1065 718 1114 ΙΝ
741 1065 818 1115 ΡΡΜ.
842 1086 886 1098 -
906 1053 911 1128 Ι
929 1052 1028 1114 Votis
1051 1059 1083 1113 et
1099 1050 1276 1126 desideriis,
1301 1073 1365 1134 que
1382 1053 1548 1116 arationis
1569 1054 1698 1118 tramite
1714 1074 1777 1116 non
1795 1054 1994 1131 discordant,

316 1139 478 1230 li[bent]er
505 1142 666 1206 debemus
696 1161 836 1205 annuere
869 1149 902 1204 et
932 1159 1045 1203 eorum
1069 1141 1360 1222 supplicationibus
1384 1150 1541 1206 consueta
1563 1139 1777 1229 belnignitate
1808 1144 1993 1220 admittere,

318 1235 374 1314 qui
398 1253 474 1315 erga
493 1235 520 1311 ⁸)
545 1231 677 1295 beatum
701 1231 831 1294 Petrum
856 1238 889 1293 et
913 1249 990 1312 erga
1018 1249 1077 1291 nos
1100 1226 1212 1315 ipso[s]
1243 1229 1341 1294 fidem
1374 1232 1556 1314 probantur
1585 1240 1791 1296 constantem
1824 1253 1940 1314 gerere
1963 1242 1995 1296 et

316 1323 527 1386 devotionem
559 1319 714 1385 exhibere
744 1321 911 1383 sinceram.
956 1318 1027 1382 Tue
1058 1319 1156 1399 igitur
1184 1319 1347 1384 laudande
1379 1321 1565 1384 devotionis
1598 1330 1630 1383 et
1661 1321 1744 1395 fidei,
1777 1340 1876 1401 quam
1908 1324 1995 1386 circa

316 1407 440 1498 de[um]
465 1419 498 1474 et
522 1411 693 1475 ecclesiam
717 1412 811 1492 geris,
843 1410 965 1472 meritis
989 1411 1160 1490 provocati
1186 1417 1227 1484 et,
1251 1427 1350 1489 quam
1373 1419 1564 1492 promptum
1588 1418 1623 1474 te
1646 1419 1679 1473 et
1702 1410 1883 1474 ferventem
1909 1411 1993 1476 circa

317 1502 513 1582 obsequium
544 1501 630 1563 beati
653 1500 738 1563 Petri
768 1506 800 1561 et
831 1507 976 1560 nostrum
1007 1496 1172 1572 exhibeas,
1203 1495 1450 1585 attend[entes],
1489 1499 1549 1562 tibi
1579 1498 1822 1580 heredibusque
1853 1501 1919 1564 tuis
1952 1502 1994 1565 de

317 1599 474 1653 consueta
493 1590 521 1669 b)
539 1590 711 1652 clementia
728 1595 761 1649 et
779 1588 979 1670 benignitate
995 1587 1083 1649 sedis
1099 1587 1281 1668 apostolice
1298 1588 1514 1670 indulgemus
1530 1597 1566 1651 ut
1577 1589 1619 1651 ad
1632 1588 1804 1653 ecclesiam
1817 1590 1993 1654 beatorum

316 1679 541 1762 apostolorum
565 1675 675 1764 Petlri]
700 1685 732 1740 et
756 1676 899 1752 Andree,
923 1695 1021 1756 quam
1049 1696 1115 1738 non
1137 1676 1233 1758 longe
1256 1697 1275 1740 a
1298 1676 1433 1740 castello
1457 1677 1620 1741 Basiliano
1649 1679 1680 1741 in
1710 1680 1846 1761 proprio
1869 1679 1996 1743 allodio

318 1771 538 1843 construxisti,
570 1767 691 1830 licitum
721 1768 764 1828 sit
785 1767 888 1841 vobis,
921 1765 1126 1847 capellanum
1151 1761 1295 1852 eligelre]
1327 1775 1361 1829 et
1384 1767 1517 1830 Barensi
1549 1765 1808 1851 archiepiscopo
1841 1769 1873 1830 in
1904 1771 1996 1832 cuius

318 1858 454 1940 dyocesi
477 1865 535 1933 est,
558 1864 755 1940 presentare,
780 1864 815 1918 ut
837 1855 880 1919 ab
904 1875 954 1930 e0,
977 1855 1002 1917 si
1026 1854 1164 1916 idoneus
1188 1854 1294 1931 fuerit,
1321 1876 1431 1919 curam
1455 1857 1608 1939 suscipiat
1624 1860 1814 1933 animarum,
1838 1865 1872 1921 et
1896 1878 1995 1921 unam

317 1948 433 2011 libram
456 1947 578 2010 incensi
601 1954 634 2008 et
662 1955 728 2008 tres
755 1965 829 2009 cere
851 1944 956 2008 solvat
979 1965 1040 2025 pro
1066 1946 1213 2025 predicta
1237 1944 1374 2008 ecclesia
1398 1947 1573 2022 annuatim,
1607 1955 1639 2010 et
1663 1945 1759 2009 nichil
1785 1945 1830 2010 ibi
1854 1947 1995 2030 amplius

317 2039 467 2100 Barensis
482 2034 748 2118 archiepiscopus
764 2037 896 2117 exigere
912 2033 1024 2117 possit,
1044 2033 1323 2115 quemadmodum
1341 2034 1464 2099 abone
1481 2037 1639 2100 memorie
1654 2034 1806 2111 Iohanne,
1821 2037 1993 2116 quondam

317 2127 450 2190 Barensi
479 2124 728 2207 archiepiscopo
748 2125 780 2204 ¹),
810 2131 966 2186 statutum
997 2130 1047 2184 est
1079 2131 1112 2185 et
1141 2119 1358 2210 venerabilis]
1390 2124 1494 2187 fratris
1525 2126 1625 2188 nostri
1656 2125 1807 2201 Rainerii,
1840 2127 1993 2189 Berensis

317 2215 556 2298 archiepiscopi
572 2212 613 2299 ²),
651 2213 823 2298 privilegio
855 2213 1055 2276 roboratum.
1109 2209 1211 2288 Sane,
1250 2217 1277 2276 si
1316 2212 1478 2297 prelibata
1510 2214 1648 2278 ecclesia
1679 2215 1912 2279 monasterium
1943 2215 1993 2279 vel

317 2306 472 2370 canonica
493 2299 621 2390 fu[e]rit,
643 2302 748 2367 abbas
769 2323 826 2366 seu
851 2304 939 2385 prior
969 2301 1112 2364 ibicum
1143 2301 1279 2367 consilio
1303 2311 1336 2366 et
1359 2323 1491 2366 assensu
1521 2311 1579 2366 tuo
1603 2312 1637 2367 et
1666 2302 1826 2368 heredum
1858 2312 1991 2368 tuorum

317 2395 475 2458 electione
506 2394 638 2457 fratrum
671 2393 862 2466 instituatur,
893 2394 949 2472 qui
973 2411 991 2454 e
1015 2437 1022 2453 .
1046 2439 1053 2453 .
1077 2411 1130 2454 am
1161 2391 1298 2456 clericos
1328 2401 1361 2455 et
1390 2393 1502 2469 laicos,
1532 2392 1654 2457 liberos
1684 2401 1717 2456 et
1747 2392 1928 2468 absolutos,
1963 2394 1993 2456 in

318 2486 437 2549 eodem
460 2484 536 2547 loco
560 2485 665 2565 possit
688 2482 755 2544 sine
783 2481 917 2546 alicuius
949 2480 1208 2544 contradictione
1239 2483 1282 2545 ad
1315 2483 1561 2545 conversionem
1592 2485 1747 2566 recipere,
1778 2479 1936 2569 [ceheum
1961 2491 1993 2547 et

317 2574 442 2637 fontem
464 2575 496 2636 in
520 2579 633 2636 sancto
656 2570 797 2635 sabbato
821 2570 1026 2645 benedicere,
1055 2590 1233 2652 campanas
1256 2579 1290 2634 et
1313 2570 1440 2654 pulsum
1464 2591 1581 2635 sonare
1604 2580 1638 2635 et
1661 2575 1909 2655 processionem
1932 2592 1992 2655 pro

318 2665 397 2727 vivis
429 2671 461 2726 et
492 2662 626 2725 mortuis
657 2656 798 2748 face[re],
830 2661 912 2723 sicut
944 2661 975 2722 in
1008 2659 1179 2741 privilegio
1210 2661 1347 2742 predicti
1378 2661 1527 2736 Rainerii,
1558 2663 1710 2725 Barensis
1741 2660 1991 2745 archiepiscopi,

319 2755 425 2817 eidem
448 2751 585 2815 ecclesie
612 2751 755 2813 noscitur
784 2769 856 2813 esse
889 2748 1058 2824 indultum,
1088 2757 1251 2813 reservata
1274 2752 1409 2813 Barensi
1439 2748 1687 2834 archiepiscopo
1719 2747 1991 2838 consec[ratione]

318 2843 417 2924 ipsius
440 2840 587 2917 ecclesie,
610 2840 815 2903 ordinatione
839 2838 1028 2902 clericorum
1046 2846 1079 2900 et
1094 2838 1324 2902 benedictione
1340 2839 1478 2914 abbatis,
1502 2843 1529 2903 si
1545 2841 1679 2920 quando
1695 2842 1739 2905 ibi
1756 2843 1991 2904 monasterium

319 2932 423 2995 fuerit.
470 2931 684 2993 Decemimus
708 2949 797 3011 ergo,
828 2937 864 2990 ut
895 2923 997 3013 nul[li]
1029 2929 1162 2990 omnino
1192 2927 1362 2992 hominum
1385 2928 1496 3004 liceat,
1528 2929 1687 3012 prefatam
1721 2930 1894 2993 ecclesiam
1920 2979 1927 2993 .
1951 2980 1958 2992 .
1984 2980 1990 2992 .

239 3067 244 3083 ,
319 3022 431 3085 usibus
453 3020 652 3083 omnimodis
676 3017 854 3099 profutura,
885 3017 974 3080 salva
998 3017 1084 3078 sedis
1107 3016 1287 3099 apostolice
1310 3019 1502 3082 auctoritate
1526 3027 1559 3082 et
1581 3019 1730 3083 Barensis
1753 3018 1992 3102 archiepiscopi

320 3111 474 3174 canonica
490 3109 617 3172 iustitia.
655 3103 713 3194 Sp]
730 3127 793 3187 qua
808 3109 905 3188 igitur
920 3153 928 3167 .
944 3154 951 3168 .
968 3155 974 3168 .
1001 3104 1132 3169 Cunctis
1152 3114 1262 3170 autem
1279 3155 1286 3168 .
1302 3155 1309 3169 .
1327 3155 1333 3168 .
1351 3109 1526 3172 inveniant.
1556 3107 1674 3173 Amen.
1698 3108 1788 3172 A·m.
1811 3108 1931 3172 Amen.
1946 3143 1992 3154 —

532 3195 585 3283 (R)
609 3196 681 3280 Ego
705 3195 897 3260 Alexander
920 3194 1081 3258 catholice
1105 3195 1242 3259 ecclesie
1266 3191 1443 3280 episcopus
1466 3218 1507 3260 ss.
1530 3193 1593 3283 (Μ)

532 3287 552 3367 †
575 3287 647 3370 Ego
671 3284 863 3349 Manfredus
887 3285 1093 3348 Prenestinus
1117 3287 1295 3368 episcopus
1318 3306 1359 3348 ss.
1382 3282 1430 3372 (1)

532 3411 575 3423 —
598 3379 619 3455 †
642 3375 715 3458 Ego
738 3373 899 3438 Iohannes
922 3375 1086 3458 presbiter
1107 3375 1277 3438 cardinalis
1299 3377 1348 3440 tit.
1371 3383 1483 3439 sancte
1505 3373 1681 3439 Anastasie
1704 3395 1746 3439 ss.

532 3501 577 3512 —
598 3467 619 3545 ’γ
642 3465 714 3548 Ego
739 3463 898 3545 Cinthyus
921 3463 1079 3527 diaconus
1103 3463 1274 3526 cardinalis
1296 3467 1399 3528 sancti
1423 3465 1561 3529 Adriani
1583 3485 1624 3528 ss

529 3557 550 3635 †
573 3555 646 3636 Ego
662 3554 738 3637 Ugo
761 3553 917 3617 diaconus
940 3553 1111 3616 cardinalis
1134 3555 1238 3616 sancti
1253 3554 1420 3618 Eustachii
1443 3555 1535 3617 iuxta
1556 3553 1716 3637 templum
1732 3553 1885 3636 Agrippe
1906 3552 1934 3640 c)
1949 3574 1990 3617 ss.

477 3643 551 3707 Dat
568 3645 689 3720 Iadere,
713 3664 773 3726 per
792 3663 923 3706 manum
940 3637 1112 3728 G[er]ardi,
1134 3651 1246 3706 sancte
1262 3643 1411 3707 Romane
1435 3641 1572 3707 ecclesie
1594 3643 1785 3708 subdiaconi
1808 3650 1843 3706 et
1865 3643 1990 3708 notarii.

318 3748 394 3799 xvn
415 3733 468 3797 Kl.
492 3732 596 3816 April.
642 3732 823 3796 Indictione
856 3785 861 3798 .
892 3780 899 3796 .
931 3780 938 3794 .
969 3733 1203 3795 Incarnationis
1234 3732 1399 3796 dominice
1430 3754 1518 3796 anno
1550 3745 1733 3796 MCLxxvn.
1778 3733 1992 3796 Pontificatus

318 3844 397 3889 vero
421 3825 535 3887 domni
557 3823 775 3887 ALEXANDRI
797 3823 858 3886 ΡΡ.
882 3836 921 3886 111
943 3841 1030 3885 anno
1054 3835 1151 3886 xvm.

480 3938 522 3988 Or.
542 3937 698 4003 (Pergama
722 3937 750 3986 di
768 3937 845 3986 Curtia
861 3939 915 3986 cccl.
936 3936 964 4004 I)
982 3937 1038 3986 und
1053 3938 1137 4001 Reges!
1154 3937 1194 3987 des
1212 3937 1347 4002 Repertortb
1372 3937 1436 3987 della
1455 3939 1534 3988 Badrin
1553 3937 1581 3988 di
1603 3938 1630 3988 S.
1657 3937 1781 3988 leonardo
1803 3938 1868 3987 della
1893 3935 1992 3988 Matina

316 4019 341 4077 p.
361 4013 418 4070 101,
437 4011 470 4060 rin
488 4009 602 4059 Arrhiuio
619 4010 647 4058 di
664 4009 731 4058 State
748 4025 778 4057 su
795 4009 893 4073 Neapel.

480 4082 549 4147 Perg.
568 4081 628 4140 itai,
646 4080 682 4130 br.
701 4082 770 4142 0,48,
789 4082 849 4146 lang
867 4082 951 4140 oum,
970 4087 1044 4130 maten
1062 4096 1081 4128 c.
1102 4081 1183 4140 0,028
1201 4083 1391 4148 mgesrhlagen,
1410 4081 1488 4132 durch
1507 4085 1523 4132 2
1541 4082 1634 4131 Licher
1647 4080 1709 4148 ging
1726 4080 1764 4130 die
1781 4081 1889 4140 scm,
1909 4083 1992 4132 welche

319 4154 363 4204 mit
388 4154 440 4204 drm
465 4154 520 4203 Blei
540 4155 661 4212 verlorm,
690 4153 801 4216 Fallung
822 4153 866 4201 der
888 4152 984 4201 Bullen.
1022 4151 1116 4215 Schn'ft
1138 4152 1275 4219 weitlduſsg.
1315 4152 1450 4218 Umchrift
1475 4152 1579 4203 siendich
1602 4153 1680 4204 sicher
1701 4169 1750 4203 von
1774 4153 1893 4203 derselbcn
1919 4155 1992 4202 Dim

317 4227 362 4276 wie
379 4227 424 4274 das
440 4227 627 4290 nachgetragene
646 4223 669 4273 G
692 4224 800 4273 Gerards
817 4223 843 4273 in
868 4224 911 4272 der
930 4223 1083 4273 Datumseile.
1121 4223 1256 4290 Ringkreun
1279 4224 1335 4273 und
1354 4226 1483 4288 pdpstlirht
1511 4225 1675 4286 dwnschn'ft
1697 4224 1793 4274 k'o'nnm
1816 4239 1865 4274 von
1889 4227 1993 4290 gleicter

317 4299 393 4347 Dinte
416 4299 558 4347 herric'irm.
594 4297 642 4346 Die
667 4295 746 4345 bn'dm
770 4295 898 4344 Diam
923 4294 1032 4344 schim
1055 4310 1102 4344 von
1126 4296 1169 4345 der
1190 4297 1326 4346 ndmlichm
1347 4296 1427 4346 Hand
1445 4296 1595 4362 gesrhrieben
1621 4313 1651 4345 m
1673 4297 1732 4347 seira.
1769 4296 1818 4346 Dic
1842 4297 1992 4346 Dasummte

317 4370 383 4420 weiht
398 4371 481 4419 uellere
499 4368 574 4418 Dfnfe
591 4368 644 4433 aus
654 4369 691 4418 als
709 4367 752 4416 der
768 4366 947 4431 Hauplkiirper.

1061 4705 1127 4780 Nr.
1156 4707 1244 4780 260.

319 4855 504 4922 Alexander
524 4856 589 4920 III
614 4855 764 4939 bestdtr'gt
786 4855 859 4919 dem
886 4854 1077 4919 Maz'liinder
1100 4853 1426 4938 Kanonikerpriester
1451 4853 1535 4918 Suco
1559 4853 1620 4917 den
1648 4851 1756 4916 Besita
1785 4851 1848 4916 der
1873 4849 1990 4916 Kircltr

772 4943 874 5009 Santn
889 4945 1005 5008 Maria
1019 4966 1041 5006 a
1056 4945 1168 5008 Monte
1182 4943 1221 5007 di
1245 4942 1351 5007 Velate
1367 4944 1413 5006 M
1412 4942 1540 5007 ilamse.

924 5063 1011 5123 1177
1023 5059 1126 5144 April
1137 5063 1191 5123 20.
1224 5059 1377 5122 Ferrara.

479 5178 672 5242 Alexander
703 5179 894 5262 episcopus,
933 5197 1044 5241 servus
1075 5196 1242 5240 servorum
1275 5177 1347 5252 dei,
1382 5174 1501 5239 dilecto
1531 5174 1599 5238 filio
1630 5169 1769 5249 Suzoni,
1806 5173 1988 5255 presbitero

320 5275 478 5337 canonico
495 5267 764 5354 Meldiolanensis
780 5267 924 5344 ecclesie,
949 5266 1085 5330 salutem
1103 5274 1135 5330 et
1150 5267 1367 5348 apostolicam
1384 5264 1657 5328 benedictionem.
1693 5261 1787 5326 Iustis
1803 5263 1986 5344 petentium

319 5363 489 5426 desideriis
512 5360 646 5442 dignum
671 5365 721 5420 est
740 5354 745 5442 Ι
767 5379 826 5421 nos
849 5357 975 5422 facilem
1001 5356 1141 5438 prebere
1171 5375 1366 5418 consensum
1395 5363 1429 5418 et
1451 5363 1544 5430 vota,
1574 5372 1682 5434 quea
1706 5354 1840 5415 rationis
1864 5354 1990 5416 tramite

319 5473 385 5517 non
417 5450 622 5524 discordant,
653 5447 770 5511 effectu
800 5455 874 5511 sunt
904 5454 1124 5530 prosequente
1153 5445 1360 5526 complenda.
1408 5444 1609 5527 Eapropter,
1641 5441 1761 5505 dilecte
1792 5444 1826 5504 in
1858 5442 1988 5506 domino

479 5647 503 5710 a)
523 5660 538 5694 a
555 5645 607 5707 auf
621 5646 704 5692 Rasin
775 5645 801 5711 b)
820 5649 877 5694 ueta
901 5642 954 5708 aus
967 5643 1052 5690 Ramr
1122 5643 1146 5703 c)
1164 5639 1279 5705 Agrippi.
1299 5675 1351 5684 -a
1371 5643 1407 5705 .1)
1434 5639 1505 5690 Wohl
1524 5639 1627 5705 Johmm
1651 5637 1677 5698 V,
1697 5635 1845 5702 Enbt'rchof
1857 5652 1907 5687 von
1924 5634 1989 5696 Buri,

320 5719 498 5769 1151-1169.
570 5720 597 5784 2)
615 5715 709 5765 Rainer
724 5717 782 5767 oder
797 5715 916 5775 RainaId,
936 5713 1082 5778 Enbisciof
1094 5728 1142 5762 von
1162 5711 1230 5774 Boni,
1250 5713 1427 5762 1171-1188.
