4142 6366
1691 319 1754 386 257

72 484 228 547 fidelium
250 485 292 548 sit
316 485 439 549 alienus
462 497 495 549 et
519 507 538 550 a
561 490 774 571 perceptione
797 490 959 555 bonorum
983 490 1119 555 ecclesie
1134 492 1269 555 omnino
1289 484 1294 575 Ι
1315 491 1473 568 exclusus,
1490 492 1596 557 donec
1611 494 1754 576 capitulo

71 574 339 639 satisfactionem
362 575 519 640 exhibeat
542 588 796 660 competentem.
818 614 862 625 —
885 581 960 644 Dat.
982 577 986 663 Ι
1007 581 1162 658 Ferrarie,
1186 595 1250 644 vt11
1273 581 1349 644 Idus
1373 582 1461 666 Maii.

246 689 289 738 Or.
306 690 339 738 im
357 688 471 740 Archivio
492 691 627 755 capitolare
642 707 672 740 zu
695 693 801 742 Vercelli.

243 761 313 828 Perg.
333 761 394 820 ὕοι,
413 763 448 812 dr.
459 764 510 825 0,2,
529 765 682 830 lang0‚165,
701 771 776 814 meten
786 766 863 826 0‚027
881 767 1071 832 ampullam,
1090 767 1168 818 durch
1186 765 1244 816 awti
1260 767 1354 818 L'o'cher
1366 769 1423 833 geht
1439 767 1477 816 die
1494 783 1550 817 rosa
1568 767 1753 829 Seiderrschmr‚

71 847 110 880 aar
129 832 176 881 der
193 832 239 882 dar
256 832 383 898 Blebr'egel
396 836 480 900 ht'ngt.
518 834 627 902 Fallung
651 835 695 885 der
714 837 817 886 Brrvrn.
837 865 869 875 -
889 838 960 887 Diese
987 838 1104 888 Urkrmde
1128 838 1195 888 br'etet
1216 839 1265 888 eine
1289 838 1333 888 der
1355 841 1456 888 seltener
1475 839 1755 908 Zmammerrrtellrmgen

70 919 126 952 von
144 903 489 972 Mirtum-Anfcngsnamm
506 907 563 956 und
577 907 827 974 Seiderptlumbirwrg.

826 1191 893 1268 Nr.
921 1197 1009 1269 264.

69 1320 266 1388 Alexander
277 1323 342 1388 III
360 1322 546 1408 beauflragt
558 1323 699 1403 Biscleof
710 1323 780 1388 und
791 1323 992 1410 Dompropst
1010 1347 1072 1389 von
1095 1325 1238 1406 Florene,
1260 1325 1362 1410 Serge
1380 1347 1421 1390 eu
1442 1337 1564 1412 tragen,
1586 1329 1664 1394 dass
1679 1331 1753 1395 dem

372 1410 502 1477 Kloster
517 1414 601 1478 Luco
617 1412 680 1494 (D.
699 1414 732 1477 F
733 1415 855 1502 irenee)
871 1416 933 1480 das
955 1413 1189 1480 Ueberwresene
1204 1414 1345 1480 erhalten
1360 1415 1470 1481 bleibe.

596 1532 683 1592 1177
697 1527 775 1593 Mae·
786 1532 836 1594 31.
870 1530 980 1594 Rialto
995 1551 1056 1594 von
1080 1531 1233 1614 Venedig.

241 1645 433 1709 Alexander
463 1646 656 1728 episcopuS,
686 1668 796 1711 servus
825 1668 992 1712 servorum
1022 1648 1088 1726 dei,
1118 1648 1295 1712 venerabili
1319 1649 1437 1713 fratri.
1463 1697 1470 1712 .
1495 1651 1654 1733 episcopo
1673 1646 1697 1735 ¹)
1720 1659 1753 1712 et

72 1732 203 1798 dilecto
225 1733 292 1797 filio
317 1783 323 1797 .
349 1785 355 1797 .
379 1736 549 1817 preposito
570 1732 574 1819 Ι
595 1736 790 1800 Florentinis
810 1735 845 1823 ειΙ,
869 1737 1056 1801 salutemet
1079 1739 1295 1821 apostolicam
1317 1737 1591 1806 benedictionem.
1636 1738 1752 1802 Atten-

72 1825 204 1900 denteS,
239 1826 408 1905 quomodo
441 1825 484 1886 ad
511 1823 655 1887 officium
687 1836 832 1890 nostrum
863 1828 1033 1910 pertineat,
1055 1825 1060 1912 Ι
1080 1849 1238 1911 personas
1268 1827 1434 1910 religiosas
1462 1839 1495 1893 et
1518 1829 1617 1893 cultui
1641 1829 1752 1891 divino

71 1913 198 1994 iugiter
222 1913 351 1976 deditas
375 1914 509 1995 diligere
532 1913 706 1996 benignius
729 1925 762 1978 et
785 1916 904 1993 fovere,
937 1916 1138 1980 abbatissam
1161 1927 1194 1981 et
1217 1918 1375 1981 moniales
1399 1919 1587 1981 monasterii
1604 1918 1645 1981 de
1660 1917 1751 1982 Luco

71 2002 254 2083 privilegio
278 2003 460 2083 apostolice
482 2004 569 2066 sedis
602 2004 795 2068 munivimus
814 2004 843 2090 b)
874 2016 907 2069 et
937 2027 984 2084 ea,
1016 2027 1079 2088 que
1103 2006 1247 2088 legitime
1277 2006 1458 2089 possident,
1489 2009 1535 2071 eis
1559 2008 1751 2071 auctoritate

71 2093 266 2173 apostolica
288 2091 559 2154 confirmavimus.
605 2094 657 2156 Ne
680 2094 778 2175 igitur
800 2095 899 2157 ullam
922 2115 964 2158 ex
978 2092 1029 2158 his
1044 2096 1174 2159 valeant
1189 2097 1369 2162 indebitam
1385 2097 1543 2160 sustinere
1558 2096 1750 2172 molestiam,

73 2181 270 2244 discretioni
294 2191 400 2244 vestre
422 2201 482 2263 per
498 2183 681 2264 apostolica
695 2184 817 2266 scripta
832 2185 1027 2248 mandamus
1043 2195 1141 2268 atque
1157 2186 1364 2268 precipimus,
1388 2186 1539 2267 quatinus
1555 2186 1752 2268 prelibatum

72 2271 315 2333 monasterium
339 2270 451 2332 divino
476 2272 592 2334 intuitu
616 2280 648 2334 et
671 2293 732 2354 pro
756 2274 936 2336 reverentia
958 2275 1047 2338 beati
1061 2275 1146 2337 Petri
1171 2285 1204 2338 et
1226 2285 1339 2338 nostra
1361 2275 1394 2338 in
1417 2274 1476 2351 his,
1501 2276 1650 2356 quesibi
1674 2296 1749 2339 con·

75 2379 171 2422 cessa
195 2366 274 2422 sunt
303 2379 323 2421 a
346 2358 449 2422 felicis
472 2361 629 2423 memorie
652 2371 746 2442 patre
769 2371 802 2424 et
825 2363 1057 2444 predecessore
1080 2375 1201 2439 nostro
1226 2362 1375 2446 Eugenio
1399 2384 1487 2446 pape
1503 2363 1537 2450 ²),
1561 2376 1594 2430 et
1609 2386 1629 2428 a
1645 2365 1749 2441 nobis,

76 2459 148 2511 tarn
180 2449 217 2511 in
250 2449 398 2524 decimis,
433 2468 531 2531 quam
562 2450 594 2512 in
625 2452 798 2532 sepulturis
829 2463 862 2514 et
894 2453 973 2528 aliis,
1008 2453 1201 2516 confirmata
1232 2454 1343 2516 fovere
1376 2456 1572 2536 propensius
1595 2462 1628 2518 et
1651 2475 1761 2518 manu·

76 2548 195 2600 tenere
218 2534 244 2621 c)
280 2538 415 2614 curetis,
457 2559 518 2602 nec
550 2539 670 2602 exinde
689 2537 718 2624 d)
757 2541 819 2603 sibi
852 2542 1063 2624 permittatis,
1105 2542 1248 2623 aliquam
1286 2543 1472 2606 molestiam
1503 2543 1555 2606 vel
1586 2563 1762 2626 gravamen

77 2626 351 2690 irrationabiliter
380 2628 523 2709 irrogari.
576 2627 611 2691 Si
644 2629 716 2710 quis
745 2638 854 2692 autem
886 2631 1175 2712 parrochianorum
1195 2630 1222 2718 e)
1252 2640 1435 2696 vestrorum
1466 2633 1530 2700 hoc
1567 2640 1763 2714 attemptare

76 2715 317 2797 presumpserit
332 2726 366 2779 et
381 2737 401 2778 a
415 2717 512 2779 vobis
527 2717 671 2780 monitus
687 2738 754 2780 non
771 2720 949 2801 resipuerit,
969 2741 1042 2784 cum
1058 2741 1193 2785 censura
1213 2721 1433 2786 ecclesiastica
1449 2718 1646 2807 perlcellatis
1666 2721 1703 2808 f).
1719 2757 1763 2768 -
1782 2741 1786 2751 ’

77 2807 159 2868 Dat.
183 2805 337 2868 Venetiis
354 2803 384 2891 t)
408 2807 440 2869 in
464 2805 547 2868 Rivo
571 2805 773 2882 alt0,11Kl.
797 2809 887 2871 lunii.

247 2919 299 2980 Or.,
324 2919 526 2984 Kopialurleunde
545 2920 586 2976 (R.
605 2923 663 2986 Acq.
684 2919 753 2971 Mem.
780 2921 807 2970 di
831 2923 899 2972 Luco
916 2925 952 2974 20
969 2922 1026 2972 Mai
1054 2925 1130 2992 1181)
1155 2925 1211 2974 und
1236 2925 1361 2992 Abschr'y'r
1382 2927 1422 2976 des
1452 2926 1517 2976 Cart.
1546 2925 1615 2976 Mon.
1639 2925 1666 2973 di
1696 2925 1764 2974 Luco

77 2991 128 3040 Nr.
147 2992 183 3040 25
197 2997 225 3054 p.
245 2993 287 3050 92,
306 2990 338 3040 r'm
356 2991 470 3041 Archivrir
487 2993 515 3040 di
531 2992 599 3041 State
615 3009 646 3041 ru
664 2993 771 3043 Florem.
1194 3017 1195 3020 ¹

247 3062 299 3124 Or,
329 3063 397 3128 Perg.
418 3063 478 3123 r'taL,
506 3064 542 3116 br.
562 3066 648 3124 o,197,
675 3065 737 3130 lang
753 3065 820 3124 0‚18,
849 3073 924 3116 umen
942 3067 1022 3126 orm
1041 3069 1237 3134 umgescltlagm,
1266 3069 1345 3119 durch
1364 3073 1380 3120 2
1398 3070 1491 3119 deher
1516 3068 1580 3136 gr’ng
1602 3068 1640 3117 die
1658 3067 1764 3128 Scenae,

76 3135 167 3184 welche
185 3134 231 3182 mr't
248 3135 300 3183 dem
319 3135 444 3201 Bleisregel
457 3137 573 3186 verlerm.
610 3135 719 3202 Falturg
736 3136 780 3184 der
797 3137 900 3186 Brevm.
921 3166 953 3175 -
974 3136 1021 3187 Die
1038 3139 1114 3203 hhpr'e
1130 3141 1174 3189 kat
1191 3151 1219 3189 tx
1238 3139 1297 3191 Kal.
1316 3142 1370 3192 Iun.

829 3423 897 3498 Nr.
930 3427 1018 3499 265.

77 3551 271 3617 Alexander
279 3553 344 3617 III
354 3553 504 3637 bestettegt
517 3554 590 3618 dem
607 3553 757 3634 Bisclrofe
781 3553 916 3620 Obertus
931 3555 1001 3618 und
1012 3555 1086 3620 dem
1101 3553 1244 3641 Kapitel
1254 3579 1315 3622 von
1340 3557 1474 3622 ibrtona
1491 3557 1563 3622 ihre
1579 3557 1764 3621 Beschluss·

77 3643 212 3722 nakme,
226 3641 305 3705 dass
320 3643 375 3707 die
391 3641 479 3707 Zahl
490 3665 554 3708 von
569 3643 722 3708 secheelm
736 3642 943 3708 Kanonikern
958 3643 1048 3708 nicht
1060 3645 1291 3710 iibersclrritten
1306 3647 1436 3712 werden
1451 3648 1557 3728 dr'r'rfe,
1568 3647 1766 3727 undferner

497 3730 568 3797 ihre
594 3731 839 3815 Veree'rebarung
851 3734 930 3797 tiber
947 3731 1298 3819 Getree'devertleer'lung
1312 3737 1353 3815 ⁸).

619 3850 706 3911 1177
719 3847 843 3922 Junir.
871 3846 982 3911 Rialto
997 3869 1057 3912 ven
1083 3847 1230 3934 Venede'g.

243 3964 435 4029 Alexander
449 3964 632 4047 episcopus,
656 3987 767 4029 servus
790 3985 962 4028 servorum.
981 3965 1042 4042 dei,
1066 3967 1243 4032 venerabili
1260 3968 1358 4046 fratri,
1381 3963 1535 4054 O(berto)
1551 3968 1710 4050 episcopo
1727 3964 1762 4051 *Ι

77 4065 112 4117 et
138 4053 269 4116 dilectis
292 4054 373 4130 filiis,
406 4055 573 4118 canonicis
595 4055 817 4117 Terdonensis
848 4054 992 4131 ecclesie,
1023 4055 1161 4119 salutem
1191 4067 1224 4121 et
1246 4058 1463 4139 apostolicam
1488 4057 1763 4121 benedictionem.

77 4144 135 4206 Ex
160 4143 275 4206 litteris
298 4144 420 4218 vestris,
453 4143 550 4206 nobis
573 4144 811 4226 representatis
844 4145 1039 4225 accepimus
1074 4145 1164 4227 quod
1187 4168 1256 4223 vos
1280 4147 1518 4211 deliberatione
1540 4146 1663 4221 habita,
1695 4165 1762 4208 non

78 4233 190 4295 solum
214 4234 414 4314 presentium
438 4243 487 4296 set
511 4235 610 4296 etiarn
634 4232 814 4296 futurorum
837 4243 983 4314 pensata,
1008 4235 1222 4300 consideratis
1246 4257 1378 4321 quoque
1399 4235 1609 4299 facultatibus
1626 4234 1764 4298 ecclesie

77 4333 200 4397 vestre,
225 4321 267 4384 de
290 4323 454 4384 communi
479 4323 616 4386 consilio
639 4323 796 4385 statuistis
815 4319 844 4407 h)
868 4331 901 4384 et
931 4323 1114 4402 ordinastis,
1147 4335 1183 4388 ut
1214 4326 1297 4388 ultra
1324 4325 1468 4390 sedecim
1491 4344 1643 4388 numerus
1667 4344 1763 4387 cano·

79 4412 233 4474 uicorum
258 4412 289 4473 in
313 4411 516 4474 Terdonensi
540 4411 678 4475 ecclesia
701 4432 768 4474 non
792 4410 989 4474 extendatur
1012 4423 1045 4476 et
1068 4434 1209 4496 persone
1233 4416 1265 4478 in
1289 4415 1353 4478 hoe
1382 4435 1517 4478 numero
1550 4413 1763 4496 comprehen-

79 4501 211 4564 dantur.
257 4499 444 4563 Addidistis
468 4509 625 4582 preterea,
659 4510 702 4576 ut,
734 4501 789 4582 qui
820 4501 929 4563 studio
952 4504 1140 4567 vacaverint
1167 4504 1361 4580 litterarum,
1395 4505 1607 4567 medietatem
1639 4504 1764 4584 integre

78 4590 248 4670 portionis
271 4589 313 4651 de
338 4589 499 4654 frumento
524 4599 557 4652 et
579 4591 706 4672 siligine
728 4591 883 4664 habeant,
915 4591 1014 4654 nichil
1039 4593 1177 4674 amplius
1209 4595 1363 4657 exacturi.
1411 4593 1445 4657 Si
1478 4595 1550 4674 quis
1583 4602 1691 4656 autem
1721 4592 1764 4654 ad

78 4679 191 4741 scolas
223 4698 363 4760 pergens
394 4680 553 4760 integram
584 4681 771 4761 portionem
794 4680 983 4760 susceperit,
1014 4681 1057 4743 de
1079 4681 1237 4745 fructibus
1260 4684 1427 4764 sequentis
1451 4683 1527 4745 anni
1560 4681 1660 4745 nichil
1690 4701 1763 4763 per·

79 4767 192 4849 cipiat.
240 4763 348 4848 Quam
372 4769 484 4849 utique
508 4769 775 4832 constitutionem
800 4769 842 4830 ad
865 4769 1062 4849 peticionem
1084 4782 1225 4834 vestram
1250 4773 1444 4835 auctoritate
1475 4771 1659 4853 apostolica
1687 4790 1762 4832 con·

80 4855 253 4920 firmantes
276 4866 380 4919 ratam
405 4858 446 4919 de
474 4866 582 4919 cetero
615 4865 648 4920 et
678 4857 805 4920 firmam
838 4877 970 4920 manere
1002 4860 1193 4924 sanccimus.
1239 4863 1455 4926 Decernimus
1487 4881 1582 4942 erg0,
1617 4870 1653 4922 ut
1684 4859 1762 4922 nulli

80 4947 220 5008 omnino
244 4945 414 5009 hominum
439 4947 543 5022 liceat,
568 4947 652 5010 hanc
675 4947 831 5028 paginam
847 4954 956 5009 nostre
973 4947 1230 5012 confirmationis
1246 4950 1421 5033 infringere
1437 4951 1488 5014 vel
1511 4951 1540 5013 ei
1557 4949 1764 5031 aliquatenus

80 5036 253 5099 contraire.
300 5032 335 5098 Si
360 5037 433 5118 quis
457 5045 566 5098 autem
589 5036 654 5100 hoc
678 5043 849 5099 attemtare
873 5039 1115 5119 presumpserit,
1149 5039 1409 5121 indignationem
1443 5038 1681 5121 omnipotentis
1709 5037 1762 5100 dei

80 5132 113 5186 et
137 5125 313 5187 beatorum
337 5125 422 5188 Petri
447 5134 479 5188 et
502 5123 601 5203 Pauli,
632 5125 858 5208 apostolorum
889 5126 966 5202 eius,
999 5147 1035 5189 se
1063 5129 1190 5192 noverit
1213 5131 1423 5193 incursurum.
1447 5164 1491 5174 -
1513 5128 1589 5191 Dat.
1613 5127 1764 5190 Venetiis

80 5213 113 5275 in
138 5213 228 5276 Rivo
251 5213 327 5286 alto,
351 5227 377 5276 11
399 5214 486 5277 Non.
510 5213 578 5276 Iun.

244 5327 447 5392 Krpialurkrmde
464 5327 504 5376 des
524 5329 558 5378 13
577 5326 680 5392 Jahrb,
699 5327 732 5377 im
749 5327 866 5378 Archivr'o
888 5328 1022 5393 Capitolare
1039 5345 1069 5379 ru
1091 5330 1117 5378 T
1112 5337 1204 5383 mm

149 5429 383 5534 Μ-ᾸΙμίεωαιιῙ
394 5429 509 5519 lemur*-
567 5469 595 5534 b)
614 5485 630 5518 v
649 5470 703 5534 aus
714 5472 800 5520 Rarur
888 5471 912 5536 c)
932 5485 994 5520 nere
1012 5473 1064 5538 aus
1075 5474 1161 5523 Rauer
1183 5489 1231 5523 von
1248 5475 1352 5525 mederer
1368 5473 1444 5524 Dinte
1532 5473 1560 5538 d)
1579 5489 1595 5522 x
1613 5474 1666 5538 auf
1676 5475 1762 5522 Rasur

80 5543 152 5591 ανιία
227 5543 252 5600 el
272 5556 360 5590 norum
372 5543 515 5607 aqui’amr
586 5541 606 5607 i)
641 5542 669 5590 eb
687 5541 844 5606 percutiatis?
917 5547 944 5608 g)
963 5549 972 5592 t
989 5543 1135 5606 aufRarur
1205 5545 1232 5612 h)
1250 5548 1311 5597 steht
1327 5546 1441 5596 rweimal.
1460 5581 1514 5589 -
1532 5549 1568 5611 ,1)
1586 5545 1693 5594 Damals
1711 5561 1766 5593 war

84 5613 176 5677 Julius
193 5612 300 5677 auctos
317 5628 365 5663 vor
389 5613 496 5674 Florem,
523 5614 705 5666 rrae-1182.
807 5617 834 5680 2)
859 5613 937 5681 Vergl.
958 5611 1038 5681 Just,
1063 5618 1122 5680 Reg.
1143 5617 1220 5666 6287.
1329 5622 1356 5682 3)
1380 5617 1457 5683 Vergl.
1482 5618 1546 5667 auch
1569 5615 1606 5664 die
1627 5615 1687 5666 Urk.
1705 5631 1760 5665 vom

82 5686 114 5733 31
135 5683 214 5734 Mdrz
233 5685 430 5753 1178-(1179)
449 5686 505 5735 und
521 5689 537 5734 4
555 5684 688 5734 November
706 5685 887 5736 1184-1185.
965 5689 994 5754 4)
1017 5687 1123 5748 Obertus,
1145 5687 1250 5754 Bisehef
1262 5705 1310 5739 vore
1333 5689 1446 5749 Terrena,
1466 5688 1603 5738 rita-c.
1624 5691 1698 5738 1184.

137 5793 158 5822 v.
173 5781 464 5833 rtingkmnuung,
480 5783 537 5822 neu
550 5783 592 5822 111.
1518 5780 1551 5832 33
