4090 6358
1760 385 1777 450 3

95 557 246 618 virorum
270 577 311 620 ac
333 555 558 628 foeminarum,
583 557 731 621 desolata
746 559 788 621 ab
812 557 998 623 hominibus
1014 561 1152 643 proedia
1175 567 1274 642 atque
1291 557 1333 621 ab
1354 557 1442 621 omni
1466 557 1591 620 cultore
1615 559 1779 620 destituta.

96 645 136 708 In
161 645 335 709 solitudine
357 666 460 709 vacua
482 654 568 710 terra
591 647 697 710 nullus
720 650 752 710 in
770 668 808 711 ea
832 669 1003 731 possessor
1026 647 1193 724 inhabitat,
1217 655 1418 730 occuparunt
1442 646 1567 710 bestiae
1590 646 1672 723 loca,
1695 666 1780 727 quae

98 735 191 818 prius
222 755 341 816 magna
371 735 546 799 multitudo
581 735 748 800 hominum
781 738 925 802 tenebat.
972 739 1006 801 ln
1039 737 1100 802 hac
1128 739 1214 801 enim
1246 745 1346 812 terra,
1381 736 1412 798 in
1444 757 1509 818 qua
1542 756 1602 798 nos
1634 736 1778 811 vivimus,

99 824 203 888 tinem
226 845 319 887 suum
345 827 494 901 mundus,
519 846 583 888 non
600 825 663 888 iam
689 829 823 902 nuntiat,
847 828 906 890 sed
931 829 1084 903 ostendit,
1108 828 1187 909 quid
1211 835 1319 891 autem
1345 826 1375 889 in
1400 825 1471 888 aliis
1495 827 1608 888 mundi
1633 825 1780 908 partibus

99 923 226 997 agatur,
251 915 374 995 ignoro.
420 913 637 979 Solummodo
655 936 674 978 a
689 916 788 979 beato
811 915 977 991 Amand0,
1002 926 1114 980 nostro
1138 917 1349 999 coepiscopo,
1372 915 1555 990 didicimuS,
1578 916 1610 978 in
1627 915 1779 977 omnibus

100 1004 202 1067 rebus
231 1003 453 1084 spiritualibus
481 1002 722 1080 honestissimo,
754 1013 899 1069 vestrum
931 1027 1065 1088 regnum
1095 1026 1155 1089 pre
1186 1007 1322 1069 caeteris
1355 1025 1437 1087 pace
1468 1025 1505 1067 ac
1538 1004 1778 1084 tranquillitate,

101 1092 233 1158 Christo
265 1094 443 1168 tribuente,
478 1093 614 1176 pollere.
660 1095 786 1158 Retulit
819 1115 951 1178 quoque
987 1105 1094 1158 vestra
1128 1094 1354 1170 munificentia,
1390 1093 1449 1156 sibi
1473 1093 1549 1156 olim
1585 1113 1777 1156 concessum

100 1183 288 1258 cenobium,
312 1183 344 1245 in
368 1181 485 1246 finibus
508 1183 707 1247 Francorum
731 1185 884 1266 positum,
908 1186 997 1265 quod
1021 1185 1150 1248 Elnone
1173 1187 1242 1248 sive
1264 1183 1437 1246 Nantuaco
1460 1191 1672 1265 nuncupatur,
1696 1203 1779 1245 nunc

101 1271 240 1335 avobis
274 1270 521 1335 affluentissime
554 1281 587 1336 et
617 1275 732 1336 vestris
764 1274 943 1336 redditibus
974 1283 1008 1336 et
1038 1275 1181 1356 praediis
1214 1282 1247 1336 et
1277 1272 1363 1336 fiscis
1393 1273 1435 1334 ad
1464 1272 1597 1335 fratrum
1627 1272 1780 1336 victualia

100 1362 243 1424 ditatum
266 1369 367 1442 atque
390 1361 635 1444 locupletatum.
681 1363 734 1426 De
758 1382 825 1443 quo
847 1363 943 1426 vobis
966 1365 1142 1446 gratiarum
1167 1365 1253 1426 dona
1281 1383 1354 1425 cum
1386 1361 1615 1425 benedictione
1646 1369 1780 1443 aposto·

99 1451 164 1513 lica
189 1450 339 1513 misimus.
385 1452 497 1532 Ipsum
521 1470 663 1531 namque
687 1453 869 1534 praefatum
895 1452 1102 1529 coenobium,
1126 1453 1204 1515 dum
1229 1451 1387 1515 ecclesiae
1411 1451 1656 1525 deservirentur,
1681 1458 1715 1513 et
1736 1450 1779 1513 ab

100 1540 168 1602 hoc
184 1541 227 1602 ad
242 1539 459 1603 venerabilem
484 1541 772 1621 praedecessorem
798 1549 944 1604 nostrum
969 1541 1070 1616 illum,
1094 1562 1168 1605 cum
1193 1543 1391 1624 regrederer,
1415 1547 1573 1623 poscente
1596 1546 1779 1602 memorato

101 1637 199 1711 patre
218 1629 378 1692 -Amando
411 1638 510 1709 atque
533 1629 655 1693 abbate
677 1631 870 1706 Laterceno,
900 1650 974 1694 cum
1000 1630 1106 1694 multis
1130 1631 1379 1714 religiosissimis
1408 1631 1483 1692 viris
1513 1629 1683 1692 sanctitate
1707 1647 1779 1711 pre·

101 1719 195 1792 ditis,
237 1717 404 1782 basilicam
428 1719 529 1801 ipsius
552 1718 615 1782 loci
646 1718 826 1783 inhonore
851 1720 935 1782 Petri
971 1729 1005 1784 et
1028 1720 1119 1783 Pauli
1149 1721 1362 1802 omniumque
1392 1717 1617 1802 apostolorum
1650 1716 1780 1781 honori-

102 1807 316 1871 ficentissime
347 1811 534 1872 consecravi
563 1809 692 1891 ipsique
716 1809 790 1872 loco
814 1808 878 1872 tale
902 1809 1107 1891 privilegium
1132 1811 1289 1884 concessi,
1323 1817 1358 1871 ut
1390 1807 1494 1871 nullus
1527 1809 1689 1890 princeps,
1719 1827 1780 1870 nec

101 1898 290 1980 episcopus,
313 1916 421 1977 neque
444 1897 507 1960 ulla
529 1899 695 1962 iudiciaria
719 1906 868 1980 potestas
891 1898 1013 1961 ibidem
1038 1898 1215 1981 praeficere
1239 1899 1380 1962 audeant
1403 1897 1572 1972 abbatem,
1594 1898 1656 1959 nisi
1680 1916 1779 1978 quem

102 2006 243 2050 concors
274 1987 488 2070 congregatio
519 1988 589 2068 pari
619 1987 757 2051 consilio
787 1996 820 2050 et
848 1988 1015 2051 voluntate
1039 1990 1220 2052 secundum
1244 1989 1342 2050 deum
1366 1987 1539 2069 elegerint,
1569 1987 1654 2048 sicut
1677 1987 1779 2049 Bene·

101 2077 213 2139 dictus
235 2083 329 2158 pater
353 2076 536 2159 praecepit;
569 2085 744 2159 postquam
781 2076 904 2140 electus
939 2077 1035 2140 luerit
1065 2078 1107 2140 ab
1135 2077 1205 2152 illis,
1237 2077 1325 2159 prius
1356 2077 1441 2140 sedis
1465 2075 1635 2138 Romanae
1666 2095 1780 2138 munus

101 2164 245 2248 accipiat
263 2165 301 2248 a),
325 2166 492 2248 ipsiusque
508 2166 740 2229 benedictione
756 2166 910 2248 fungatur
928 2165 967 2248 b),
991 2168 1050 2230 nisi
1066 2187 1200 2230 assensu
1221 2167 1288 2229 eius
1305 2166 1504 2230 concedatur
1526 2164 1621 2229 alicui
1644 2163 1778 2227 licentia.

102 2255 173 2319 Sed
196 2274 303 2336 neque
326 2256 388 2336 ipsi
420 2254 672 2338 archiepiscopo
695 2256 916 2338 Lugdunensi,
948 2276 1055 2336 neque
1079 2255 1133 2319 ulli
1157 2257 1317 2338 episcopo
1341 2257 1571 2337 permittimus,
1602 2252 1647 2317 illi
1678 2252 1780 2317 eccle·

101 2345 172 2407 siae
194 2344 258 2407 vim
282 2344 629 2408 excommunicationis
654 2344 771 2408 inferre
794 2344 859 2408 ullo
884 2345 994 2420 modo,
1026 2345 1085 2408 nisi
1108 2344 1289 2428 apostolica
1311 2344 1556 2408 deliberatione.
1602 2343 1669 2407 Sed
1697 2351 1730 2405 et
1753 2345 1779 2406 si

103 2435 178 2514 quis
202 2432 362 2510 fidelium,
391 2433 534 2497 Romam
566 2436 612 2497 ire
642 2435 820 2516 disponens
841 2442 1058 2517 sumptusque
1081 2436 1110 2498 ei
1140 2434 1327 2509 deffuerint,
1357 2435 1530 2516 ipsumque
1564 2440 1780 2495 memoratum

102 2523 215 2586 locum
239 2524 345 2599 adeat,
375 2525 402 2586 si
435 2523 560 2587 ibidem
591 2544 652 2605 pro
681 2543 780 2605 posse
804 2523 1014 2587 elemosinam
1038 2523 1193 2587 fratribus
1221 2524 1399 2606 impendat,
1435 2523 1572 2585 eandem
1596 2523 1723 2585 veniam
1748 2529 1781 2584 et

103 2613 371 2676 benedictionem
395 2613 611 2695 apostolicam
642 2613 711 2675 sine
741 2612 843 2676 dubio
867 2612 945 2675 inibi
969 2621 1190 2696 percepturus,
1223 2615 1317 2676 sicuti
1342 2614 1385 2675 ad
1408 2613 1518 2676 limina
1542 2609 1780 2692 apostolorum.

103 2699 161 2764 Ob
185 2701 249 2765 hoc
272 2705 358 2766 enim
382 2723 501 2784 magna
521 2705 549 2783 c)
573 2723 616 2766 ex
643 2702 836 2785 corporibus
868 2701 1092 2784 apostolorum
1117 2722 1176 2785 per
1200 2702 1331 2767 fidelem
1364 2711 1398 2765 et
1424 2701 1685 2783 acceptissimum
1714 2701 1779 2762 deo

102 2791 236 2854 nomine
259 2789 417 2855 Severum
446 2791 522 2855 illuc
553 2792 729 2856 direximus
749 2791 788 2868 d).
835 2789 1014 2854 Statuimus
1044 2792 1258 2869 decaetero,
1289 2800 1324 2854 ut
1354 2791 1440 2856 nullo
1465 2791 1567 2854 modo
1590 2789 1661 2870 quis
1693 2787 1780 2852 hunc

101 2879 216 2943 locum
238 2880 361 2944 violare
383 2882 504 2944 audeat
534 2901 596 2944 nec
625 2883 692 2944 vim
718 2882 836 2944 inferre
867 2882 969 2944 alicui.
1016 2879 1115 2962 Quod
1139 2883 1167 2944 si
1192 2883 1263 2963 quis
1295 2883 1469 2944 temerario
1498 2900 1577 2944 ausu
1604 2879 1780 2961 infregerit,

101 2968 320 3034 anathematis
343 2971 466 3035 ultione
489 2972 693 3054 dampnetur,
718 2980 751 3034 et
774 2972 931 3052 deinceps
960 2970 1114 3034 inviolata
1146 2971 1346 3052 inlibataque
1375 2969 1437 3034 hec
1468 2978 1580 3033 nostra
1608 2969 1779 3051 preceptio

101 3060 173 3122 sive
195 3060 381 3125 interdictio
405 3070 621 3124 conservetur.

264 3175 390 3241 Absckn'st
406 3176 446 3224 des
464 3173 520 3225 MS.
540 3176 631 3225 Baluae
648 3179 681 3225 41
693 3177 742 3241 fad.
763 3179 820 3236 651³,
839 3175 866 3224 in
883 3177 927 3226 der
944 3176 1006 3225 Bibl.
1027 3175 1156 3226 Naronae
1174 3191 1204 3224 au
1224 3175 1304 3224 Parin

265 3248 319 3308 „Ce
340 3244 456 3313 prim'le'ge
479 3254 514 3296 est
534 3243 638 3312 pre‘ce‘de'
659 3249 722 3296 d'un
737 3249 869 3314 fragment
892 3247 1067 3312 declaratique
1084 3244 1200 3312 relatr'fd
1218 3248 1243 3294 Ia
1253 3245 1386 3310 scandalion
1410 3244 1444 3292 du
1461 3243 1591 3293 nwnaste'rc
1607 3244 1636 3292 de
1653 3244 1784 3292 Nantua.“

97 3321 249 3460 {garmi
264 3319 376 3442 ,zm
393 3319 529 3440 mmm
555 3319 641 3368 witrde
663 3319 736 3369 schon
760 3320 804 3368 der
819 3319 900 3369 Name
921 3319 1067 3369 Clildm'cls
1084 3320 1122 3369 die
1139 3319 1280 3384 Piilsckung
1301 3317 1418 3376 becumen,
1445 3316 1503 3364 weil
1522 3315 1577 3365 ker'n
1596 3316 1671 3380 Papst
1691 3315 1783 3382 Gregor

876 3676 943 3751 Nr.
974 3681 1010 3752 3.

101 3829 258 3894 Benedict
285 3827 348 3893 ΙΙΙ
370 3827 511 3892 schreibt
533 3848 577 3890 an
604 3826 747 3908 Biscltos
768 3827 896 3934 Ratald
914 3849 983 3982 ἔφη
1008 3826 1208 3994 l„jtrassburg
1236 3827 1315 3891 tiber
1339 3826 1395 3890 die
1419 3825 1520 3889 Busse
1546 3825 1637 3889 eines
1672 3826 1780 3890 Vater-

844 3938 916 3982 mor
955 3938 990 3981 rs
1036 3965 1044 3981 .

850 4053 1036 4116 855-853.

264 4187 462 4249 Benedictus
484 4187 669 4268 episcopus,
692 4205 803 4250 servus
818 4187 987 4250 servorum
1004 4186 1065 4262 dei,
1087 4185 1348 4250 reverentissimo
1364 4205 1402 4247 ac
1418 4186 1623 4249 sanctissimo
1639 4186 1781 4250 Rataldo

102 4278 266 4360 episcopo
283 4276 319 4354 ²).
366 4275 455 4338 Dum
479 4276 523 4338 de
551 4275 701 4339 universo
732 4277 855 4339 mundo
886 4277 1088 4340 credentium
1120 4277 1251 4357 agmina
1281 4276 1471 4337 catervatim
1505 4275 1708 4338 confluerent
1737 4278 1779 4339 ad

101 4367 216 4429 limina
239 4365 501 4428 beatissimorum
525 4364 750 4447 apostolorum
774 4365 860 4429 Petri
886 4374 918 4428 et
941 4365 1041 4442 Pauli,
1073 4366 1206 4448 quidam
1236 4372 1364 4426 vestrae
1392 4364 1533 4428 diocesis
1558 4363 1659 4428 homo
1682 4367 1780 4442 venit,

103 4457 169 4538 qni,
202 4454 337 4518 humani
366 4455 493 4537 generis
522 4454 654 4517 inimico
677 4453 837 4530 hortante,
863 4455 1068 4536 patricidium
1090 4455 1118 4539 e)
1141 4474 1177 4518 se
1201 4462 1408 4537 perpetrasse
1431 4454 1573 4517 dicebat.
1618 4456 1681 4518 Pro
1714 4475 1781 4535 quo

101 4543 346 4608 lacrimabiliter
369 4544 587 4626 ingemuimus
612 4552 645 4606 et
668 4544 795 4626 oppido
826 4546 1006 4607 contristati
1026 4543 1057 4627 f)
1091 4545 1337 4626 permansimus.
1383 4543 1509 4606 Idcirco
1540 4543 1708 4607 volumus:
1747 4552 1782 4606 ut

102 4635 283 4697 duodecim
308 4653 366 4716 per
389 4651 491 4695 annos
515 4634 715 4715 penitentiae
739 4633 953 4697 constituatur
975 4633 1035 4696 sub
1060 4653 1169 4710 onere,
1193 4635 1238 4696 ita
1262 4640 1298 4695 ut
1321 4632 1473 4696 omnibus
1493 4633 1609 4696 diebus
1627 4635 1781 4696 ieiunium

101 4723 282 4786 observare
306 4741 410 4803 usque
432 4723 474 4785 ad
491 4741 664 4804 vesperum
688 4723 820 4785 studeat
843 4730 876 4785 et
899 4722 1024 4805 absque
1041 4742 1138 4786 carne
1163 4731 1196 4786 et
1211 4725 1288 4786 vino
1312 4730 1412 4804 atque
1432 4724 1523 4804 pisce
1539 4723 1649 4786 cibum
1666 4732 1782 4798 sumat,

102 4815 254 4896 exceptis
278 4812 394 4875 diebus
417 4811 508 4874 sestis
531 4819 630 4894 atque
653 4811 834 4886 dominicis,
858 4819 891 4874 et
907 4810 1031 4896 pascha
1047 4832 1151 4895 usque
1167 4813 1209 4875 ad
1226 4819 1451 4895 pentecosten.
1491 4813 1552 4875 Per
1568 4814 1781 4894 quinquennii

101 4922 183 4965 vero
205 4911 338 4984 tempus
361 4903 394 4964 in
417 4901 589 4965 ecclesiam
614 4902 744 4965 introire
767 4921 833 4964 non
850 4911 1017 4984 presumat
1032 4921 1138 4982 neque
1162 4901 1396 4977 communicet;
1436 4909 1511 4964 ante
1534 4901 1623 4964 fores
1639 4910 1781 4964 tantum·

103 4993 206 5055 modo
231 4991 390 5055 ecclesiae
407 4999 602 5074 perseveret,
625 4992 703 5054 dum
727 5011 820 5054 sacra
844 4991 1050 5055 celebrantur
1073 4991 1188 5055 officia.
1234 4992 1316 5055 Cum
1333 4999 1442 5053 autem
1463 4991 1606 5071 quinque
1622 5010 1780 5054 annorum

102 5081 225 5144 fuerint
248 5079 381 5163 expleta
404 5080 570 5154 curricula,
593 5081 794 5163 ingrediatur
817 5079 985 5144 ecclesiam
1010 5089 1043 5144 et
1065 5081 1147 5144 intra
1170 5082 1342 5145 audientes
1365 5101 1439 5143 cum
1463 5080 1551 5143 omni
1576 5088 1641 5143 stet
1662 5082 1780 5143 timore

102 5178 204 5250 atque
229 5169 425 5233 obedientia.
464 5169 552 5232 Dum
567 5191 646 5233 vero
670 5170 713 5231 ad
730 5189 850 5233 annum
867 5173 1051 5253 pervenerit
1066 5171 1238 5245 decimum,
1261 5178 1374 5232 sancte
1390 5171 1628 5233 communionis
1646 5190 1782 5233 consors

103 5262 224 5323 existat
247 5268 281 5322 et
304 5261 388 5324 inter
411 5259 554 5322 fidelium
579 5259 777 5322 consortium
802 5269 942 5323 maneat.
988 5259 1023 5324 Si
1051 5269 1161 5323 autem
1192 5268 1268 5323 ante
1297 5262 1512 5323 constitutum
1544 5268 1676 5343 tempus
1708 5259 1781 5322 finis

102 5351 191 5412 vitae
215 5348 302 5412 illius
325 5349 500 5424 advenerit,
524 5348 676 5412 viaticum
701 5348 728 5410 ei
753 5368 819 5412 non
846 5357 981 5431 negetur
1012 5351 1191 5413 secundum
1223 5369 1390 5413 sacrorum
1421 5350 1591 5413 sanctione
1620 5370 1781 5412 canonum

407 5508 532 5516 —---—·-

266 5569 292 5636 a)
312 5570 396 5634 Lege:
416 5584 535 5634 praesens
558 5569 626 5619 sedis
652 5568 758 5620 munitus
781 5570 887 5636 accipiat
905 5587 946 5619 am
972 5570 1050 5623 Rand
1123 5571 1149 5635 b)
1169 5587 1184 5619 a
1202 5571 1319 5621 Romano
1344 5568 1463 5637 pontifice
1481 5570 1620 5635 iniungatur
1645 5569 1724 5620 abbas
1741 5586 1783 5619 am

103 5643 182 5692 Rand
263 5645 288 5706 c)
307 5657 411 5691 numera
429 5642 493 5692 sorte
511 5657 553 5690 am
571 5642 649 5690 Rand
734 5643 762 5702 d)
782 5659 812 5692 ex
830 5643 872 5692 via
890 5641 987 5690 eremis
1005 5658 1047 5691 am
1066 5643 1144 5691 Rand
1230 5642 1258 5710 e)
1276 5643 1424 5708 patricidum
1511 5642 1532 5705 s)
1552 5641 1710 5692 constristati.
1729 5679 1783 5687 ..-

107 5722 133 5775 1)
152 5715 224 5764 Diese
247 5714 303 5763 und
324 5713 362 5764 die
375 5714 493 5780 folgende
514 5712 632 5764 Urkunde
655 5713 714 5762 sind
736 5715 798 5764 nach
822 5715 875 5763 dem
900 5714 1000 5764 Drucke
1025 5713 1146 5763 Wilands
1168 5714 1195 5763 in
1213 5716 1257 5765 der
1274 5715 1388 5768 zeitschr.
1398 5715 1452 5778 fiir
1477 5713 1690 5780 Rectesgescaichte
1714 5715 1782 5765 1885

105 5787 133 5836 S.
153 5788 212 5848 100,
233 5787 284 5836 101
299 5786 406 5852 gegeben.
480 5789 506 5852 a)
525 5783 640 5845 Rathold,
659 5785 763 5852 Bisclrof
776 5802 824 5836 von
842 5786 993 5852 Strassburg,
1012 5787 1162 5837 aco-675.

1547 5879 1557 5915 1
1568 5863 1584 5900 *
