4090 6358
853 1217 919 1296 ΝΡ.
954 1223 985 1296 1.

110 1384 138 1436 it
158 1367 324 1452 GregorI
342 1367 436 1432 theilt
455 1369 541 1432 allen
565 1370 700 1434 inrsten
722 1373 791 1452 mit,
813 1394 851 1436 er
872 1371 1025 1454 bestatige
1047 1369 1121 1434 dem
1139 1369 1270 1434 Kloster
1291 1367 1466 1434 St.·Pierre
1489 1367 1529 1434 de
1546 1365 1655 1437 Rauen
1670 1370 1758 1437 seine

78 1459 319 1522 Besitztlu'c'mer
340 1459 411 1522 und
430 1459 649 1541 weitgelrende
673 1460 807 1540 Redite,
836 1461 978 1525 verleilze
1005 1460 1072 1523 ilem
1099 1460 1160 1524 den
1193 1459 1340 1542 Vorrang
1358 1481 1418 1524 vor
1440 1461 1580 1524 anderen
1605 1461 1756 1527 Klostern

389 1546 580 1612 Neustn'ens
595 1550 665 1613 und
677 1551 859 1614 unterstelle
873 1571 907 1614 es
921 1550 982 1614 der
990 1549 1198 1634 papstlr'cten
1214 1549 1393 1614 Advokatie
1412 1553 1448 1631 ¹).

822 1669 1004 1730 590-604.

238 1797 356 1862 Totius
390 1798 480 1862 orbis
512 1799 731 1882 principibus,
763 1799 945 1865 machinam
978 1802 1090 1864 mundi
1120 1799 1182 1863 sub
1214 1799 1344 1864 Christo
1378 1801 1526 1882 principe
1559 1801 1755 1882 regentibus,

77 1888 285 1970 presentibus
308 1889 434 1952 scilicet
465 1897 498 1951 et
521 1888 643 1963 suturis
676 1887 853 1971 Gregorius
877 1894 1068 1954 meritorum
1093 1889 1248 1970 qualitate
1273 1889 1401 1952 infimus
1424 1890 1486 1952 sub
1510 1888 1629 1952 Christi
1652 1892 1755 1972 gratia

76 1985 190 2040 sancte
213 1975 363 2040 Romane
395 1979 466 2042 sedi
498 1977 651 2060 prelatus.
697 1975 867 2042 Summum
900 2001 981 2056 esse,
1014 2000 1097 2062 quos
1130 1980 1238 2042 divine
1268 1977 1345 2040 fidei
1370 1986 1404 2040 et
1434 1978 1618 2060 apostolice
1643 1981 1757 2042 maies-

76 2069 152 2129 tatis
176 2065 332 2130 nobilitas
364 2066 478 2150 religio
509 2075 647 2141 constat,
683 2076 718 2130 ut
741 2067 847 2131 fructu
880 2089 1015 2152 operum
1041 2077 1075 2132 et
1098 2067 1215 2131 effectu
1241 2088 1348 2130 rerum
1380 2076 1469 2130 certa
1492 2069 1758 2132 demonstrantur

78 2156 246 2238 obsequia.
281 2155 425 2237 Quando
441 2158 483 2220 ad
501 2177 548 2232 ea,
571 2153 642 2242 (ad)
658 2177 722 2236 que
746 2157 980 2222 catholicorum
1004 2178 1117 2240 regum
1143 2158 1244 2220 corda
1259 2155 1502 2240 pontificalibus
1525 2165 1603 2221 sunt
1625 2161 1757 2222 monitis

78 2246 307 2327 provocanda,
339 2247 383 2308 ita
414 2248 541 2309 ardenti
566 2247 737 2321 desiderio
772 2248 880 2310 divina
905 2252 1115 2330 preveniente
1138 2249 1257 2329 gratia,
1281 2246 1540 2322 subcenduntur,
1573 2254 1608 2308 ut
1637 2247 1679 2309 ab
1711 2249 1756 2310 eis

9 2383 10 2394 ,
77 2334 162 2398 ultro
180 2343 366 2416 poscantur,
388 2344 481 2398 tanto
497 2344 572 2398 sunt
586 2336 681 2398 letius
698 2338 922 2410 concedenda,
945 2345 1069 2421 quanto
1086 2356 1132 2411 ea,
1157 2355 1222 2418 que
1238 2337 1382 2418 cupiunt,
1406 2338 1433 2398 si
1450 2337 1564 2399 nolent
1583 2339 1614 2414 ιι)
1638 2336 1755 2413 facere,

77 2423 143 2506 peti
177 2423 367 2487 debuerant.
424 2423 565 2489 Proinde
597 2427 689 2487 iuxta
719 2424 856 2489 filiorum
888 2447 1033 2490 meorum
1067 2425 1433 2509 precellentissimorum
1466 2427 1605 2507 scripta,
1640 2445 1753 2507 regum

77 2511 342 2590 Brunechildis2)
366 2534 404 2576 ac
429 2516 558 2597 nepotis
582 2514 649 2578 eius
673 2513 921 2591 Theoderici³),
945 2519 1143 2580 monasterio
1168 2517 1271 2577 sancti
1295 2514 1391 2591 Petri,
1414 2514 1642 2596 apostolorum
1668 2517 1754 2596 prin-

77 2603 168 2684 cipis,
203 2603 293 2684 quod
329 2612 378 2666 est
409 2605 508 2666 situm
544 2606 576 2667 in
613 2603 761 2685 partibus
792 2603 945 2669 Neustrie
976 2616 1069 2669 extra
1101 2624 1211 2668 muros
1240 2601 1460 2685 Rothomagie
1492 2605 1631 2666 civitatis
1661 2602 1755 2666 huius

79 2693 168 2755 modi
192 2691 399 2774 privilegium
423 2695 626 2756 auctoritatis
652 2703 764 2756 nostre
787 2694 919 2758 decreto
950 2695 1169 2778 indulgemus,
1202 2701 1235 2756 et
1258 2693 1337 2756 illud
1370 2692 1496 2775 plenius
1526 2693 1756 2756 confirmamus

78 2780 291 2862 privilegium,
325 2783 458 2861 quoda
488 2784 577 2846 bone
611 2784 767 2845 memorie
791 2784 926 2847 domino
951 2805 1038 2866 papa
1061 2784 1184 2858 Leone,
1218 2785 1410 2846 comittante
1443 2782 1646 2845 illustrissimi
1671 2784 1756 2864 regis

80 2867 235 2934 Clotharii
268 2869 455 2945 clemencia,
491 2874 553 2954 ipsi
577 2872 661 2948 loco,
695 2870 756 2934 sub
791 2871 1004 2936 anathematis
1035 2873 1165 2936 vinculo
1198 2881 1249 2935 est
1280 2892 1472 2935 concessum
1503 2871 1554 2933 vel
1584 2871 1755 2947 indultum,

78 2960 290 3022 concedimus
314 2969 414 3040 atque
444 2960 620 3025 firmamus.
666 2958 872 3036 StatuenteS,
904 2963 1025 3026 nullum
1051 2983 1178 3044 regum,
1208 2964 1388 3025 antistitum
1422 2961 1473 3023 vel
1501 2961 1660 3033 iudicum,
1692 2960 1755 3023 ulla

79 3067 273 3129 quacunque
293 3049 322 3126 b)
346 3050 525 3132 predittum
549 3051 716 3132 dignitate,
751 3070 798 3128 ea,
822 3071 888 3132 que
911 3052 1038 3134 prelato
1068 3052 1143 3114 loco
1177 3060 1291 3114 sancto
1316 3071 1472 3113 concessa
1495 3060 1570 3113 sunt
1598 3049 1650 3112 vel
1680 3070 1755 3112 con·

9 3135 10 3152 ¹
79 3137 232 3214 serentur,
264 3137 325 3201 sub
356 3139 528 3202 cuiuslibet
561 3142 741 3203 occasionis
774 3142 887 3222 specie
920 3144 1066 3205 minuere
1093 3141 1145 3204 vel
1170 3139 1306 3204 aufferre
1338 3139 1391 3202 vel
1418 3142 1484 3203 suis
1517 3139 1628 3203 usibus
1651 3139 1755 3221 appli-

9 3247 10 3306 Τ
78 3247 166 3302 care,
199 3228 258 3290 sed
294 3237 427 3304 cuncta,
464 3248 529 3309 que
559 3231 623 3292 deo
656 3230 872 3293 servientibus
905 3230 1072 3294 monachis
1106 3229 1217 3293 oblata
1245 3238 1321 3293 sunt
1348 3228 1400 3292 vel
1430 3228 1540 3292 offerri
1571 3229 1753 3309 contigerit,

9 3311 10 3396 j
78 3317 247 3398 perhemni
270 3325 423 3399 tempore
447 3317 568 3381 illibata
592 3327 624 3381 et
646 3321 718 3382 siue
740 3318 850 3399 aliqua
880 3320 1101 3402 inquietudine
1124 3320 1275 3383 volumus
1300 3319 1468 3401 possideri,
1497 3337 1609 3381 eorum
1634 3317 1754 3392 usibus,

9 3423 10 3496 ]
78 3427 137 3486 pro
171 3425 311 3486 quorum
345 3407 606 3471 substentatione
641 3429 798 3471 concessa
831 3419 924 3484 sunt,
965 3412 1073 3472 modis
1108 3409 1260 3473 omnibus
1296 3408 1474 3490 profutura.
1534 3407 1754 3470 Concedimus

9 3502 10 3510 ’
78 3497 191 3568 eciam,
220 3505 272 3572 ut,
303 3496 447 3559 obeunte
470 3497 600 3573 abbate,
632 3519 696 3560 non
719 3497 798 3560 alius
822 3498 866 3561 ibi
891 3519 1085 3579 quacunque
1110 3498 1303 3562 obiectionis
1326 3499 1450 3560 astucia
1475 3497 1657 3569 ordinetur,
1694 3497 1753 3558 nisi

9 3601 10 3670 j
77 3604 176 3666 quem
208 3588 391 3648 communis
422 3607 599 3649 consensus
628 3586 865 3650 monachorum
897 3588 1032 3668 elegerit
1054 3597 1111 3651 aut
1134 3587 1309 3670 previderit
1333 3587 1561 3650 ordinandum.
1609 3583 1755 3647 Caveant

9 3707 10 3710 ¹
77 3682 186 3736 autem
203 3674 320 3756 prefati
339 3674 488 3738 monachi
504 3679 731 3757 symoniacam
754 3677 904 3753 heresim,
929 3698 969 3740 ne
986 3678 1139 3761 potencia
1154 3698 1267 3759 regum
1284 3675 1336 3738 vel
1360 3676 1537 3738 antistitum
1554 3676 1705 3736 conventi
1726 3677 1753 3752 c)

77 3761 151 3826 loco
178 3765 318 3846 pastoris
341 3767 522 3847 suscipiant
545 3775 727 3846 tyrannum,
759 3767 849 3845 quod
875 3769 1009 3830 omnino
1034 3767 1102 3830 fieri
1127 3766 1346 3848 prohibemus,
1376 3773 1408 3827 et
1432 3765 1572 3827 eundem
1597 3763 1752 3826 abbatem

9 3863 10 3872 ‘
77 3872 174 3915 causa
191 3854 408 3916 ordinacionis
423 3875 482 3917 sue
497 3854 620 3936 aliquid
636 3855 723 3928 dare,
747 3874 936 3937 presumere
945 3852 978 3940 (l)
994 3857 1326 3930 excommunicamus,
1349 3874 1391 3917 ne
1407 3852 1468 3917 hac
1485 3853 1664 3928 occasione,
1689 3871 1753 3932 que

78 3961 96 4002 a
126 3941 279 4005 fidelibus
316 3943 374 4024 piis
409 3942 490 4006 locis
525 3943 704 4007 offeruntur
738 3944 789 4006 vel
826 3945 937 4008 oblata
967 3955 1059 4021 sunt,
1095 3953 1370 4008 consummantur.
1417 3943 1625 4006 Auctoritate
1658 3943 1754 4023 igitur

9 4082 10 4114 ἶ
77 4030 185 4094 divina
208 4033 280 4095 vice
310 4031 399 4094 beati
423 4033 516 4108 Petri,
545 4031 771 4114 apostolorum
804 4035 965 4117 principis,
998 4054 1158 4097 consensu
1192 4037 1280 4096 omni
1304 4034 1527 4096 Romanorum
1561 4030 1751 4112 pontificum

9 4185 10 4192 ,
78 4128 109 4182 et
130 4120 304 4183 voluntate
335 4123 441 4184 tocius
464 4130 594 4184 senatus
617 4120 768 4197 Romani,
799 4124 957 4187 suadente
989 4125 1085 4187 nobis
1115 4125 1185 4186 viro
1215 4121 1400 4206 apostolico
1425 4121 1596 4194 Melancio,
1628 4119 1753 4183 Rotho·

9 4275 10 4278 ,
78 4213 186 4292 magie
209 4209 298 4272 urbis
329 4208 579 4294 archiepiscopo
596 4212 634 4296 ⁴),
657 4219 690 4274 et
713 4214 802 4276 omni
825 4213 954 4277 favente
979 4210 1083 4276 Gallie
1115 4215 1347 4295 episcoporum
1380 4212 1509 4288 iudicio,
1540 4210 1753 4285 decernimus,

9 4327 10 4330 ¹
78 4307 111 4360 ut
133 4299 240 4362 nuilus
268 4297 599 4384 archiepiscoporum,
632 4302 875 4384 episcoporum,
908 4301 1211 4366 archidiaconorum
1242 4303 1358 4364 fratres
1382 4300 1507 4382 prefate
1531 4298 1675 4374 basilice,
1710 4299 1753 4361 de

78 4389 286 4453 ordinacione
315 4390 364 4451 sui
395 4389 523 4454 abbatis
555 4390 607 4453 vel
640 4391 930 4455 ecclesiasticorum
963 4393 1121 4474 graduum
1156 4393 1382 4474 assumptione
1414 4391 1591 4469 inquietet,
1621 4389 1680 4450 sed
1703 4408 1754 4450 se·

78 4480 219 4541 cundum
253 4477 456 4561 privilegium
488 4488 635 4543 nostrum
667 4481 909 4544 ordinacionem
935 4484 983 4544 sui
1016 4481 1146 4545 abbatis
1185 4483 1247 4564 ipsi
1272 4480 1401 4554 iratres,
1433 4496 1673 4558 aquocunque
1696 4498 1753 4540 vo·

9 4583 10 4618 l
76 4565 191 4631 luerint
215 4567 376 4650 pontifice,
400 4570 432 4630 in
457 4570 575 4632 eodem
600 4573 801 4633 monasterio
824 4579 983 4654 peragant
998 4580 1032 4634 et
1047 4570 1342 4635 ecclesiasticorum
1367 4569 1527 4650 graduum
1551 4567 1753 4648 dignitatem,

9 4665 10 4670 ’
78 4654 263 4739 ubicunque
285 4657 425 4733 libuerit,
457 4661 637 4741 suscipiant
660 4659 712 4721 vel
735 4663 768 4722 in
792 4681 852 4724 suo
877 4662 1074 4724 monasterio
1098 4660 1275 4723 celebrent.
1322 4657 1596 4720 Consecrationes
1620 4676 1754 4738 quoque

9 4747 10 4760 ¹
77 4743 218 4810 loncium
244 4756 277 4809 et
299 4747 442 4810 scrutinii
466 4748 609 4811 misteria
631 4749 779 4812 similiter
809 4749 936 4813 faciant.
985 4749 1151 4813 Crismatis
1174 4767 1308 4831 quoque
1331 4768 1369 4810 ac
1393 4747 1466 4822 olei,
1491 4746 1611 4822 altaris,
1636 4746 1752 4822 calicis,

77 4835 264 4918 corporaliS,
298 4857 318 4899 a
352 4855 549 4917 quocunque
579 4837 743 4901 voluerint
776 4839 939 4920 pontifice,
976 4840 1239 4902 benedictionem
1274 4845 1432 4919 expetant
1450 4835 1489 4916 d).
1540 4833 1611 4898 Nec
1646 4843 1754 4898 tantus

78 4921 183 4989 honor
204 4946 374 5008 aquoque
397 4927 635 5001 intermittatur,
659 4947 720 4991 nec
743 4927 874 4990 vilescat
897 4937 989 4992 tante
1012 4928 1219 4992 sublimitatis
1244 4927 1344 5000 locuS,
1369 4944 1468 5006 quern
1492 4925 1599 5006 capud
1625 4944 1753 4987 monas·

9 5055 10 5080 i
78 5017 229 5078 teriorum
254 5017 359 5078 tocius
382 5014 535 5079 Neustrie
559 5017 793 5092 constituimus,
827 5018 1010 5099 nulliusque
1031 5018 1158 5080 dittioni
1187 5018 1332 5099 patimur
1362 5035 1434 5079 esse
1457 5015 1650 5077 subiectum.
1685 5013 1753 5078 Sed

9 5089 10 5168 l
77 5104 135 5165 sub
166 5105 389 5168 advocacione
422 5105 508 5169 beati
532 5107 617 5169 Petri
650 5115 684 5168 et
713 5127 938 5171 successorum
964 5111 1067 5190 ipsius·
1096 5115 1297 5189 permaneat.
1344 5103 1468 5168 Omnes
1493 5123 1625 5186 quoque
1650 5101 1754 5166 archi·

9 5215 10 5286 ,
78 5195 253 5276 episcopos
284 5195 428 5257 eiusdem
461 5195 597 5258 civitatis
627 5196 672 5258 ob
700 5216 847 5260 amorem
880 5197 967 5260 beati
991 5198 1086 5271 Petri,
1118 5196 1342 5279 apostolorum
1369 5196 1539 5277 principis,
1572 5195 1604 5255 in
1636 5193 1752 5255 eadem

9 5288 10 5370 l
79 5281 214 5345 ecclesia
241 5285 421 5346 consecrari
452 5287 659 5367 precipimus,
691 5306 804 5348 omnes
837 5287 940 5349 eciam
970 5287 1108 5350 abbates
1133 5288 1222 5368 capis
1246 5284 1346 5348 laneis
1371 5292 1507 5358 utantur,
1539 5285 1629 5364 ipsos
1654 5284 1752 5344 etiam

79 5371 255 5436 monachos
287 5371 419 5436 lintheis
450 5381 483 5436 et
512 5373 634 5436 villosis
665 5372 757 5437 lineis
788 5377 834 5438 uti
867 5379 1076 5460 precipimus.
1124 5373 1242 5438 Omnia
1276 5393 1410 5457 quoque
1440 5373 1561 5435 iudicia
1588 5371 1754 5447 secularia,

235 5567 261 5632 a)
279 5568 365 5618 volent
437 5569 464 5628 1))
483 5583 631 5633 quecunque
715 5571 738 5636 c)
758 5569 785 5619 ob
803 5569 980 5622 circumventi?
1053 5571 1081 5637 d)
1102 5577 1242 5635 expectant.
1263 5609 1312 5614 -.
1334 5574 1369 5636 .1)
1395 5568 1466 5620 Diese
1481 5567 1538 5615 und
1562 5567 1599 5614 die
1619 5567 1753 5632 solgrmden

79 5636 227 5703 Abscfin'sten
249 5655 296 5688 aus
319 5640 364 5689 der
379 5639 618 5689 Nationnlbibliothek
635 5657 664 5689 su
684 5641 757 5690 Paris
781 5643 902 5690 verdanke
928 5643 966 5693 ich
985 5642 1069 5692 Herm
1087 5643 1136 5692 Dr.
1154 5645 1184 5691 A.
1212 5643 1245 5690 W
1247 5641 1352 5691 ciuile.
1438 5643 1464 5701 2)
1483 5637 1626 5698 Brunhilde,
1646 5637 1754 5704 Kampai:

79 5707 120 5757 der
136 5709 260 5770 Frmtken,
284 5727 315 5760 zu
336 5711 401 5761 Tode
415 5712 540 5778 gesclleist
558 5714 618 5763 613.
727 5719 755 5783 3)
777 5713 919 5764 Theoderici
932 5717 968 5776 ll,
988 5713 1072 5780 liburia
1097 5715 1141 5764 der
1157 5714 1285 5774 Frarrkcn,
1309 5714 1456 5763 ovo-612.
1566 5720 1593 5777 4)
1615 5709 1753 5768 Melmm'ut»

81 5777 222 5847 Enbischos
234 5797 282 5832 von
300 5785 392 5843 Reum,
411 5801 432 5834 c.
452 5785 604 5834 ouo-601.
1715 5789 1718 5800 '

130 5889 150 5917 v.
164 5879 457 5932 pringi-uarum,
473 5881 531 5923 netu
545 5883 587 5922 111.
1532 5876 1541 5912 ¹
