4142 6366
324 303 389 390 276

322 496 489 561 abbatissa
512 495 699 558 monasterii
722 495 825 559 sancti
848 494 1010 559 Victorini
1035 495 1076 559 de
1098 496 1288 560 Benevento
1311 496 1341 559 ei
1365 496 1512 560 redditus
1534 503 1709 559 consuetos
1742 516 1811 559 non
1843 495 1947 558 solvit
1971 503 2005 558 et

323 585 517 649 inobediens
539 605 610 648 esse
632 584 762 666 penitus
785 596 818 648 et
851 585 979 649 rebellis
1011 586 1176 667 presumit.
1223 586 1332 662 Unde,
1365 585 1521 667 quoniam
1552 605 1618 648 non
1643 586 1739 648 decet
1767 606 1852 660 eam,
1885 603 2004 666 quem·

323 695 423 758 quarn
446 675 513 737 iure
542 695 601 737 suo
633 673 811 756 fraudare}
824 674 1010 738 discretioni
1034 685 1141 738 vestre
1164 694 1224 756 per
1246 675 1430 757 apostolica
1457 675 1580 757 scripta
1606 675 1811 749 mandamus,
1843 675 2005 756 quatinus

323 764 484 847 prefatam
508 762 710 827 abbatissam
733 765 895 827 moneatis
918 775 952 828 et
974 764 1168 827 auctoritate
1184 775 1304 840 nostra,
1328 765 1354 827 si
1372 783 1456 846 opus
1472 763 1575 840 fuerit,
1599 765 1735 845 cogatis,
1760 775 1795 827 ut
1812 764 2005 845 prescripto

323 853 437 917 abbati
460 853 655 916 constitutos
678 864 712 917 et
735 863 909 917 consuetos
933 854 1078 917 redditus
1101 853 1207 916 solvat
1230 863 1263 917 et
1283 853 1508 917 obedientiam
1533 862 1567 916 et
1582 854 1797 917 reverentiam
1813 853 2004 935 impendat,

323 944 406 1007 sicut
428 943 498 1019 hee,
527 961 591 1023 que
614 961 687 1005 eam
710 953 943 1024 precesserunt,
974 941 1163 1024 inpendisse
1186 951 1379 1018 noscuntur,
1409 953 1465 1005 aut
1487 943 1521 1004 in
1544 943 1710 1024 presentia
1730 953 1841 1006 vestra
1864 943 2005 1024 plenam

323 1052 421 1115 super
443 1031 492 1094 his
516 1031 672 1094 iustitiam
694 1051 762 1095 non
786 1031 913 1095 differat
935 1033 1077 1096 exibere.
1103 1065 1142 1077 —
1166 1031 1242 1096 Dat
1266 1031 1452 1109 Tusculani,
1475 1045 1514 1096 111
1537 1029 1614 1094 Idus
1637 1031 1724 1114 Aug.

482 1143 606 1211 Absclerist
622 1160 677 1195 vom
697 1145 731 1194 12
751 1146 844 1212 Jahrb
864 1145 981 1196 XXXIV
995 1149 1027 1195 41
1042 1152 1069 1212 p.
1089 1146 1165 1206 2691’,
1190 1144 1217 1195 in
1234 1145 1278 1195 der
1292 1143 1357 1197 Bibl.
1375 1145 1513 1196 Borbeeino
1530 1162 1561 1196 su
1577 1147 1647 1197 Rom.

1065 1538 1132 1613 Nr.
1162 1541 1249 1614 295.

323 1671 509 1735 Alexander
530 1671 595 1735 III
622 1671 811 1754 beouflragt
833 1670 888 1735 die
912 1670 1067 1752 Biscleofe
1092 1691 1153 1736 oon
1188 1670 1305 1751 Teano,
1348 1670 1446 1736 Sessa
1471 1671 1541 1736 und
1564 1669 1718 1755 Cajaaso,
1750 1671 1802 1735 bei
1826 1673 2008 1755 emergent

324 1760 497 1825 Ausucleen
523 1760 582 1825 des
604 1760 700 1824 Abtes
725 1781 785 1824 oon
813 1760 880 1825 San
914 1758 1063 1825 Veiecenzo
1087 1760 1126 1825 a'i
1148 1761 1272 1840 Monte,
1296 1762 1364 1842 auf
1391 1760 1484 1825 ihrer
1508 1758 1800 1840 Zusammenkunft
1822 1765 1856 1826 in
1884 1761 2009 1848 Capua

566 1849 845 1933 Untersuchungen
859 1871 970 1934 wegen
984 1850 1107 1915 diesem
1121 1851 1333 1934 eustdndiger
1347 1849 1535 1934 mergerer
1549 1849 1756 1915 anaustellen.

799 1954 1046 2040 (1178-)1180
1060 1956 1192 2040 August
1205 1959 1258 2020 12.
1304 1954 1473 2020 Tusculum
1493 1959 1530 2043 ¹).

484 2072 676 2137 Alexander
698 2073 881 2155 episcopua,
912 2093 1022 2136 servus
1044 2093 1211 2137 servorum
1234 2073 1296 2149 dei,
1323 2073 1565 2138 venerabilibus
1588 2074 1748 2150 fratribus,
1780 2075 1950 2139 Teanensi
1970 2073 2007 2160 ¹),

326 2160 581 2248 Suessanensil)
604 2173 638 2226 et
660 2161 834 2225 Kaiacensi
850 2160 877 2246 ι)
900 2163 1074 2245 episcopis,
1105 2164 1242 2226 salutem
1273 2172 1306 2226 et
1329 2162 1547 2243 apostolicam
1570 2163 1844 2227 benedictionem
1891 2163 2007 2247 Signi·

326 2251 434 2315 ficavit
457 2253 553 2315 nobis
577 2252 714 2315 dilectus
736 2251 820 2315 filius
844 2262 962 2327 noster,
995 2253 1099 2315 abbas
1122 2247 1225 2315 sancti
1248 2251 1413 2314 Vincentii
1438 2252 1480 2315 de
1504 2253 1627 2330 Monte,
1659 2254 1749 2334 quod
1774 2274 1893 2336 magna
1918 2255 2006 2316 teni-

325 2350 436 2404 menta
448 2338 473 2426 δ)
489 2342 736 2424 predecessores
751 2341 798 2404 sui
815 2341 885 2404 sine
901 2340 1034 2404 fratrum
1050 2341 1186 2406 consilio
1203 2341 1430 2417 distraxerunt,
1447 2341 1523 2406 licet
1537 2342 1580 2404 ad
1597 2362 1744 2405 mensam
1760 2344 2008 2406 monachorum

326 2451 458 2497 suorum
480 2430 665 2514 specialiter
678 2431 887 2513 pertinerent.
926 2428 1033 2508 Unde,
1058 2433 1214 2512 quoniam
1238 2429 1348 2494 officio
1364 2440 1472 2494 vestro
1497 2433 1648 2513 congruit
1669 2439 1702 2495 et
1724 2433 1829 2508 saluti,
1852 2433 2008 2496 ecclesiis

328 2524 361 2587 in
383 2522 448 2585 suis
471 2520 600 2585 iustitiis
622 2529 768 2603 prestare
790 2521 947 2583 auxilium
970 2521 1092 2602 pariter
1121 2529 1154 2583 et
1176 2520 1339 2594 favorem,
1373 2519 1564 2584 fraternitati
1587 2531 1694 2584 vestre
1723 2542 1783 2604 per
1814 2522 2008 2604 apostolica

326 2613 448 2694 scripta
471 2609 672 2687 mandamus,
704 2610 865 2690 quatinus,
897 2630 971 2673 cum
994 2620 1131 2692 propter
1160 2608 1225 2672 hoc
1255 2608 1378 2672 fueritis
1400 2609 1555 2690 requisiti,
1577 2599 1726 2692 Capuam
1743 2609 1770 2696 Β)
1793 2610 2007 2686 accedentes,

327 2702 353 2766 si
378 2701 433 2782 qui
457 2700 637 2764 tenimenta
659 2700 731 2783 ipsa
754 2698 898 2762 detinere
923 2697 1006 2762 forte
1028 2698 1197 2774 voluerint,
1229 2715 1361 2761 causam
1391 2699 1554 2762 intereos
1577 2709 1610 2762 et
1633 2699 1818 2781 predictum
1841 2700 2008 2764 abbatem

329 2791 513 2873 diligentius
543 2789 683 2852 audiatis
712 2794 757 2866 et,
791 2789 835 2851 rei
865 2789 1001 2852 veritate
1032 2787 1159 2870 plenius
1188 2786 1355 2869 inquisita,
1387 2788 1528 2851 eandem
1560 2807 1691 2852 causam
1722 2790 1902 2853 concordia
1936 2809 2007 2854 non

329 2877 484 2943 differatis
507 2878 559 2942 vel
582 2879 702 2941 iudicio
726 2877 908 2941 terminare.
931 2912 975 2924 -
997 2877 1074 2940 Dat
1097 2876 1282 2953 Tusculani,
1305 2891 1332 2940 11
1354 2877 1431 2940 Idus
1453 2875 1540 2960 Aug.

486 2992 611 3059 ostense
625 3007 680 3042 vom
701 2991 732 3042 rs
752 2973 852 3056 Jure.
863 2989 980 3041 mlv
991 2994 1024 3041 41
1039 2999 1064 3056 p.
1085 2992 1159 3051 anob,
1177 2990 1205 3042 u
1222 2991 1266 3041 eer
1282 2991 1347 3042 aue.
1364 2990 1499 3042 aarum
1516 3007 1546 3040 a
1564 2993 1635 3043 non.

1070 3383 1137 3459 Nr.
1166 3388 1255 3460 296.

328 3515 512 3581 Ale'rcana'er
534 3514 599 3579 III
618 3513 768 3600 besmujgt
798 3517 871 3582 dem
895 3515 1044 3599 Buschofe
1071 3516 1290 3672 Opt‘redeeGooZ
1318 3516 1474 3583 Cremona
1497 3519 1559 3582 den
1585 3516 1710 3601 Spmech
1734 3518 1793 3582 des
1814 3519 2007 3582 Kardinal·

1014 3618 1109 3691 prees
1121 3627 1176 3670 ers
1226 3628 1259 3670 ree
1285 3630 1312 3672 o.
1663 3674 1665 3676 ,

912 3725 996 3787 1180
1012 3722 1161 3785 bebruar
1173 3724 1222 3786 10.
1272 3719 1411 3786 Velletri,

485 3854 676 3919 Alexander
698 3857 881 3940 episcopus,
906 3879 1016 3922 servus
1039 3876 1207 3920 servorum
1230 3857 1292 3932 dei,
1315 3855 1492 3919 venerabili
1511 3855 1598 3919 fratri
1615 3855 1762 3931 Offredo,
1786 3854 2006 3919 Cremonensi

327 3945 485 4027 episcopo
503 3941 535 4030 ἵ),
556 3944 694 4009 salutern
710 3957 743 4009 et
758 3947 975 4028 apostolicam
990 3946 1266 4010 benedictionem.
1305 3946 1356 4008 Ea
1371 3965 1435 4026 que
1451 3944 1567 4008 iuditio
1582 3944 1625 4008 de
1641 3945 1798 4008 mandato
1815 3946 2005 4026 apostolico

326 4035 548 4110 terminantur,
581 4034 614 4097 in
637 4055 695 4098 sua
719 4035 842 4099 debent
864 4036 1017 4099 firmitate
1041 4035 1218 4099 consistere
1250 4045 1292 4110 et,
1324 4053 1365 4097 ne
1395 4033 1565 4097 cuiusdam
1593 4034 1776 4098 temeritate
1799 4035 1833 4096 in
1857 4034 2006 4097 recidive

327 4123 545 4188 contentionis
565 4123 752 4206 scrupulum
774 4125 977 4201 reducantur,
1001 4125 1121 4188 robore
1143 4125 1328 4206 apostolico
1352 4124 1537 4206 premuniti.
1584 4121 1778 4205 Eapropter,
1801 4123 2005 4186 sententiam

327 4235 347 4278 a
374 4214 463 4277 bone
493 4213 649 4276 memorie
679 4211 832 4277 Guidone
865 4214 906 4278 de
936 4213 1088 4291 Summa,
1123 4225 1235 4277 sancte
1264 4213 1415 4276 Romane
1446 4213 1583 4275 ecclesie
1614 4213 1797 4294 presbitero
1829 4212 2004 4286 cardinali,

327 4303 509 4384 apostolice
531 4301 619 4365 sedis
643 4301 760 4384 legato,
790 4323 889 4384 super
911 4304 1036 4385 populo
1060 4304 1101 4366 de
1124 4304 1286 4378 Rumano,
1318 4301 1515 4383 quibusdam
1539 4302 1683 4365 ecclesiis
1707 4312 1741 4365 et
1764 4301 1901 4364 decimis
1924 4322 2002 4382 pro·

327 4392 514 4472 mulgatam,
546 4390 630 4454 sicut
651 4390 888 4455 rationabiliter
910 4393 977 4456 lata
999 4401 1048 4456 est
1064 4389 1090 4478 8)
1122 4402 1155 4456 et
1184 4392 1342 4456 hactenus
1373 4390 1555 4468 observata,
1588 4391 1781 4454 auctoritate
1814 4391 2004 4472 apostolica

327 4480 557 4544 confirmamus
580 4490 613 4543 et
635 4482 794 4562 presentis
817 4483 928 4563 scripti
951 4483 1136 4564 patrocinio
1164 4481 1412 4544 communimus.
1458 4480 1654 4555 Statuentes,
1688 4488 1724 4542 ut
1754 4478 1832 4544 nulli
1862 4481 2003 4542 omnino

327 4570 497 4633 hominum
520 4569 624 4644 liceat,
655 4569 740 4634 hanc
762 4571 917 4652 paginam
945 4582 1055 4635 nostre
1086 4571 1341 4634 confirmationis
1374 4570 1549 4652 infringere
1570 4569 1623 4633 vel
1654 4569 1682 4632 ei
1712 4589 1791 4631 ausu
1825 4570 2003 4632 temerario

327 4658 496 4723 contraire.
541 4657 575 4722 Si
601 4659 673 4739 quis
695 4669 802 4722 autem
827 4660 891 4726 hoc
914 4667 1109 4741 attemptare
1132 4660 1374 4742 presumpserit,
1402 4659 1662 4741 indignationem
1685 4657 1924 4738 omnipotentis
1948 4657 2001 4721 dei

328 4758 362 4812 et
386 4747 556 4812 beatorum
581 4747 666 4812 Petri
689 4759 723 4812 et
745 4749 842 4824 Pauli,
872 4750 1097 4831 apostolorum
1127 4750 1204 4825 eius,
1235 4769 1270 4812 se
1293 4750 1421 4814 noverit
1451 4750 1661 4812 incursurum
1684 4781 1729 4793 -
1750 4747 1828 4810 Dat.
1852 4747 2000 4822 Velletri,

327 4854 379 4899 1111
401 4838 477 4900 Idus
500 4836 677 4900 Februarii.

489 4951 613 5016 Absclm'fl
628 4967 683 5002 vom
701 4952 772 5002 Ende
797 4952 837 5002 des
850 4953 879 5001 12
894 4953 997 5019 Jahrb,
1022 4953 1062 5002 des
1084 4952 1139 5003 Cod.
1160 4952 1262 5003 Slcnrdr'
1271 4959 1299 5018 p.
1318 4953 1361 5013 90,
1380 4951 1414 5002 im
1434 4949 1598 5001 Maternae
1621 4949 1747 5016 dessign.
1761 4951 1809 5000 Dr.
1829 4949 1859 5000 F.
1877 4948 1999 5009 Rololnm’,

328 5021 362 5071 r'm
382 5021 481 5072 Palaaeo
499 5022 606 5074 Poname
622 5039 652 5072 eu
673 5023 796 5076 Cremona.

489 5289 515 5354 ι)
534 5289 604 5339 Diese
626 5289 744 5340 Urkrende
761 5291 838 5355 lo‘ngt
853 5290 919 5340 ihrer
935 5291 1093 5357 Aeesstellung
1109 5293 1173 5342 nach
1190 5292 1298 5358 morbae
1315 5307 1361 5357 eng
1377 5289 1422 5340 neit
1438 5290 1482 5340 der
1497 5305 1552 5340 vom
1562 5292 1594 5339 11
1605 5290 1703 5356 August
1720 5302 1866 5347 mannen,
1885 5289 1999 5338 meree

327 5359 375 5408 wir
390 5359 436 5410 dae
455 5361 680 5426 Amelellrengsjoler
692 5361 828 5428 geroinnen.
913 5368 939 5414 al
961 5363 1054 5423 Petrus,
1073 5363 1177 5428 Birthas
1189 5378 1237 5412 von
1259 5363 1347 5422 Teano,
1368 5363 1548 5412 1171-1192.
1633 5373 1660 5425 3)
1679 5360 1813 5418 Hervaeus,
1835 5359 1941 5422 Bisclef
1954 5375 1999 5407 oon

327 5431 404 5494 Sessa,
424 5449 443 5480 c.
466 5433 651 5482 flu-noch
672 5436 747 5482 1179.
853 5433 882 5498 4)
908 5434 1022 5485 Wilhelm
1040 5435 1076 5493 II,
1105 5435 1209 5500 Be'scleof
1221 5451 1269 5484 vore
1290 5435 1396 5500 Cajano,
1418 5435 1597 5484 1176-1181.
1706 5435 1732 5496 5)
1758 5432 1844 5498 Wegen
1865 5431 1999 5489 ima,

327 5509 483 5553 emmenum
500 5505 577 5569 vergi.
595 5505 656 5553 Acta
675 5505 694 5553 I
701 5512 729 5568 p.
748 5505 800 5554 233
817 5505 891 5556 Anne.
910 5511 935 5555 tl.
1008 5507 1034 5568 6)
1058 5507 1141 5570 tleprea
1158 5522 1214 5556 war
1233 5506 1494 5569 frovimralmetropole
1511 5505 1555 5556 der
1571 5505 1625 5554 drei
1641 5503 1760 5569 Bistho‘fe.
1847 5507 1872 5568 7)
1895 5501 1998 5568 offredo,

327 5573 431 5644 Batenos
444 5591 492 5632 von
513 5575 637 5636 Cremona,
658 5577 836 5632 eme-1186.
908 5576 936 5644 8)
959 5577 1019 5628 Urk.
1038 5593 1092 5630 vom
1114 5576 1212 5632 october
1230 5579 1305 5642 1148,
1324 5578 1358 5630 im
1380 5577 1436 5630 Cod.
1456 5577 1554 5629 Sr'carde'
1569 5592 1615 5630 vor
1631 5577 1707 5628 dieser
1723 5576 1881 5643 moroges.
