4090 6358
314 347 354 427 38

311 535 423 600 villam
446 534 568 616 Quinti,
601 542 634 597 et
666 533 775 596 locum
806 532 861 614 qui
893 531 1010 595 dicitur
1032 530 1128 606 Villa,
1156 539 1189 593 et
1216 531 1340 594 Lusina
1370 552 1444 594 cum
1468 532 1612 596 ecclesiis
1644 542 1677 595 et
1707 530 1974 596 decimacionibus

311 645 437 702 earum;
461 623 594 688 castella
608 644 687 686 vero
702 633 737 686 et
750 622 843 686 villas
858 631 982 684 vestras
997 619 1226 683 nichilominus
1243 620 1482 699 confirmamus,
1498 622 1652 685 videlicet
1667 621 1793 698 Cereta,
1816 620 1974 698 Erbetum,

312 717 515 796 Fagnanum,
538 715 822 795 Ponteposserum,
846 711 994 774 Pradelle
1010 730 1084 773 cum
1100 709 1234 790 capella,
1259 709 1401 792 Englare
1417 711 1588 774 dimidium
1606 732 1680 775 cum
1695 711 1832 793 capella,
1847 711 1974 787 Bionde,

311 803 445 879 Purcile‚
476 803 698 878 Trezolinum‚
730 802 890 878 Cretiana,
923 800 1104 876 Marciana,
1135 798 1304 862 Pulianum
1335 810 1368 863 et
1399 801 1543 864 medium
1574 800 1837 882 Romagnanum,
1868 800 1975 876 Pruno,

313 893 565 970 Calmassinum;
600 893 634 955 in
666 893 823 955 comitatu
847 890 1042 953 Tridentino
1072 889 1272 970 Bergusium,
1304 890 1436 965 Bundo,
1465 890 1638 966 Bulberio,
1669 891 1881 954 Badabiones
1910 910 1975 953 cum

312 983 448 1064 capella,
478 981 594 1045 silvam
625 981 724 1045 etiam
755 1001 818 1062 que
843 979 961 1042 dicitur
983 979 1166 1060 Collegaria
1189 999 1264 1041 cum
1287 980 1443 1061 piscariis,
1474 990 1507 1043 et
1529 982 1659 1044 tertiam
1682 989 1811 1062 partem
1843 981 1975 1043 nemoris

313 1073 367 1153 qui
398 1073 515 1135 dicitur
537 1071 712 1153 Bardagna
742 1070 884 1145 nomine,
913 1080 947 1132 et
968 1069 1132 1152 palacium
1163 1088 1238 1130 cum
1260 1079 1358 1150 porta
1382 1117 1388 1131 .
1412 1117 1419 1130 .
1445 1118 1451 1132 .
1473 1072 1577 1132 sancti
1601 1069 1751 1146 Zenonis,
1782 1069 1976 1132 oblationem

312 1161 411 1224 etiam
441 1161 612 1224 dimidiam
648 1159 794 1224 eiusdem
824 1159 1012 1222 monasterii
1043 1157 1147 1222 sancti
1178 1158 1336 1239 Zenonis,
1374 1159 1407 1221 in
1439 1159 1574 1240 singulis
1612 1159 1843 1223 festivitatibus
1883 1159 1976 1241 ipsius

312 1250 508 1314 confessoris
532 1271 551 1313 a
574 1250 715 1313 diluculo
740 1269 842 1330 usque
866 1249 908 1312 ad
932 1248 1046 1311 horam
1064 1247 1205 1322 terciam,
1230 1247 1392 1310 decimam
1409 1269 1541 1330 quoque
1565 1258 1598 1312 et
1613 1257 1710 1331 porte
1725 1249 1865 1312 civitatis
1881 1247 1975 1311 sancti

311 1339 452 1403 Zenonis
475 1350 508 1403 et
531 1341 625 1422 burgi
649 1349 682 1402 et
706 1339 906 1402 decimarum
928 1339 1120 1400 Braidarum
1143 1337 1389 1420 episcopalium
1435 1339 1539 1401 Iustas
1566 1351 1674 1404 autem
1706 1348 1740 1401 et
1770 1337 1977 1401 racionabilis

311 1430 563 1493 consuetudines
593 1439 730 1507 vestras,
763 1449 784 1491 a
813 1429 1100 1510 predecessoribus
1131 1427 1250 1490 nostris
1279 1428 1375 1491 vobis
1405 1427 1565 1504 firmatas,
1602 1428 1814 1492 concedimus
1843 1426 1977 1491 illibatas

309 1520 503 1583 auctoritate
527 1519 710 1601 apostolica
732 1519 925 1581 conservari.
971 1517 1172 1598 Precipimus
1195 1518 1308 1594 etiam,
1333 1537 1374 1579 ne
1404 1518 1477 1599 quis
1500 1528 1644 1581 vestrum
1667 1518 1794 1599 absque
1817 1517 1976 1580 communi

311 1610 458 1672 omnium
483 1629 643 1673 consensu
665 1608 718 1671 vel
745 1609 847 1690 partis
878 1608 1015 1670 sanioris
1046 1604 1172 1670 consilii
1202 1605 1300 1683 bona,
1332 1606 1478 1670 redditus
1509 1607 1562 1670 vel
1592 1607 1818 1689 possessiones
1848 1606 1977 1669 ecclesie

309 1707 417 1761 vestre
440 1698 534 1761 alicui
558 1718 699 1780 persone
730 1697 808 1762 dare
838 1707 1068 1779 presumat..
1095 1745 1101 1760 .
1127 1697 1195 1774 J).
1241 1695 1306 1777 Qui
1330 1706 1440 1759 autem
1469 1697 1615 1762 indebite
1648 1696 1726 1760 data
1747 1697 1800 1760 vel
1830 1696 1978 1760 distracta

312 1787 407 1851 fuerit
430 1788 472 1850 ad
496 1788 543 1852 ius
566 1797 599 1850 et
623 1787 805 1851 dominium
827 1797 971 1851 vestrum
1003 1786 1104 1850 libere
1135 1795 1344 1862 revertantur,
1374 1785 1519 1850 decimas
1541 1807 1620 1850 vero
1652 1786 1693 1850 de
1723 1786 1786 1868 piis
1816 1785 1977 1850 laboribus

309 1877 424 1940 vestris
455 1898 512 1949 seu
545 1878 645 1940 etiam
675 1876 821 1940 redditus
853 1897 873 1939 a
902 1877 998 1940 vobis
1028 1875 1160 1958 exigere
1189 1875 1241 1938 vel
1271 1876 1436 1958 suscipere
1474 1877 1631 1940 laicorum
1669 1895 1767 1939 nemo
1807 1885 1978 1958 presumat.

310 1967 526 2030 Decernimus
549 1987 637 2048 ergo,
670 1973 705 2030 ut
735 1965 812 2028 nulli
837 1967 972 2029 omnino
1006 1965 1176 2029 hominum
1201 1964 1249 2030 fas
1281 1966 1331 2042 sit,
1364 1964 1526 2048 prefatam
1556 1965 1729 2030 ecclesiam
1759 1973 1883 2029 temere
1913 1986 1978 2050 per·

310 2055 442 2120 turbare
476 2066 532 2119 aut
574 2057 641 2119 eius
675 2056 901 2138 possessiones
943 2055 1068 2118 auferre
1101 2054 1153 2117 vel
1188 2055 1315 2118 ablatas
1354 2055 1508 2133 retinere,
1551 2056 1696 2119 minuere
1729 2075 1787 2118 seu
1822 2054 1978 2136 aliquibus

309 2146 545 2209 vexacionibus
569 2145 714 2228 fatigare,
738 2155 789 2208 set
812 2146 924 2208 omnia
946 2145 1073 2229 integra
1095 2155 1327 2208 conserventur
1348 2165 1470 2221 eorum,
1494 2166 1555 2229 pro
1580 2166 1718 2228 quorum
1740 2145 1979 2228 gubemacione

310 2244 343 2298 et
366 2235 609 2298 sustentacione
633 2255 789 2299 concessa
812 2244 896 2311 sunt,
927 2235 1038 2298 usibus
1062 2233 1262 2297 omnimodis
1285 2234 1463 2316 profutura.
1509 2235 1544 2300 Si
1569 2254 1635 2317 qua
1658 2235 1756 2317 igitur
1785 2235 1818 2297 in
1843 2235 1979 2298 futurum

310 2324 530 2388 ecclesiastica
552 2324 745 2388 secularisve
769 2344 920 2407 persona,
944 2323 1030 2387 hanc
1052 2333 1163 2387 nostre
1187 2325 1429 2388 constitutionis
1453 2326 1610 2407 paginam
1633 2326 1748 2400 sciens,
1773 2333 1888 2388 contra
1910 2343 1978 2387 eam

310 2423 433 2477 temere
462 2415 573 2477 venire
603 2414 821 2496 temptaverit,
854 2414 1000 2477 secundo
1030 2414 1175 2478 terciove
1205 2414 1423 2490 commonita,
1454 2415 1481 2477 si
1514 2435 1580 2478 non
1611 2435 1755 2496 congrue
1782 2414 1978 2489 satisfecerit,

310 2505 484 2586 potestatis
506 2504 707 2586 honorisque
730 2504 778 2567 sui
803 2503 964 2585 dignitate
988 2512 1104 2579 careat,
1135 2523 1291 2584 reamque
1322 2523 1357 2566 se
1388 2504 1499 2567 divino
1533 2505 1653 2568 iudicio
1678 2504 1818 2567 existere
1849 2503 1891 2566 de
1913 2523 1979 2586 per·

309 2603 439 2675 petrata
478 2593 649 2676 iniquitate
688 2602 868 2676 cognoscat
898 2602 931 2656 et
966 2614 985 2657 a
1014 2593 1233 2656 sacratissimo
1265 2613 1404 2675 corpore
1440 2615 1478 2657 ac
1508 2596 1667 2676 sanguine
1699 2593 1751 2656 dei
1784 2602 1818 2655 et
1850 2593 1980 2668 domiui,

310 2683 529 2766 redemptoris
559 2684 660 2748 nostri
692 2683 763 2767 lesu
795 2682 923 2758 Christi,
956 2682 1063 2746 aliena
1093 2681 1159 2746 fiat
1205 2682 1338 2746 Cunctis
1369 2693 1491 2757 autem,
1522 2685 1630 2747 eidem
1662 2683 1799 2747 ecclesie
1829 2703 1888 2745 sua
1918 2684 1981 2746 iura

310 2773 522 2850 servantibus,
546 2774 589 2836 sit
611 2793 679 2856 pax
703 2772 828 2836 domini
853 2773 954 2835 nostri
978 2773 1050 2836 lesu
1074 2771 1202 2848 Christi,
1235 2781 1395 2853 quatenus
1426 2773 1534 2837 ethic
1558 2773 1696 2837 fructum
1727 2773 1815 2836 bone
1847 2773 1981 2836 actionis

309 2863 494 2945 percipiant
516 2872 550 2925 ct
572 2863 662 2945 apud
686 2862 868 2926 districtum
892 2862 1033 2928 iudicem
1057 2862 1184 2943 premia
1207 2871 1317 2924 eterne
1340 2863 1432 2944 pacis
1455 2863 1630 2926 inveniant.
1676 2862 1797 2925 Amen.

522 2953 596 3034 Ego
620 2952 830 3015 Innocentius
854 2951 1015 3014 catholice
1039 2950 1177 3014 ecclesie
1201 2951 1377 3034 episcopus
1400 2973 1441 3014 ss.

469 3042 557 3104 Data
579 3042 742 3118 Laterani,
766 3061 826 3123 per
849 3061 982 3103 manum
997 3040 1164 3116 Aimerici,
1188 3049 1300 3103 sancte
1322 3040 1473 3104 Romane
1497 3041 1633 3105 ecclesie
1657 3041 1785 3104 diaconi
1811 3041 1981 3106 cardinalis

310 3139 342 3191 et
371 3130 563 3194 cancellarii.
608 3144 671 3194 XVI
693 3129 767 3194 Kal.
792 3129 904 3193 Madii.
950 3129 1135 3193 Indictione
1157 3143 1204 3193 111.
1251 3129 1487 3195 incarnationis
1516 3131 1681 3195 dominice
1714 3151 1800 3194 anno
1824 3144 1980 3198 Mcxxxx.

309 3217 521 3284 Pontificatus
543 3241 622 3284 vero
647 3220 760 3283 domni
783 3220 968 3283 innocentii
992 3241 1049 3302 pp.
1073 3233 1099 3284 11
1122 3239 1209 3282 anno
1233 3233 1280 3285 XI.

369 3405 394 3453 V
469 3335 669 3400 Koprlulurkunde
692 3336 733 3384 des
750 3336 782 3385 13
805 3334 989 3402 Jahrlrundms
1015 3333 1052 3400 (S.
1074 3333 1177 3386 Michelc
1200 3333 1229 3384 di
1254 3333 1403 3402 Catapagna,
1428 3337 1511 3386 Rotolo
1529 3337 1545 3387 5
1562 3337 1637 3403 app),
1662 3336 1689 3384 in
1713 3337 1756 3386 der
1771 3335 1833 3386 Bibl.
1857 3336 1982 3388 Consonat

308 3420 338 3452 zu
388 3421 469 3456 norm.

1065 3692 1134 3768 Nr.
1165 3695 1227 3768 44.

309 3844 462 3911 Innocens
471 3843 514 3910 II
525 3843 653 3929 befidzlt
666 3841 784 3907 Klerus
799 3841 869 3908 und
887 3842 964 3908 Volk
979 3865 1039 3908 uon
1056 3844 1173 3997 Λὲιὶέα,
1186 3866 1261 4021 mppr
1280 3845 1459 3912 Gelwrsam
1468 3867 1573 3929 gegen
1590 3847 1681 3910 ihren
1696 3847 1843 3928 Biscltos
1850 3845 1980 3911 aumck.

1034 3955 1074 3998 zu
1097 3957 1113 3997 e
1137 3955 1194 3998 ren
1247 3985 1253 3998 .
2038 3955 2040 3990 ς

857 4068 1081 4132 nse-1143.
1112 4065 1189 4132 Mai
1200 4071 1251 4133 10.
1284 4069 1434 4134 Lateran.

464 4200 673 4263 Innocentius
697 4201 881 4283 episcopus,
912 4224 1022 4266 servus
1045 4225 1213 4268 servorum
1246 4205 1308 4280 dei,
1339 4205 1466 4270 dilectis
1490 4204 1573 4284 filiis,
1606 4206 1693 4270 clero
1717 4217 1750 4270 et
1772 4207 1900 4290 populo
1925 4207 1979 4272 Ni·
2038 4197 2039 4208 ¹

306 4291 421 4366 elensi,
455 4290 593 4353 salutem
624 4300 657 4353 et
691 4291 908 4372 apostolicam
937 4292 1213 4357 benedictionem.
1267 4294 1423 4376 Quisquis
1455 4316 1536 4378 pura
1567 4297 1685 4360 mentis
1720 4298 1908 4361 intencione
1939 4297 1980 4361 ad

306 4379 459 4442 celestem
489 4380 630 4461 patriam
660 4381 804 4442 revocari
836 4381 1017 4460 desiderat,
1052 4395 1175 4465 quanta
1204 4384 1247 4447 sit
1268 4385 1369 4447 virtus
1402 4385 1599 4462 obedientie,
1632 4406 1698 4449 non
1730 4387 1867 4468 ignorat.
1922 4389 1982 4451 Per

304 4469 493 4551 superbiam
515 4489 661 4550 unquam
684 4477 718 4531 et
740 4469 999 4535 inobedientiam
1023 4474 1158 4556 angelus
1181 4473 1223 4536 de
1245 4472 1317 4536 celo
1341 4476 1476 4552 corruit,
1510 4485 1543 4538 et
1565 4475 1854 4557 prothoplaustum
1869 4476 1981 4540 Adam
2036 4475 2038 4554 ᾗ

304 4559 347 4620 ad
370 4559 547 4640 imaginem
571 4568 604 4621 et
627 4557 872 4623 similitudinem
889 4561 940 4624 dei
958 4562 1115 4626 formatus
1131 4583 1191 4644 per
1206 4563 1430 4627 inobedientie
1446 4565 1599 4628 virtutem
1615 4575 1665 4628 est
1680 4565 1779 4628 exilio
1796 4566 1980 4648 deputatus.
2037 4591 2038 4594 ¹

303 4647 449 4711 Veniens
480 4647 523 4709 ad
555 4668 616 4710 nos
648 4648 844 4713 venerabilis
877 4650 975 4714 frater
997 4661 1110 4715 noster
1132 4652 1272 4730 P(etrus)
1303 4654 1478 4736 episcopus
1503 4654 1670 4736 inquestus
1701 4664 1765 4730 est,
1798 4655 1889 4737 quod
1914 4667 1982 4719 tam

304 4736 429 4812 clerici,
462 4757 562 4818 quam
591 4735 665 4800 laici
698 4738 760 4801 sibi
794 4740 1022 4805 inobedientes
1054 4743 1194 4805 existitis
1229 4744 1364 4824 eiusque
1387 4743 1585 4807 iussionibus
1615 4765 1730 4826 parere
1761 4747 1981 4809 contemnitis.
2036 4779 2037 4782 ¹

303 4825 391 4888 luter
414 4847 496 4909 quos
519 4828 675 4908 precipue
698 4837 749 4891 est
772 4839 906 4909 questus
936 4831 977 4894 de
1000 4828 1151 4912 P(ontio)
1177 4833 1349 4908 monacho,
1376 4833 1430 4915 qui
1454 4840 1569 4896 contra
1592 4833 1800 4897 interdictum
1823 4845 1981 4911 nostrum,
2036 4837 2037 4840 ’

302 4915 386 4978 sicut
409 4917 480 4997 ipse
503 4917 624 4990 asserit,
649 4917 759 4980 divina
782 4918 891 4981 officia
914 4920 1059 4984 celebrat
1074 4931 1107 4984 et
1130 4923 1433 4985 excommunicatos
1448 4943 1534 4999 suos,
1558 4923 1651 4985 vivos
1675 4932 1708 4986 et
1731 4933 1887 5000 mortuos,
1918 4947 1981 4988 sus·

302 5005 412 5086 cipere
435 5015 469 5068 et
496 5006 595 5068 etiam
618 5006 756 5088 sepelire
788 5009 921 5072 minime
945 5009 1109 5073 formidat.
1155 5011 1208 5073 De
1231 5010 1389 5073 militibus
1413 5032 1546 5094 quoque
1569 5013 1730 5089 Lentuce,
1765 5015 1819 5094 qui
1844 5014 1980 5077 domum
2035 5045 2036 5050 ¹

303 5093 447 5171 ecclesie,
479 5095 511 5156 in
544 5095 703 5160 cimiterio
730 5109 958 5173 constructam,
993 5099 1230 5176 destruxerunt,
1262 5110 1295 5163 et
1318 5100 1427 5164 multis
1458 5101 1537 5177 aliis,
1569 5103 1625 5183 qui
1655 5113 1771 5165 contra
1793 5113 1981 5167 sanctorum

302 5192 432 5266 patrum
456 5185 693 5248 institutionem
717 5185 869 5264 decimas,
894 5189 986 5251 iuxta
1009 5189 1260 5271 dispositionem
1284 5191 1433 5272 episcopi
1457 5191 1683 5254 ecclesiasticis
1707 5192 1903 5256 utilitatibus
1928 5196 1980 5258 de·

301 5283 440 5355 putatas,
464 5295 543 5337 ausu
558 5275 717 5357 sacrilego
735 5278 879 5359 recipere
894 5277 1024 5359 sibique
1040 5278 1165 5341 auferre
1181 5289 1387 5360 presumunt;
1413 5290 1446 5343 et
1462 5281 1619 5361 quoniam
1640 5291 1749 5344 autem
1768 5277 1798 5368 b)
1820 5281 1981 5365 flagitium

300 5384 362 5426 nec
384 5384 558 5445 possumus
581 5385 642 5428 nec
668 5365 827 5429 debemus
844 5366 1008 5430 dimittere
1025 5368 1230 5449 impunitum,
1255 5388 1315 5449 per
1329 5370 1514 5450 apostolica
1528 5370 1624 5432 vobis
1641 5371 1764 5452 scripta
1785 5372 1981 5438 mandamus

300 5462 399 5534 atque
421 5454 629 5536 precipimus,
654 5465 815 5536 quatenus
838 5455 880 5518 ad
904 5457 1005 5537 ipsius
1029 5457 1252 5520 obedientiam
1276 5467 1309 5520 et
1332 5458 1588 5522 satisfactionem
1613 5461 1809 5524 unanimiter
1838 5462 1979 5526 redeatis

300 5542 429 5626 sibique
452 5543 494 5606 de
517 5554 626 5607 cetero
651 5544 795 5608 decimas
819 5555 852 5608 et
874 5555 991 5622 cetera,
1016 5567 1080 5629 que
1103 5547 1146 5609 ad
1170 5547 1219 5610 ius
1242 5548 1431 5630 episcopale
1454 5549 1618 5632 pertinere
1641 5561 1827 5629 noscuntur,
1852 5553 1978 5636 integre
2033 5613 2034 5620 ,

460 5766 486 5834 a)
503 5767 588 5817 Ramr
658 5766 686 5830 b)
703 5765 807 5818 obtule?
826 5805 877 5813 -
897 5765 933 5834 .r)
952 5766 1000 5818 Die
1010 5768 1137 5836 Abschnft
1153 5768 1229 5820 dieser
1243 5767 1304 5821 Urk.
1322 5769 1443 5820 undante
1460 5768 1499 5819 ich
1517 5769 1605 5822 Hem
1618 5773 1707 5823 Pastor
1724 5772 1777 5823 Ma
1785 5773 1841 5823 der
1858 5771 1885 5823 in
1897 5773 1980 5826 N'm.
2033 5821 2034 5824 ,
