4126 6356
539 519 593 602 (R)
615 519 689 598 Ego
713 514 880 598 Eugenius
903 515 1066 580 catholice
1089 516 1226 579 ecclesie
1249 515 1424 598 episcopus
1447 537 1488 579 ss
1513 513 1576 596 (Μ)

537 611 559 690 ’γ
581 610 655 690 Ego
677 607 816 669 Ymarus
839 605 1042 669 Tusculanus
1065 607 1241 688 episcopus
1264 626 1305 668 ss.

538 732 582 744 —
604 699 625 776 †
647 697 721 778 Ego
745 695 922 776 Gregorius
945 695 1108 777 presbiter
1130 694 1302 758 cardinalis
1326 695 1374 757 tit.
1399 693 1518 758 Calixti
1542 717 1583 759 ss.

539 784 559 870 †
582 787 656 868 Ego
679 784 852 847 Hubaldus
875 784 1038 866 presbiter
1060 784 1232 847 cardinalis
1255 784 1302 846 tit
1326 793 1438 871 sancte
1460 785 1616 848 Praxedis
1639 806 1680 848 ss.

538 875 558 958 †
580 877 654 957 Ego
677 873 849 937 Aribertus
873 873 1035 955 presbiter
1057 873 1230 936 cardinalis
1254 874 1301 936 tit.
1325 883 1437 960 sancte
1460 873 1637 962 Anastasie
1661 897 1701 939 ss.

537 966 559 1044 †
581 966 655 1047 Ego
679 963 777 1026 Iulius
800 963 962 1045 presbiter
984 963 1157 1026 cardinalis
1179 964 1228 1025 tit.
1252 963 1355 1025 sancti
1380 963 1526 1026 Marcelli
1548 985 1590 1028 ss.

538 1053 558 1136 †
581 1056 655 1136 Ego
678 1053 788 1117 Guido
812 1052 974 1134 presbiter
997 1053 1171 1116 cardinalis
1192 1053 1241 1114 tit.
1264 1053 1407 1115 Pastoris
1429 1073 1470 1115 ss.

538 1145 559 1222 †
582 1144 656 1225 Ego
681 1141 882 1206 Octavianus
904 1142 1067 1224 presbiter
1089 1141 1262 1205 cardinalis
1284 1142 1334 1204 tit.
1357 1151 1470 1204 sancte
1494 1141 1614 1228 Cecilie
1636 1164 1678 1206 ss.

540 1230 560 1316 †
583 1235 657 1315 Ego
681 1230 845 1295 Gerardus
875 1231 1037 1312 presbiter
1065 1231 1239 1293 cardinalis
1269 1231 1316 1293 tit
1340 1233 1444 1294 sancti
1468 1230 1628 1313 Stephani
1652 1233 1685 1295 in
1709 1231 1802 1296 Celio
1825 1241 1941 1297 monte
1962 1255 1998 1297 ss.

540 1320 560 1405 †
583 1324 657 1404 Ego
680 1320 843 1385 Iohannes
866 1321 1028 1402 presbiter
1051 1320 1223 1383 cardinalis
1247 1320 1295 1382 tit.
1318 1328 1506 1383 sanctorum
1528 1320 1683 1384 Iohannis
1706 1331 1740 1385 et
1762 1322 1853 1385 Pauli
1877 1326 1935 1386 ss.'

540 1447 585 1458 —
607 1413 628 1492 †
650 1412 724 1491 Ego
748 1411 830 1473 Otto
855 1410 1012 1472 diaconus
1036 1410 1208 1472 cardinalis
1231 1410 1335 1472 sancti
1359 1409 1492 1491 Georgii
1516 1411 1559 1473 ad
1582 1411 1700 1474 Velum
1725 1431 1860 1475 aureum
1879 1433 1923 1474 ss.

540 1498 560 1584 †
583 1498 657 1582 Ego
681 1498 842 1562 Rodulfus
867 1499 1023 1562 diaconus
1046 1497 1219 1562 cardinalis
1243 1509 1354 1586 sancte
1377 1500 1477 1585 Lucie
1501 1501 1533 1562 in
1556 1507 1652 1582 septa
1674 1501 1754 1564 solis
1776 1521 1818 1564 ss.

540 1587 561 1672 †
584 1590 657 1672 Ego
681 1589 858 1670 Gregorius
882 1589 1040 1652 diaconus
1063 1587 1235 1652 cardinalis
1258 1589 1362 1650 sancti
1385 1587 1507 1670 Angeli
1530 1609 1572 1650 ss.

541 1676 561 1762 †
585 1680 658 1761 Ego
682 1678 792 1741 Guido
817 1676 976 1741 diaconus
998 1677 1172 1741 cardinalis
1195 1687 1307 1740 sancte
1331 1679 1434 1764 Marie
1457 1679 1490 1740 in
1513 1678 1643 1741 Porticu
1666 1699 1708 1741 ss.

540 1770 561 1848 †
583 1769 658 1850 Ego
680 1767 822 1829 iacintus
845 1767 1004 1830 diaconus
1027 1767 1201 1831 cardinalis
1224 1777 1336 1830 sancte
1360 1768 1462 1852 Marie
1486 1768 1518 1830 in
1542 1767 1735 1850 Cosmydyn
1759 1789 1801 1830 ss.

540 1859 561 1936 †
583 1858 656 1939 Ego
679 1856 895 1920 Ildebrandus
917 1867 1029 1941 sancte
1053 1859 1204 1942 Romane
1228 1856 1384 1943 aecclesie
1408 1857 1567 1920 diaconus
1590 1858 1764 1920 cardinalis
1786 1878 1829 1921 ss,

540 1948 561 2025 †
583 1947 657 2028 Ego
681 1946 758 2009 Odo
783 1945 942 2009 diaconus
966 1945 1139 2009 cardinalis
1162 1953 1275 2032 sancte
1296 1946 1446 2031 Romane
1469 1946 1607 2033 ecclesie
1630 1965 1671 2009 ss.

488 2037 611 2098 Datum
628 2035 750 2121 Signie,
773 2055 833 2116 per
856 2055 988 2099 manum
1012 2036 1162 2111 Bosonis,
1185 2045 1297 2119 sancte
1313 2036 1464 2120 Romane
1486 2036 1623 2122 ecclesie
1646 2035 1824 2117 scriptoris.
1870 2049 1897 2098 11
1919 2036 1999 2098 Non.

327 2126 419 2189 Iunii.
470 2125 652 2188 Indictione
682 2135 740 2186 xv.
793 2123 1029 2188 Incarnationis
1062 2125 1226 2210 dominice
1257 2143 1344 2186 anno
1376 2136 1485 2187 MCLII.
1537 2124 1751 2188 Pontificatus
1780 2144 1860 2188 vero
1891 2125 1999 2188 domni

328 2215 464 2296 Eugenii
489 2231 526 2274 ru
549 2215 608 2277 ΡΡ.
632 2234 720 2276 anno
744 2227 816 2276 vul.

487 2327 612 2394 Absclm'fl
631 2327 662 2377 G.
686 2327 755 2378 VIII.
772 2327 825 2378 243
840 2333 865 2392 p.
886 2331 945 2388 111,
965 2327 1009 2376 der
1025 2327 1088 2377 Bibl.
1112 2327 1277 2394 chigianum
1294 2327 1364 2375 Rom.

1073 2637 1140 2712 Nr.
1174 2641 1260 2713 111.

329 2773 445 2855 Eugen
461 2771 526 2836 III
543 2771 692 2856 bestc'z'tz'gt
717 2771 789 2836 dem
808 2769 939 2834 Kloster
952 2770 1054 2834 Santa
1070 2771 1184 2834 Maria
1206 2771 1245 2835 di
1262 2770 1384 2835 Serena
1400 2770 1458 2853 (D.
1484 2769 1644 2853 Volterra)
1659 2771 1747 2835 scine
1762 2771 2000 2850 Besitzthr't'mer‚

568 2863 680 2944 wosa'c'r
692 2884 726 2926 es
732 2859 882 2948 jdltrliclr
898 2861 990 2923 einen
1006 2859 1186 2944 Byzanzrkr
1198 2883 1242 2924 an
1256 2861 1311 2925 die
1326 2862 1437 2925 Kurie
1450 2881 1491 2924 zu
1506 2860 1686 2924 entriclzten
1700 2860 1766 2924 kat.

905 2997 992 3058 1152
1006 2993 1183 3060 December
1195 2997 1250 3058 20.
1282 2995 1433 3059 Lateran.

490 3129 658 3212 Eugenius
673 3130 859 3212 episcopus,
875 3151 986 3193 servus
1001 3150 1169 3193 servorum
1186 3129 1248 3206 dei,
1273 3129 1399 3192 dilectis
1422 3127 1496 3191 filiis
1511 3126 1665 3204 Guidoni,
1689 3128 1802 3191 abbati
1820 3131 1999 3194 monasterii

331 3219 429 3282 beate
445 3221 549 3282 Marie
565 3221 607 3281 de
622 3219 745 3283 Serena
762 3215 795 3303 ¹),
812 3220 947 3301 eiusque
962 3219 1124 3297 iratribus,
1139 3231 1205 3282 tam
1223 3219 1430 3301 presentibus
1445 3236 1546 3299 quam
1561 3217 1683 3293 suturis,
1708 3219 1889 3300 regularem
1906 3221 1998 3283 vitam

332 3309 496 3391 professis,
513 3320 697 3371 1ΝΡΡΜ.-
717 3305 722 3394 Ι
743 3309 853 3373 Officii
869 3309 971 3373 nostri
987 3329 1048 3372 nos
1059 3309 1228 3390 compellit
1243 3309 1429 3382 auctoritas,
1445 3327 1507 3389 pro
1524 3306 1734 3370 ecclesiarum
1746 3319 1833 3370 statu
1848 3317 1998 3391 satagere,

332 3409 365 3461 et
387 3418 449 3480 pro
473 3398 534 3460 illis
558 3399 710 3474 maxime,
734 3418 798 3480 que
821 3399 863 3461 ad
887 3399 935 3461 ius
958 3398 1046 3461 beati
1068 3399 1154 3462 Petri
1178 3398 1364 3480 specialiter
1383 3392 1388 3482 l
1408 3405 1558 3478 spectare
1577 3404 1764 3460 noscuntur.
1810 3399 1997 3480 Eapropter,

332 3487 442 3550 dilecti
474 3487 507 3550 in
538 3487 674 3550 domino
705 3487 771 3564 filii,
801 3488 917 3551 vestris
947 3489 1038 3551 iustis
1069 3487 1348 3570 postulationibus
1376 3486 1554 3549 clementer
1576 3486 1757 3558 annuimus.
1789 3497 1823 3550 et
1845 3488 1998 3570 prefatam

331 3577 513 3651 ecclesiam,
536 3577 569 3638 in
593 3596 659 3658 quo
683 3577 795 3639 divino
819 3578 998 3659 mancipati
1022 3577 1099 3640 estis
1122 3577 1293 3658 obsequio,
1318 3575 1379 3639 sub
1402 3575 1491 3638 beati
1506 3575 1592 3638 Petri
1616 3584 1651 3638 et
1672 3585 1785 3639 nostra
1798 3579 1998 3658 protectione

331 3667 526 3748 suscipimus
566 3675 599 3728 et
639 3668 799 3747 presentis
831 3668 943 3749 scripti
973 3666 1158 3749 patrocinio
1189 3666 1438 3729 communimus.
1491 3665 1689 3738 Statuentes
1720 3674 1756 3727 ut
1782 3685 1998 3748 quascumque

332 3755 567 3839 possessiones,
591 3775 798 3836 quecumque
821 3756 911 3818 bona
933 3756 1048 3819 eadem
1073 3756 1210 3818 ecclesia
1225 3756 1259 3818 in
1274 3755 1512 3836 presentiarum
1528 3755 1611 3817 iuste
1626 3761 1659 3816 et
1675 3754 1833 3818 canonice
1848 3755 1997 3837 possidet,

333 3853 388 3909 aut
419 3847 452 3907 in
484 3845 626 3907 futurum
656 3846 870 3907 concessione
899 3845 1109 3927 pontificum,
1143 3840 1339 3929 [larlgitione
1369 3863 1482 3925 regum
1512 3843 1565 3905 vel
1597 3844 1798 3926 principum,
1837 3845 1997 3909 oblatione

332 3935 477 3999 fidelium
501 3954 556 3997 seu
581 3933 651 3996 aliis
675 3933 765 3996 iustis
790 3934 897 3996 modis
921 3935 984 3998 deo
1007 3934 1154 4016 propitio
1184 3934 1306 4015 poterit
1329 3933 1476 4015 adipisci,
1500 3931 1594 3995 firma
1614 3933 1710 3996 vobis
1732 3934 1917 4016 vestrisque
1938 3953 1997 3998 suc·

333 4025 517 4088 cessoribus
540 4033 574 4086 et
596 4023 722 4086 illibata
736 4035 960 4103 permaneant.
999 4024 1034 4086 ln
1051 4023 1170 4105 quibus
1186 4023 1247 4086 hec
1262 4023 1404 4105 propriis
1420 4022 1572 4084 duximus
1589 4023 1804 4104 exprimenda
1818 4023 1997 4088 vocabulis:

333 4116 442 4178 locum
466 4114 498 4176 in
522 4133 589 4194 quo
612 4113 719 4194 ipsum
744 4113 978 4175 monasterium
1000 4115 1097 4175 situm
1120 4122 1178 4186 est,
1202 4112 1362 4194 capellam
1386 4112 1490 4173 sancti
1515 4112 1697 4188 Octaviani,
1725 4112 1887 4194 capellam
1912 4111 1997 4176 casui

333 4203 518 4279 Clausulini,
543 4202 703 4284 capellam
729 4200 770 4263 de
785 4201 958 4277 Bursolini,
982 4202 1141 4283 capellam
1164 4203 1267 4264 sancti
1292 4198 1462 4263 Michaelis
1486 4201 1527 4263 de
1551 4211 1657 4264 castro
1672 4202 1821 4278 Frosin0,
1846 4202 1998 4285 capellam

333 4294 435 4357 sancti
461 4291 594 4373 Georgii
620 4291 661 4353 de
677 4291 825 4367 Ticlano,
850 4291 1010 4371 capellam
1032 4292 1135 4353 sancti
1158 4290 1313 4355 Iohannis
1336 4289 1535 4372 evangeliste
1559 4291 1601 4353 de
1625 4288 1822 4366 Mirandolo,
1846 4291 1998 4374 capellam

333 4381 436 4446 sancti
453 4381 577 4442 Donati
594 4380 635 4443 de
650 4379 851 4456 Buttiniano,
874 4379 1035 4461 capellam
1050 4381 1154 4442 sancti
1169 4378 1335 4442 Vincentii
1352 4379 1394 4442 de
1409 4380 1534 4461 Fogali,
1551 4380 1712 4461 capellam
1727 4381 1832 4443 sancti
1848 4378 1998 4445 Pancratii

334 4473 376 4534 de
407 4470 545 4545 Cosani,
579 4467 739 4550 capellam
768 4468 871 4531 sancti
899 4467 999 4530 Blasii
1028 4469 1070 4531 de
1100 4469 1228 4544 lslait0,
1266 4468 1426 4550 capellam
1456 4469 1559 4532 sancti
1586 4469 1686 4532 Blasii
1717 4469 1759 4532 de
1791 4471 1910 4534 Monte
1932 4471 1998 4542 alto,

334 4560 496 4643 capellam
525 4559 629 4620 sancti
653 4557 774 4638 Angeli
806 4557 895 4638 apud
926 4557 1077 4632 Nottule,
1111 4559 1271 4641 capellam
1302 4557 1399 4620 beate
1431 4559 1534 4645 Marie
1567 4558 1609 4622 de
1631 4557 1816 4636 Pulveraia,
1848 4559 1998 4643 capellam

334 4650 437 4714 sancti
454 4645 625 4711 Michaelis
648 4647 690 4709 de
711 4646 907 4711 Castellione
922 4646 1088 4722 Bemardi,
1112 4648 1272 4729 capellam
1296 4649 1400 4711 sancti
1414 4647 1541 4729 Reguli,
1565 4647 1725 4730 capellam
1748 4650 1852 4713 sancti
1877 4645 1997 4713 Martini

335 4739 377 4802 de
399 4737 577 4812 Subereto,
601 4735 761 4818 capellam
784 4736 888 4800 sancti
911 4737 993 4813 Viti,
1025 4736 1184 4819 capellam
1208 4737 1311 4800 sancti
1334 4736 1433 4800 Blasii
1458 4736 1500 4800 de
1523 4747 1630 4802 castro
1654 4737 1824 4820 Campilie,
1848 4738 1997 4822 capellam

333 4828 436 4892 sancti
459 4824 630 4889 Michaelis
653 4826 696 4888 de
716 4825 863 4902 Biserno,
888 4826 1048 4908 capellam
1071 4832 1184 4889 sancte
1205 4827 1307 4889 Lucie
1331 4826 1372 4889 de
1391 4827 1573 4904 Perinian0,
1597 4827 1758 4910 capellam
1780 4839 1895 4892 sancte
1910 4825 1998 4910 Lucie

334 4917 456 4981 montis
480 4914 620 4990 Castelli,
645 4923 678 4976 et
701 4913 861 4995 capellam
884 4925 998 4978 sancte
1022 4916 1197 4997 Margarite
1221 4917 1261 4979 de
1283 4916 1478 4992 Tedemule,
1508 4936 1588 4998 quas
1617 4917 1770 4981 nimirum
1796 4918 1941 5001 capellas
1961 4915 1997 4978 di·

334 5005 498 5088 sponendi
523 5013 556 5066 et
571 5003 744 5066 ordinandi
761 5002 926 5067 licentiam
941 5005 1099 5080 habeatiS,
1122 5005 1205 5068 sicut
1219 5004 1378 5068 hactenus
1394 5006 1551 5068 canonice
1571 5007 1771 5088 disposuisse
1794 5015 1827 5070 et
1842 5008 1998 5071 ordinasse

333 5095 500 5159 videmini.
555 5093 643 5156 Sane
680 5093 823 5155 decimas
854 5095 1098 5175 possessionum
1127 5103 1325 5171 vestrarum,
1364 5115 1445 5176 quas
1475 5095 1618 5177 propriis
1653 5096 1839 5178 sumptibus
1869 5087 1996 5181 colitlisl.

334 5185 439 5248 nullus
463 5205 483 5246 a
504 5182 601 5245 vobis
632 5181 763 5264 exigere
786 5193 961 5264 presumat.
1007 5183 1223 5246 Decemimus
1247 5204 1335 5266 ergo,
1366 5191 1401 5246 ut
1432 5185 1510 5247 nulli
1541 5185 1677 5247 omnino
1709 5184 1881 5247 hominum
1906 5186 1997 5252 liceat

334 5274 496 5357 prefatam
519 5271 690 5335 ecclesiam
714 5279 838 5335 temere
860 5271 1059 5354 perturbare,
1083 5282 1139 5335 aut
1162 5273 1231 5336 eius
1254 5274 1479 5355 possessiones
1501 5273 1627 5337 auferre
1641 5272 1694 5337 vel
1714 5274 1841 5337 ablatas
1865 5274 1996 5344 retinere.

335 5365 480 5426 minuere
502 5382 559 5426 seu
583 5361 783 5444 quibuslibet
805 5361 1035 5425 vexationibus
1064 5362 1209 5443 fatigare,
1240 5363 1299 5424 sed
1330 5363 1441 5425 omnia
1471 5363 1597 5446 integra
1627 5373 1860 5427 conserventur
1889 5379 1996 5432 eorum,

334 5472 395 5535 pro
421 5470 559 5533 quorum
582 5451 821 5534 gubernatione
837 5461 935 5533 atque
950 5453 1188 5516 sustentatione
1204 5471 1361 5515 concessa
1376 5459 1460 5529 sunt,
1484 5453 1595 5517 usibus
1616 5453 1817 5517 omnimodis
1833 5453 1997 5536 profutura

335 5717 351 5768 ⁹
371 5717 415 5766 Η
496 5643 721 5767 {effraym
734 5645 830 5712 gelum
845 5663 876 5696 ru
893 5647 1062 5708 Vallombrosa,
1081 5648 1157 5713 vergl.
1177 5645 1355 5706 Wukelmann,
1374 5647 1436 5697 Acta
1449 5646 1547 5714 Imperii
1557 5647 1577 5698 I
1584 5655 1612 5713 p.
1626 5648 1666 5709 42,
1687 5650 1729 5710 18,
1746 5649 1803 5698 oben
1822 5647 1861 5698 ἂι
1880 5647 1939 5700 ura.
1954 5657 1997 5696 m

391 5733 479 5766 entur
580 5734 604 5768 u.
647 5751 654 5768 .
