4090 6358
1706 341 1743 414 ¹7

57 535 156 590 tuam
191 525 340 608 predicte
374 523 527 598 ecclesie,
569 523 621 586 cui
655 533 734 586 tunc
766 543 898 607 preesse
932 521 1126 599 dinosceris,
1169 523 1355 588 huiusmodi
1395 517 1566 606 privilegia
1600 524 1743 605 presenti

57 615 270 680 auctoritatis
292 624 403 678 nostre
428 613 561 676 decreto
589 612 804 694 indulgemus,
835 612 1047 677 concedimus
1070 622 1170 694 atque
1192 613 1368 689 firmamus,
1399 622 1588 689 statuentes,
1619 612 1743 676 nullum

59 725 180 786 regum
210 704 263 768 vel
286 705 538 785 imperatorum,
568 702 762 779 antistitum,
793 703 916 766 nullum
940 721 1147 784 quacumque
1179 703 1338 785 dignitate
1369 702 1535 784 preditum
1556 702 1610 765 vel
1633 721 1744 784 quem-

59 815 166 876 quam
191 793 289 856 alium
314 793 356 856 de
378 793 438 868 his,
464 812 528 874 que
551 791 659 855 eidem
682 790 860 856 venerabili
883 792 995 855 locoa
1018 791 1219 873 quibuslibet
1241 791 1430 856 hominibus
1453 792 1495 855 de
1518 793 1653 874 proprio
1677 793 1745 855 iure
1847 831 1852 842 ·

59 885 131 947 iam
155 884 281 947 donata
309 884 375 946 sint
404 882 458 945 vel
485 882 518 945 in
548 880 704 958 futurum,
736 881 799 945 deo
830 881 1012 958 miserante,
1046 880 1166 945 collata
1197 881 1323 958 luerint,
1353 880 1414 945 sub
1447 881 1619 944 cuiuslibet
1648 900 1745 944 cause

59 973 291 1036 occasionisve
314 973 425 1054 specie
452 972 597 1035 minuere
627 971 679 1034 vel
710 970 844 1047 auferre,
875 980 909 1033 et
938 971 1007 1033 sive
1030 971 1095 1034 suis
1126 971 1237 1034 usibus
1260 971 1435 1054 applicare,
1466 970 1519 1034 vel
1549 971 1619 1034 aliis
1651 971 1743 1053 quasi

59 1064 130 1144 piis
154 1063 196 1124 de
220 1062 324 1125 causis
347 1082 409 1144 pro
432 1081 490 1125 sue
513 1060 647 1124 avaritie
671 1061 882 1124 excusatione
906 1060 1075 1137 excedere,
1108 1060 1169 1123 sed
1190 1069 1323 1136 cuncta,
1356 1080 1419 1142 que
1450 1060 1513 1124 sibi
1536 1060 1649 1125 oblata
1669 1068 1745 1122 sunt

58 1153 116 1214 vel
141 1151 250 1214 offerri
275 1151 458 1232 contigerit,
488 1159 557 1213 tam
581 1170 601 1212 a
623 1159 665 1226 te,
691 1169 789 1231 quam
814 1149 857 1213 ab
881 1150 960 1227 aliis,
993 1150 1048 1232 qui
1072 1151 1106 1212 in
1129 1158 1186 1212 tuo
1211 1149 1321 1213 officio
1351 1149 1493 1230 locoque
1522 1150 1743 1225 successerint,

60 1241 226 1323 perhenni
248 1248 401 1323 tempore
424 1239 549 1302 illibata
571 1246 605 1302 et
627 1240 697 1302 sine
726 1239 951 1321 inquietudine
973 1239 1083 1321 aliqua
1103 1239 1254 1302 volumus
1277 1239 1447 1321 possideri,
1471 1259 1583 1302 eorum
1612 1239 1745 1320 quidem

60 1331 188 1407 usibus,
216 1351 277 1412 pro
302 1349 442 1412 quorum
465 1328 702 1392 sustentatione
724 1328 1029 1411 gubernationeque
1052 1348 1209 1392 concessa
1231 1336 1315 1405 sunt,
1348 1329 1455 1392 modis
1486 1328 1641 1392 omnibus
1670 1348 1744 1410 pro-

61 1420 182 1484 futura
226 1420 310 1484 Item
333 1419 570 1495 constituimus,
594 1424 630 1480 ut
651 1418 833 1499 sepulturas
856 1417 1002 1481 fidelium
1026 1418 1117 1482 iuxta
1131 1418 1334 1481 voluntatem
1358 1426 1390 1481 et
1410 1419 1622 1481 devotionem
1639 1419 1744 1480 unius·

61 1511 223 1592 cuiusque
254 1509 299 1573 ibi
329 1508 398 1572 fieri
429 1528 527 1571 nemo
558 1507 742 1590 prohibeat,
773 1507 951 1571 secundum
983 1508 1074 1589 quod
1105 1507 1223 1572 beatus
1246 1507 1423 1590 Gregorius
1444 1507 1608 1590 Agapit0,
1645 1507 1745 1572 Urbis

60 1600 186 1662 veteris
213 1599 383 1680 episcopa,
415 1597 512 1660 simili
545 1597 587 1659 de
610 1615 708 1659 causa
737 1597 771 1659 in
802 1597 941 1679 epistola
971 1617 1029 1659 sua
1060 1597 1190 1678 scripsit
1218 1605 1318 1679 atque
1349 1598 1501 1660 decrevit.
1546 1596 1619 1659 Hec
1649 1597 1746 1677 igitur

62 1689 188 1764 omnia,
212 1708 276 1770 que
298 1687 393 1750 huius
416 1687 564 1770 precepti
589 1686 779 1768 decretique
802 1687 902 1750 nostri
926 1687 1048 1768 pagina
1075 1687 1230 1762 continet,
1264 1706 1362 1768 quam
1393 1687 1527 1762 cunctis,
1559 1686 1671 1767 quiin
1695 1705 1744 1761 eo,

63 1798 133 1860 quo
166 1799 210 1840 ex
240 1777 355 1840 ordine
384 1777 527 1859 locoque
557 1777 778 1852 successerint,
811 1777 862 1839 vel
894 1776 949 1852 eis,
973 1795 1113 1856 quorum
1137 1777 1292 1839 interesse
1322 1777 1454 1858 poterit,
1486 1777 1518 1839 in
1549 1782 1745 1856 perpetuum

62 1867 228 1932 servanda
244 1866 457 1929 decernimus.
496 1865 531 1930 Si
549 1867 622 1947 quis
636 1885 714 1928 vero
732 1886 853 1948 regum,
875 1866 1118 1947 episcoporum,
1138 1865 1357 1940 sacerdotum,
1378 1866 1578 1940 clericorum,
1603 1863 1745 1926 iudicum

61 1977 103 2018 ac
128 1956 320 2019 secularium
344 1975 567 2037 personarum,
597 1955 682 2018 hanc
713 1955 955 2018 constitutionis
979 1963 1089 2018 nostre
1119 1956 1274 2036 paginam
1304 1975 1496 2036 agnoscens,
1528 1961 1643 2016 contra
1673 1972 1745 2016 eam

62 2046 177 2109 venire
199 2047 418 2126 temptaverit,
442 2045 616 2127 potestatis
638 2043 840 2126 honorisque
862 2045 910 2107 sui
935 2044 1095 2125 dignitate
1118 2052 1226 2107 careat
1256 2063 1413 2126 reumque
1433 2065 1469 2108 se
1489 2044 1600 2107 divino
1625 2042 1746 2104 iudicio

64 2137 208 2198 existere
232 2135 275 2197 de
297 2142 486 2216 perpetrata
508 2135 679 2215 iniquitate
703 2141 882 2215 cognoscat
914 2141 954 2210 et,
986 2134 1045 2196 nisi
1075 2154 1122 2210 ea,
1156 2154 1218 2215 que
1248 2134 1291 2197 ab
1322 2134 1378 2197 illo
1408 2141 1483 2197 sunt
1513 2132 1598 2195 male
1627 2131 1745 2208 ablata,

64 2225 244 2287 restituerit
258 2222 310 2286 vel
327 2223 428 2305 digna
443 2223 624 2306 penitentia
640 2223 751 2286 illicite
766 2231 840 2286 acta
856 2221 1031 2298 defleverit,
1048 2243 1068 2285 a
1083 2223 1300 2286 sacratissimo
1317 2242 1456 2305 corpore
1471 2230 1504 2285 et
1519 2222 1676 2303 sanguine
1693 2221 1746 2282 dei

64 2313 128 2395 (et)
146 2313 282 2388 domini,
299 2313 518 2395 redemptoris
534 2313 635 2376 nostri
652 2313 723 2375 Iesu
740 2312 869 2388 Christi,
884 2311 1008 2376 alienus
1023 2312 1089 2389 fiat,
1105 2319 1205 2394 atque
1220 2313 1253 2374 in
1270 2319 1418 2376 extremo
1435 2312 1585 2376 examine
1601 2309 1747 2373 districte

65 2403 183 2466 ultioni
211 2403 388 2465 subiaceat.
436 2401 570 2466 Cunctis
593 2409 711 2478 autem,
739 2403 847 2465 eidem
878 2401 952 2464 loco
983 2402 1067 2464 iusta
1089 2401 1301 2477 servantibus,
1325 2403 1367 2466 sit
1390 2423 1457 2484 pax
1488 2400 1612 2464 domini
1644 2399 1746 2462 nostri

62 2491 136 2555 Iesu
154 2491 282 2568 Christi,
308 2500 467 2573 quatenus
491 2499 524 2554 et
546 2491 599 2554 hic
624 2491 764 2554 lructum
779 2492 868 2556 bone
883 2491 1021 2554 actionis
1037 2492 1228 2574 percipiant,
1253 2498 1286 2554 et
1301 2492 1389 2576 apud
1407 2491 1587 2554 districtum
1606 2489 1744 2551 iudicem

62 2583 193 2663 premia
216 2589 328 2644 eterne
351 2581 443 2663 pacis
466 2581 642 2644 inveniant.
760 2661 768 2674 ³
1288 2665 1300 2756 )

227 2783 351 2850 Abschm'st
367 2785 411 2834 der
432 2783 490 2834 Call.
510 2781 612 2834 Moreau
631 2785 684 2834 ⁸68
693 2785 722 2851 f.
743 2787 782 2843 17,
802 2785 828 2836 in
846 2786 890 2835 der
906 2785 970 2836 Bibl.
989 2785 1119 2835 Nationale
1135 2803 1166 2835 ru
1186 2785 1265 2836 Poris.

226 2859 289 2904 Rota
312 2857 369 2905 and
389 2855 558 2921 Monogramm
582 2856 640 2904 sind
660 2856 828 2922 bagneichmt.
865 2857 962 2907 Erstere
986 2857 1032 2906 mit
1054 2858 1232 2924 doppellinigem
1250 2857 1418 2915 Innmkreusa
1444 2856 1488 2905 der
1505 2853 1625 2921 lnsclm'ft
1641 2854 1746 2904 Misera·

61 2929 146 2978 tiones
164 2935 217 2988 etc„
236 2928 296 2977 ohne
320 2927 463 2992 Unnclsm'ft.
500 2927 670 2993 Monogramm
687 2929 755 2978 roolil
769 2929 836 2978 nich!
848 2945 932 2995 genau
946 2930 1083 2996 gereichnet,
1102 2929 1248 2995 dappellimg
1263 2929 1308 2980 mit
1325 2928 1510 2993 iibmagmdem
1529 2926 1560 2978 B.

826 3285 893 3362 Nr.
927 3291 986 3364 19.

72 3417 184 3484 Urban
201 3415 248 3482 II
255 3376 435 3500 verwiilr'grt
458 3415 616 3499 Wllrelm,
644 3415 774 3499 Grafen
789 3441 850 3483 von
874 3419 1032 3500 Toulouse,
1055 3417 1145 3484 earm
1162 3415 1332 3501 Kirclzlzof
1345 3418 1398 3483 bei
1417 3419 1479 3486 der
1494 3417 1617 3485 Kirclre
1633 3420 1746 3486 Natre-

243 3507 351 3574 Dama
365 3507 406 3573 de
429 3506 579 3573 Toulouse
592 3529 633 3574 au
649 3507 817 3590 erriclrten,
841 3509 903 3573 den
925 3531 963 3574 er
976 3511 1039 3575 mit
1050 3507 1435 3574 Absolutionsvorreciten
1450 3509 1571 3593 begabt.

863 3645 958 3708 1088.

231 3771 346 3828 Urbanus
359 3785 426 3844 papa
443 3779 562 3828 remandas
579 3777 690 3828 concessit
710 3775 845 3838 Guiilelmo,
868 3779 893 3827 T
889 3779 1000 3828 holosamo
1017 3776 1098 3828 comiti
1109 3776 1137 3844 ¹),
1156 3785 1273 3844 quaimus
1290 3778 1335 3827 sibi
1350 3793 1453 3843 arcaeque
1469 3777 1591 3844 progmiei
1606 3776 1747 3826 cimr'teririm

63 3873 216 3916 immoror
239 3864 308 3916 iuxta
328 3867 448 3916 ecclesiam
471 3874 566 3916 sanctae
592 3863 690 3916 Maniae
714 3867 784 3931 oprrd
803 3866 920 3927 Tolosam,
945 3883 1019 3932 quom
1042 3867 1139 3917 arumna
1162 3866 1273 3932 diligebat
1294 3873 1317 3916 et
1341 3866 1473 3916 honorabat
1496 3865 1632 3932 (quamque,
1657 3866 1749 3914 doram

63 3957 167 4006 losadalo
184 3957 295 4020 episcopo,
321 3957 347 4006 in
365 3963 484 4022 quantum
503 3963 623 4020 potumi,
645 3955 674 4006 de
697 3972 774 4005 mona
797 3954 950 4006 inimicorum
972 3956 1133 4024 liberaverat),
1160 3955 1281 4004 abolvms
1302 3956 1332 4004 ab
1349 3955 1459 4004 omnibus
1482 3955 1620 4006 delitiarum
1644 3954 1749 4003 vincrrds

63 4053 114 4094 tam
133 4045 221 4110 ipsam,
241 4061 314 4110 quom
334 4059 415 4095 omnes
431 4045 499 4107 alios,
517 4044 561 4109 qui
577 4044 602 4094 in
621 4044 697 4093 eodem
715 4043 765 4092 loco
782 4042 904 4108 relr'gr'om's
917 4042 1000 4108 gratia
1018 4042 1113 4108 sepeliri
1128 4050 1252 4108 optassent.
1289 4043 1404 4109 Episcopo
1421 4051 1509 4106 maeno,
1534 4044 1619 4108 inquii,
1639 4041 1748 4102 m'vitatri,

64 4141 94 4183 ra
110 4135 179 4183 illud
193 4140 319 4196 conservet,
339 4150 368 4184 ex
380 4140 452 4198 parte
468 4141 549 4182 vestra
566 4130 693 4182 mandabis
706 4129 716 4161 ²
716 4145 734 4200 ).

227 4231 353 4298 Abschrist
369 4233 409 4281 des
426 4231 483 4286 MS.
503 4234 546 4282 lat.
566 4232 652 4282 12080
662 4230 714 4295 sol.
734 4231 791 4290 190,
810 4231 836 4280 in
854 4230 897 4279 der
916 4230 978 4281 Bibl.
997 4229 1126 4280 Natrhnale
1143 4246 1172 4278 au
1192 4230 1271 4282 Paris.

828 4560 896 4636 Nr.
928 4564 989 4636 20.

76 4695 185 4763 Urban
201 4695 246 4760 II
256 4693 407 4778 bestdtigt
429 4694 503 4759 dem
521 4691 650 4759 Kloster
672 4692 843 4761 sr-Gilas
865 4693 905 4758 de
921 4691 1041 4757 Nimes
1063 4693 1117 4756 die
1143 4693 1211 4757 ilzm
1231 4715 1292 4758 aon
1316 4693 1492 4775 Bischifen
1512 4694 1750 4759 ribamoiesenen

731 4780 877 4847 Kirchen
892 4782 962 4846 und
976 4781 1095 4847 Zelkn.

652 4918 735 4980 1095
751 4917 966 4982 Februar18.
1003 4914 1168 4981 Cremona.

231 5056 386 5122 Urbanus
409 5055 594 5138 episcopus,
618 5073 729 5118 servus
751 5073 918 5118 servorum
943 5054 1004 5129 dei,
1029 5053 1156 5117 dilectis
1180 5052 1261 5130 filiis,
1286 5053 1421 5118 Odiloni
1444 5055 1558 5119 abbati
1578 5067 1612 5120 et
1634 5057 1749 5120 ceteris

71 5147 175 5210 sancti
198 5145 346 5228 Aegydii
370 5144 550 5223 monachis,
574 5145 712 5208 salutem
736 5153 769 5206 et
791 5143 1009 5225 apostolicam
1032 5143 1307 5207 benedictionem.
1352 5144 1415 5208 Pro
1439 5147 1628 5210 monasterii
1651 5147 1749 5209 vestri

72 5246 251 5317 augmento
283 5255 321 5299 ac
352 5235 552 5298 exaltatione
583 5234 799 5315 deprecantes
829 5253 890 5296 vos
921 5232 1096 5296 allectione
1124 5243 1261 5314 paterne
1293 5235 1426 5315 pietatis
1456 5235 1633 5299 clementer
1661 5236 1749 5297 audi·

71 5326 191 5406 vimus,
223 5335 256 5389 et
286 5325 372 5389 votis
401 5325 516 5388 vestris
547 5343 606 5406 per
636 5323 815 5385 litterarum
846 5323 1045 5405 presentium
1077 5324 1304 5386 auctoritatem
1338 5323 1543 5406 impartimur
1573 5343 1749 5388 assensum.

74 5502 498 5512 fflm—-—-.-—

238 5613 263 5671 1)
289 5607 399 5658 niaelm
413 5609 458 5668 IV,
481 5607 552 5672 Graf
565 5623 612 5656 von
633 5606 755 5666 Toulouse,
778 5607 962 5666 1060-1088,
980 5623 1078 5656 woraus
1094 5605 1144 5656 sicli
1161 5606 1260 5658 dieZeit
1276 5609 1369 5674 ergiebt.
1410 5606 1488 5676 Jaffe',
1508 5605 1752 5673 Reg.5733danach

73 5697 103 5730 rar
119 5679 264 5746 horrigiren.
372 5683 398 5746 2)
418 5679 527 5746 Sinapsis
548 5695 630 5728 remim
656 5678 844 5728 memorabilium
864 5679 989 5743 prioratum
1015 5679 1094 5728 bealae
1122 5677 1218 5728 Mariae
1238 5679 1377 5730 Deaurntae
1405 5679 1542 5741 Tolosarrae,
1568 5679 1659 5728 ordinis
1676 5678 1755 5727 soracti

75 5752 204 5810 Benedicti,
223 5752 413 5819 congregationis
430 5751 509 5801 sancti
526 5749 620 5801 Mauri.

125 5859 148 5888 v.
163 5847 458 5899 Prion-Barnous,
472 5847 530 5888 Acta
545 5847 585 5887 111.
1525 5843 1540 5894 3
