4126 6366
1686 355 1748 424 371

73 527 228 612 adipisci,
260 527 354 592 firma
383 529 478 594 vobis
506 531 687 613 vestrisque
718 529 961 594 successoribus
992 538 1026 593 et
1054 527 1177 594 illibata
1205 536 1427 613 permaneant.
1471 531 1509 594 ln
1540 530 1660 611 quibus
1691 529 1753 595 hec

72 619 217 702 propriis
233 619 387 682 duximus
403 620 620 702 exprimenda
634 619 815 684 vocabulis:
840 620 1011 684 ecclesiam
1028 621 1131 682 sancti
1147 619 1267 702 Angeli
1283 620 1360 684 ioris
1376 620 1507 684 Portam
1525 641 1599 684 cum
1616 621 1753 704 capellis

73 717 109 772 et
132 708 398 790 possessionibus
422 711 495 784 suis,
525 708 695 773 ecclesiam
719 712 822 773 sancti
846 708 1004 791 Stephani
1028 709 1106 772 ioris
1130 718 1260 792 portam
1288 730 1362 773 cum
1394 709 1655 792 possessionibus
1677 711 1752 787 suis,

73 797 237 880 capellam
261 800 365 862 sancti
389 797 569 874 Fortunati,
592 798 751 881 capellam
774 801 876 862 sancti
900 798 1035 876 Donati,
1057 798 1216 880 capellam
1240 806 1352 862 sancte
1376 799 1478 862 Marie
1501 802 1592 862 iuxta
1615 801 1751 862 domum

73 887 129 950 filii
154 885 324 962 Guidonis‚
353 888 508 969 quicquid
532 886 661 952 habetis
685 890 717 951 in
741 889 878 952 ecclesia
901 888 1003 950 sancti
1027 889 1175 962 Martini,
1210 890 1366 968 quicquid
1397 886 1526 951 habetis
1556 891 1589 951 in
1614 888 1753 952 ecclesia

71 977 177 1040 sancti
203 973 362 1060 Gregorii,
385 977 557 1041 ecclesiam
581 979 685 1040 sancti
699 975 871 1053 Valentini,
895 977 1066 1040 ecclesiam
1091 984 1204 1040 sancte
1227 975 1376 1041 Susanne
1399 985 1432 1041 et
1458 980 1562 1042 sancti
1585 976 1753 1051 Antonini,

73 1065 248 1130 ecclesiam
281 1074 393 1130 sancte
424 1065 527 1130 Marie
557 1067 588 1130 in
617 1067 723 1141 Foro,
754 1067 909 1148 quicquid
942 1069 1018 1129 iuris
1050 1065 1178 1129 habetis
1210 1067 1241 1128 in
1275 1067 1411 1131 ecclesia
1440 1075 1553 1130 sancte
1576 1067 1678 1130 Marie
1709 1069 1752 1132 de

73 1155 296 1232 Francolinis,
335 1155 506 1219 ecclesiam
535 1157 638 1220 sancti
669 1157 850 1232 Anastasii,
883 1155 1054 1219 ecclesiam
1085 1156 1187 1218 sancti
1217 1154 1351 1219 Ysidori
1383 1163 1417 1219 et
1445 1157 1549 1219 sancti
1582 1155 1752 1239 Stephani,

73 1245 248 1309 ecclesiam
272 1247 376 1308 sancti
399 1245 507 1322 Blasii,
531 1246 688 1328 quicquid
711 1244 841 1309 habetis
864 1245 895 1307 in
918 1244 1057 1308 ecclesia
1079 1247 1183 1308 sancti
1206 1243 1306 1320 Pauli,
1329 1245 1500 1308 ecclesiam
1523 1249 1626 1309 sancti
1643 1244 1751 1309 Savini

73 1343 108 1398 et
131 1336 236 1397 sancti
260 1333 408 1410 Dionisii,
432 1335 588 1417 quicquid
612 1335 687 1398 iuris
711 1334 840 1398 habetis
863 1335 893 1396 in
918 1333 1055 1398 ecclesia
1078 1334 1179 1396 sancti
1195 1333 1427 1410 Bartholomei,
1451 1337 1606 1417 quicquid
1622 1333 1752 1399 habetis

71 1425 104 1487 in
128 1422 268 1488 ecclesia
298 1425 402 1487 sancti
425 1422 554 1507 Angeli,
587 1424 757 1488 ecclesiam
781 1426 884 1486 sancti
907 1422 1093 1500 Fortunati,
1123 1422 1254 1504 plebem
1287 1427 1391 1487 sancti
1415 1424 1544 1499 Martini
1567 1427 1600 1488 in
1623 1423 1750 1508 Campo

73 1533 149 1576 cum
174 1512 439 1596 possessionibus
462 1516 542 1589 suis,
575 1513 708 1596 plebem
732 1515 835 1576 sancti
858 1511 1010 1576 Iohannis
1040 1515 1073 1575 in
1097 1511 1243 1597 Campo,
1275 1512 1406 1596 plebem
1437 1517 1541 1576 sancti
1564 1513 1695 1576 Martini
1719 1515 1752 1576 in

72 1601 181 1679 Colle,
212 1601 344 1685 plebem
374 1603 477 1666 sancti
499 1602 675 1677 Valentini,
707 1601 869 1685 capellam
899 1603 1004 1665 sancti
1029 1600 1202 1677 Costantii,
1233 1602 1392 1684 capellam
1416 1603 1519 1666 sancti
1542 1602 1695 1666 Nicholai
1719 1605 1751 1665 in

70 1692 188 1766 Druta,
212 1691 346 1775 plebem
370 1694 473 1755 sancti
497 1739 505 1754 .
530 1741 536 1754 .
561 1740 569 1756 .
590 1690 617 1778 a)
641 1691 783 1766 Obiano,
814 1699 955 1755 castrum
980 1691 1133 1774 Quarceti
1156 1712 1231 1754 cum
1255 1692 1389 1774 capella,
1419 1690 1551 1774 plebem
1578 1694 1619 1755 de
1643 1691 1751 1768 Caina,

70 1783 267 1845 canonicam
291 1785 395 1846 sancti
410 1779 490 1856 Viti,
513 1780 678 1865 hospitale
701 1783 744 1845 de
760 1780 952 1856 Fultiniano,
976 1780 1110 1863 plebem
1126 1788 1240 1843 sancte
1255 1778 1383 1856 Savine,
1407 1780 1540 1863 plebem
1557 1781 1600 1844 de
1617 1780 1752 1856 Palatio,

69 1871 207 1953 plebem
231 1871 334 1934 sancti
359 1868 542 1935 Sebastiani
567 1891 641 1933 cum
665 1871 801 1954 capellis
825 1878 858 1933 et
881 1869 1144 1952 possessionibus
1173 1872 1249 1946 suis,
1282 1873 1330 1932 ius
1350 1867 1379 1956 b)
1403 1870 1493 1953 quod
1513 1871 1542 1956 b)
1565 1869 1695 1934 habetis
1718 1873 1750 1933 in

69 1959 211 2024 ecclesia
234 1961 339 2023 sancti
364 1957 496 2042 Quirici,
528 1960 660 2042 plebem
685 1962 727 2024 de
750 1959 844 2024 Latio
869 1980 942 2022 cum
971 1959 1105 2041 capellis
1137 1967 1170 2022 et
1200 1958 1459 2043 possessionibus
1482 1960 1555 2034 suis,
1579 1959 1750 2024 ecclesiam

67 2048 177 2113 sancti
201 2049 322 2113 Donati
346 2051 379 2112 in
392 2048 488 2113 Valle
512 2049 661 2126 obscura,
686 2049 858 2113 ecclesiam
881 2051 987 2111 sancti
1011 2047 1194 2125 Grieiniani,
1223 2048 1393 2111 ecclesiam
1417 2051 1520 2112 sancti
1543 2048 1694 2113 Nicholai
1718 2057 1752 2112 et

67 2137 176 2202 sancti
212 2139 380 2202 Laurentii
418 2141 451 2202 in
487 2139 647 2215 Rabatta,
691 2139 846 2219 quicquid
885 2140 961 2201 iuris
999 2136 1127 2201 habetis
1166 2140 1199 2200 in
1239 2138 1378 2201 ecclesia
1413 2139 1456 2201 de
1496 2139 1611 2202 Monte
1650 2139 1750 2221 nigro,

67 2227 233 2311 capellam
262 2236 375 2291 sancte
397 2228 496 2292 Lucie
527 2236 561 2291 et
590 2230 693 2291 sancti
717 2228 853 2291 Andree
884 2235 917 2291 et
946 2230 1049 2290 sancti
1073 2225 1215 2310 Orphiti,
1246 2229 1350 2290 sancti
1372 2226 1525 2291 Iohannis
1552 2229 1584 2292 in
1607 2226 1749 2305 Vitiano,

66 2319 264 2381 canonicam
287 2324 399 2380 sancte
423 2318 526 2380 Marie
549 2320 581 2381 in
605 2317 694 2381 Villa
717 2315 856 2394 Gemini,
883 2318 1056 2382 ecclesiam
1083 2318 1186 2380 sancti
1209 2316 1341 2392 Donati,
1373 2317 1544 2380 ecclesiam
1566 2318 1598 2380 in
1621 2316 1749 2381 Foiano

66 2427 147 2470 cum
181 2407 443 2490 possessionibus
472 2409 552 2484 suis,
585 2409 634 2470 ius
658 2408 749 2489 quod
772 2406 901 2470 habetis
923 2407 954 2470 in
979 2406 1116 2470 ecclesia
1138 2408 1241 2469 sancti
1264 2406 1377 2470 Severi
1400 2403 1467 2492 et(!)
1489 2407 1748 2489 possessionibus

65 2497 155 2571 suis,
196 2494 368 2560 ecclesiam
405 2499 509 2560 sancti
542 2495 664 2579 Angeli
694 2496 726 2559 in
759 2497 911 2560 Materno
944 2504 977 2559 et
1005 2497 1109 2559 sancti
1139 2493 1260 2577 Angeli
1291 2497 1382 2558 iuxta
1414 2495 1521 2559 lacum
1551 2495 1583 2558 in
1611 2495 1749 2574 Vicano,

66 2585 298 2670 possessiones
322 2606 403 2668 quas
431 2584 558 2649 habetis
589 2587 620 2649 in
651 2585 762 2650 insulis
794 2595 828 2649 et
859 2588 950 2648 iuxta
979 2585 1095 2662 lacum,
1128 2593 1270 2648 castrum
1293 2583 1433 2648 Martille
1456 2592 1490 2648 et
1511 2586 1618 2661 Bistii,
1650 2587 1700 2649 ius
1720 2583 1748 2672 c)

66 2674 212 2761 quode)
241 2675 369 2739 habetis
399 2677 433 2738 in
461 2675 599 2739 ecclesia
628 2675 733 2739 sancti
762 2675 928 2739 Laurentii
959 2673 991 2737 in
1022 2675 1160 2739 Afriano
1192 2694 1266 2737 cum
1297 2674 1559 2758 possessionibus
1591 2695 1673 2755 quas
1702 2675 1747 2738 ibi

64 2765 210 2839 habetis,
240 2763 410 2828 ecclesiam
441 2767 546 2828 sancti
567 2762 717 2828 Iohannis
747 2767 779 2827 in
803 2766 965 2828 Momano
995 2772 1030 2826 et
1057 2771 1170 2827 sancte
1192 2763 1296 2827 Lucic
1325 2763 1369 2825 de
1399 2760 1519 2826 Salano
1552 2785 1625 2827 cum
1657 2766 1747 2828 omni

65 2855 251 2918 tenimento
273 2875 350 2929 suo,
381 2854 553 2918 ecclesiam
585 2857 689 2918 sancti
712 2851 849 2917 Andree
881 2855 913 2916 in
937 2852 1166 2936 Simpliciano,
1198 2853 1246 2915 ius
1274 2853 1365 2934 quod
1395 2851 1522 2915 habetis
1553 2856 1586 2916 in
1621 2854 1747 2935 capella

64 2945 167 3008 castri
182 2944 319 3007 Prettidi
343 2963 418 3006 cum
443 2944 622 3007 medietate
644 2946 751 3020 castri,
775 2943 946 3007 ecclesiam
970 2944 1072 3007 sancti
1087 2942 1229 3006 Faustini
1251 2949 1284 3005 et
1299 2941 1402 3004 sancti
1417 2940 1620 3019 Christofori‚
1643 2946 1746 3007 sancti

63 3033 234 3097 Laurentii
256 3034 288 3095 in
312 3032 423 3108 Caino,
453 3035 501 3097 ius
525 3034 616 3113 quod
639 3031 766 3096 habetis
789 3033 822 3096 in
844 3033 982 3096 ecclesia
1003 3033 1104 3095 sancti
1130 3031 1216 3095 Petri
1244 3031 1275 3093 in
1300 3032 1450 3106 Mezana,
1482 3033 1637 3114 quicquid
1669 3034 1746 3096 iuris

64 3121 199 3187 habetis
215 3124 247 3185 in
265 3122 401 3186 ecclesia
416 3124 520 3185 sancti
535 3123 700 3186 Laurentii
718 3125 750 3186 in
766 3122 895 3205 Campo
911 3121 1046 3198 cavallo,
1069 3122 1241 3185 ecclesiam
1257 3122 1361 3184 sancti
1378 3120 1508 3184 Martini
1529 3123 1560 3184 in
1576 3122 1747 3185 Ancaiana

65 3221 101 3275 et
125 3220 241 3275 sancte
265 3211 369 3276 Marie
392 3212 435 3274 de
458 3212 547 3276 Gatti
571 3232 644 3275 cum
670 3211 844 3275 medietate
869 3211 1014 3275 eiusdem
1038 3211 1142 3286 castri,
1173 3210 1341 3273 ecclesiam
1365 3211 1469 3273 sancti
1491 3210 1593 3274 Marci
1616 3211 1659 3274 dc
1681 3211 1746 3274 Via

64 3301 176 3384 plana,
205 3300 375 3365 ecclesiam
407 3309 521 3364 sancte
545 3301 648 3364 Marie
679 3313 713 3364 et
742 3303 846 3364 sancti
871 3301 1001 3364 Martini
1031 3301 1061 3363 in
1085 3299 1240 3363 Bolsiano
1271 3319 1345 3362 cum
1377 3302 1640 3382 possessionibus
1669 3303 1744 3376 suis,

64 3393 173 3455 sancti
190 3388 342 3454 Iohannis
356 3390 387 3453 in
404 3390 512 3473 Prepo
529 3398 562 3453 et
576 3391 677 3454 sancti
691 3390 862 3465 Victorini,
886 3390 1055 3453 ecclesiam
1076 3391 1181 3452 sancti
1197 3386 1308 3452 Severi
1327 3389 1358 3451 in
1373 3389 1549 3466 Vistriano,
1573 3389 1743 3453 ecclesiam

64 3489 182 3544 sancte
198 3479 302 3543 Marie
324 3480 357 3542 in
373 3488 486 3542 monte
501 3478 676 3553 Fortismo,
701 3480 869 3543 ecclesiam
893 3481 997 3542 sancti
1014 3477 1170 3542 Florentii
1186 3480 1218 3540 in
1233 3477 1375 3541 Valiano
1394 3498 1468 3541 cum
1485 3478 1744 3560 possessionibus

64 3572 150 3644 suis,
182 3567 355 3632 ecclesiam
386 3571 489 3632 sancti
520 3569 685 3633 Laurentii
716 3572 749 3632 in
773 3567 889 3632 Fibille
921 3588 994 3631 cum
1025 3568 1286 3648 possessionibus
1315 3569 1396 3642 suis,
1433 3568 1603 3631 ecclesiam
1632 3577 1746 3631 sancte

64 3657 245 3722 Petronille
275 3658 306 3721 in
333 3657 485 3736 Vitiano‚
518 3659 691 3722 ecclesiam
721 3667 834 3722 sancte
857 3657 960 3721 Marie
981 3658 1015 3719 in
1039 3654 1247 3732 Monticello,
1271 3656 1427 3735 quicquid
1457 3658 1532 3720 iuris
1561 3657 1689 3720 habetis
1712 3659 1745 3720 in

66 3747 208 3811 ecclesia
232 3748 275 3811 de
289 3747 404 3810 Fratta
426 3748 480 3811 filii
494 3746 620 3810 Azonis
636 3769 709 3810 cum
727 3747 988 3831 possessionibus
1003 3747 1076 3822 suis,
1101 3746 1256 3825 quicquid
1275 3742 1305 3829 d)
1327 3743 1459 3808 habetis
1477 3745 1506 3832 d)
1526 3747 1557 3809 in
1577 3745 1606 3832 d)
1622 3745 1747 3830 capella

66 3838 112 3901 de
134 3844 244 3900 castro
268 3835 467 3912 Colomelle,
497 3839 653 3919 quicquid
685 3839 760 3900 iuris
793 3835 922 3900 habetis
951 3837 983 3898 in
1006 3835 1133 3918 capella
1163 3835 1259 3897 castri
1282 3834 1477 3909 Ramazani,
1509 3844 1542 3899 et
1574 3837 1623 3899 ius
1654 3837 1744 3916 quod

66 3925 199 3990 habetis
222 3927 252 3988 in
276 3926 413 3990 ecclesia
437 3935 531 3990 extra
554 3939 704 3990 castrum.
750 3923 929 3990 Statuimus
952 3928 1092 4007 insuper,
1120 3931 1156 3986 ut
1178 3925 1326 3987 canonici
1349 3925 1458 3987 etalii
1483 3925 1600 4002 clerici,
1624 3927 1679 4007 qui
1703 3927 1746 3990 ab

67 4017 188 4080 eadem
212 4015 348 4079 ecclesia
369 4015 566 4079 beneficium
591 4018 748 4099 optinent,
771 4025 838 4079 tam
862 4015 922 4079 tibi
954 4034 1052 4095 quam
1068 4014 1132 4076 tuis
1148 4014 1398 4089 successoribus,
1422 4012 1467 4076 fili
1483 4013 1745 4098 archipresbiter,

66 4105 218 4169 debitam
250 4104 471 4169 obedientiam
505 4113 539 4168 et
568 4106 780 4168 reverentiam
812 4103 956 4168 debeant
985 4103 1150 4167 exhibere.
1203 4104 1354 4167 Preterea
1389 4102 1523 4166 firmiter
1552 4102 1747 4182 inhibemus,

66 4215 111 4259 ne
133 4194 251 4275 aliquis
275 4193 455 4258 monachus
478 4194 530 4258 vel
554 4195 725 4275 quisquam
749 4194 831 4257 alius
854 4189 1084 4280 plarr]ochiam
1106 4199 1248 4255 vestram
1271 4192 1424 4256 invadere
1447 4200 1481 4255 et
1504 4201 1617 4257 contra
1635 4193 1746 4257 volun-

66 4291 173 4348 tatem
203 4291 345 4346 vestram
375 4284 407 4347 in
438 4279 711 4372 quadragesimla]
741 4282 794 4346 vel
825 4285 857 4346 in
890 4291 996 4346 morte
1027 4281 1239 4365 penitentiam
1270 4280 1494 4364 parrochianis
1521 4284 1637 4345 vestris
1668 4284 1746 4347 dare

67 4381 246 4458 presumat.
291 4373 405 4436 Liceat
435 4392 569 4456 quoque
600 4374 711 4451 vobis,
747 4372 884 4436 clericos
913 4373 966 4436 vel
1006 4371 1108 4435 laicos
1152 4391 1171 4434 e
1202 4370 1314 4434 seculo
1346 4371 1518 4454 fugientes,
1561 4371 1681 4436 liberos
1713 4382 1747 4436 et

67 4463 256 4538 absolutos,
287 4463 330 4526 ad
354 4464 603 4527 conversionem
633 4465 781 4546 recipere
812 4469 845 4526 et
874 4481 933 4524 eos
965 4463 1036 4524 sine
1063 4461 1322 4525 contradictione
1344 4461 1451 4542 aliqua
1474 4463 1623 4525 retinere.
1669 4463 1746 4526 Pro-

66 4552 220 4617 hibemus
244 4571 392 4635 quoque,
423 4572 464 4615 ne
495 4552 575 4616 infra
607 4554 764 4616 terminos
794 4549 966 4635 parrochie
988 4557 1096 4614 vestre
1126 4553 1299 4633 quisquam
1323 4551 1366 4614 de
1388 4571 1476 4614 novo
1499 4551 1670 4614 ecclesiam
1693 4552 1753 4634 vel

67 4645 249 4706 oratorium
272 4641 342 4704 sine
364 4648 475 4704 vestro
499 4650 533 4704 et
555 4643 701 4724 episcopi
725 4642 891 4705 diocesani
914 4661 1046 4705 assensu
1071 4639 1224 4703 edificare
1247 4647 1423 4723 presumat,
1450 4639 1547 4704 salvis
1571 4640 1747 4724 privilegiis

68 4731 253 4815 apostolice
267 4731 363 4794 sedis.
387 4729 551 4794 Ecclesias
567 4733 708 4815 insuper,
731 4731 773 4794 ad
789 4739 931 4794 vestram
948 4731 1122 4794 ecclesiam
1146 4731 1355 4811 pertinentes,
1377 4731 1557 4792 secundum
1580 4731 1746 4810 antiquam

67 4830 101 4885 et
124 4819 353 4884 rationabilem
377 4821 648 4884 consuetudinem
679 4820 837 4884 hactenus
861 4820 1066 4883 observatam
1099 4817 1194 4881 vobis
1217 4817 1319 4882 libere
1342 4817 1438 4881 liceat
1451 4820 1613 4883 ordinare.
1652 4816 1747 4883 Alias

67 4913 169 4975 etiam
200 4911 350 4990 antiquas
382 4918 417 4973 et
447 4910 657 4974 rationabiles
687 4909 940 4974 consuetudines
971 4908 1108 4972 ecclesie
1137 4915 1245 4971 vestre
1274 4909 1308 4970 in
1337 4908 1488 4984 decimis,
1520 4908 1747 4984 oblationibus,

66 5000 246 5084 sepulturis
269 5007 303 5062 et
326 4998 392 5062 aliis
422 4999 643 5084 spiritualibus
673 5006 706 5062 et
737 4997 973 5082 temporalibus
1005 4997 1100 5062 rebus
1130 4996 1288 5061 hactenus
1325 4999 1516 5080 observatas
1555 5001 1748 5062 auctoritate

66 5090 256 5174 apostolica
278 5089 430 5152 duximus
453 5089 703 5153 confirmandas.
751 5088 968 5152 Decemimus
991 5108 1085 5171 ergo,
1119 5097 1153 5150 ut
1184 5086 1259 5149 nulli
1290 5091 1424 5151 omnino
1447 5087 1617 5151 hominum
1641 5088 1747 5164 liceat,

67 5180 229 5263 prefatam
254 5177 424 5242 ecclesiam
450 5229 456 5242 .
481 5178 654 5242 ..usibus
678 5179 875 5242 omnimodis
899 5177 1076 5261 profutura,
1105 5175 1195 5239 salva
1227 5177 1314 5240 sedis
1344 5179 1529 5260 apostolice
1553 5180 1747 5242 auctoritate

67 5279 101 5334 et
123 5267 291 5333 diocesani
307 5270 457 5351 episcopi
473 5271 629 5332 canonica
652 5267 780 5331 iustitia.
825 5264 860 5331 Si
885 5286 951 5347 qua
972 5267 1069 5350 igitur
1093 5315 1099 5331 .
1123 5314 1131 5329 .
1155 5316 1161 5330 .
1187 5264 1321 5330 Cunctis
1344 5275 1453 5331 autem
1478 5315 1484 5330 .
1509 5316 1516 5329 .
1541 5313 1549 5330 .
1572 5267 1745 5331 inveniant.

66 5361 189 5423 Amen.
212 5357 302 5422 Am.
326 5355 446 5421 Amen.
470 5393 514 5403 -

282 5444 337 5532 (R)
360 5449 433 5530 Ego
458 5445 611 5510 Clemens
634 5444 796 5510 catholice
820 5445 956 5511 ecclesie
979 5446 1153 5530 episcopus
1175 5467 1217 5510 ss.
1240 5442 1302 5530 (M)

281 5571 326 5582 -
355 5535 375 5619 †
407 5537 481 5619 Ego
510 5536 681 5599 Laborans
717 5535 881 5618 presbiter
911 5536 1084 5599 cardinalis
1115 5543 1228 5599 sancte
1258 5535 1363 5599 Marie
1394 5543 1482 5599 trans
1511 5535 1668 5620 Tyberim
1699 5536 1748 5599 tic

497 5623 617 5688 Calixti
641 5645 684 5690 ss.
707 5621 754 5712 (1)

229 5767 255 5830 a)
274 5764 332 5814 Frer'
342 5733 562 5830 pedrssmssldcke
579 5780 627 5815 von
645 5765 725 5824 0,023
797 5764 824 5830 b)
844 5764 896 5830 aus
909 5765 995 5813 Ram
1065 5764 1090 5830 c)
1109 5764 1161 5827 auf
1175 5765 1259 5812 Rasur
1330 5763 1358 5830 d)
1376 5763 1429 5828 mas
1441 5763 1533 5813 Rarur.

1480 5843 1538 5906 47ΙΙ
