4090 6358
288 259 328 328 52

287 436 398 499 omnia
420 437 547 519 integra
569 447 799 500 conserventur
822 457 943 513 eorum,
976 457 1037 518 pro
1066 457 1204 519 quorum
1227 437 1466 518 gubernatione
1490 445 1524 499 et
1546 439 1783 501 sustentatione
1807 459 1979 503 concessa

286 535 369 601 sunt,
395 527 506 590 usibus
529 527 728 589 omnimodis
750 526 928 608 profutura,
952 527 1043 589 salva
1065 528 1099 589 in
1123 527 1276 590 omnibus
1300 537 1412 589 sancte
1427 527 1579 589 Romane
1602 528 1738 590 ecclesie
1759 531 1978 592 auctoritate.

286 615 322 679 Si
354 637 419 698 qua
451 617 547 698 igitur
577 618 609 678 in
640 615 782 678 futurum
806 616 1026 678 ecclesiastica
1056 616 1250 678 secularisve
1281 636 1430 697 persona,
1462 615 1547 678 hanc
1579 627 1690 679 nostre
1720 619 1979 682 constitutionis

286 706 441 786 paginam
465 707 577 780 sciens,
603 715 717 767 contra
741 725 813 767 eam
836 713 958 768 temere
981 706 1091 768 venire
1116 705 1333 787 temptaverit,
1358 705 1503 767 secundo
1534 706 1671 769 tertiove
1695 709 1912 784 commonita,
1947 710 1977 770 si

288 815 354 856 non
377 795 599 858 satisfactione
622 814 766 876 congrua
789 795 1022 869 emendaverit,
1046 796 1220 876 potestatis
1242 794 1442 875 honorisque
1466 795 1514 856 sui
1545 795 1705 876 dignitate
1729 808 1839 858 careat
1862 818 1977 860 ream-

288 904 351 964 que
382 905 417 947 se
448 885 558 947 divino
591 884 711 946 iudicio
735 885 875 946 existere
906 884 947 946 de
978 893 1167 966 perpetrata
1199 885 1370 965 iniquitate
1402 893 1595 965 cognoscat,
1629 894 1662 947 et
1693 905 1712 946 a
1744 888 1978 950 sacratissimo

289 993 426 1055 corpore
450 984 483 1036 et
505 973 662 1054 sanguine
686 973 738 1036 dei
764 983 797 1036 et
820 973 954 1048 domini,
979 974 1196 1055 redemptoris
1221 974 1322 1036 nostri
1345 973 1416 1036 lesu
1441 971 1574 1048 Christi,
1598 973 1704 1036 aliena
1727 974 1785 1036 fiat
1808 985 1914 1058 atque
1941 978 1977 1038 in

288 1073 435 1126 extremo
453 1063 604 1126 examine
621 1062 766 1125 districte
783 1062 915 1126 ultionis
931 1063 1107 1126 subiaceat.
1146 1061 1280 1126 Cunctis
1296 1070 1416 1138 autem,
1433 1063 1540 1124 eidem
1557 1062 1632 1125 loco
1650 1064 1733 1126 iusta
1749 1067 1977 1140 servantibus,

288 1152 329 1214 sit
351 1173 420 1234 pax
444 1153 569 1215 domini
593 1153 695 1215 nostri
718 1149 790 1214 Iesu
814 1151 942 1228 Christi,
973 1162 1133 1233 quatenus
1156 1151 1265 1215 ethic
1289 1152 1427 1214 fructum
1451 1152 1539 1215 bone
1563 1153 1702 1215 actionis
1725 1156 1916 1237 percipiant
1943 1168 1980 1218 et

289 1242 377 1324 apud
401 1244 582 1305 districtum
607 1241 749 1303 iudicem
772 1242 898 1322 premia
921 1253 1031 1304 eterne
1054 1243 1146 1323 pacis
1170 1243 1345 1304 inveniant.
1392 1241 1511 1304 Amen.
1535 1241 1654 1304 Amen.
1679 1243 1800 1306 Amen.

502 1331 558 1409 (R)
583 1329 655 1411 Ego
680 1329 862 1394 Celestinus
886 1330 1047 1393 catholice
1071 1332 1207 1394 ecclesie
1231 1332 1407 1413 episcopus
1429 1352 1470 1393 ss
1495 1331 1557 1410 (M)

503 1417 523 1502 ’ς
547 1420 621 1501 Ego
646 1419 756 1483 Guido
780 1420 942 1501 presbiter
965 1419 1138 1483 cardinalis
1161 1421 1209 1483 tit.
1235 1420 1337 1482 sancti
1362 1421 1538 1500 Grisogoni
1562 1441 1602 1482 ss.

504 1505 524 1590 †
547 1510 621 1590 Ego
644 1510 757 1571 Petrus
780 1509 942 1590 presbiter
966 1510 1139 1572 cardinalis
1163 1511 1210 1573 tit.
1234 1510 1377 1573 Pastoris
1400 1531 1441 1571 ss.

503 1595 523 1680 ’ς
547 1597 620 1679 Ego
645 1597 818 1661 Hubaldus
842 1599 1002 1680 presbiter
1026 1599 1199 1661 cardinalis
1222 1600 1269 1662 tit.
1293 1609 1406 1661 sancte
1428 1599 1585 1661 Praxedis
1608 1619 1648 1661 ss.

504 1685 524 1769 †
548 1687 621 1769 Ego
647 1687 837 1750 Manlredus
860 1689 1021 1769 presbiter
1044 1689 1217 1751 cardinalis
1241 1689 1288 1751 tit.
1312 1699 1425 1751 sancte
1448 1687 1568 1751 Savine
1592 1709 1632 1750 ss

504 1774 524 1859 ’ς
548 1777 621 1857 Ego
644 1774 833 1857 Stephanus
855 1778 1062 1840 Prenestinus
1086 1779 1263 1859 episcopus
1286 1799 1327 1840 ss.

504 1863 525 1947 †
548 1867 621 1947 Ego
644 1866 757 1929 Petrus
780 1866 981 1930 Albanensis
1005 1867 1181 1948 episcopus
1204 1889 1245 1929 ss

505 1951 525 2037 †
548 1954 621 2036 Ego
647 1957 729 2018 Otto
754 1956 911 2019 diaconus
934 1956 1106 2019 cardinalis
1131 1957 1173 2019 de
1195 1967 1309 2018 sancto
1333 1954 1477 2036 Georgio
1502 1956 1544 2017 ad
1566 1955 1687 2018 Velum
1710 1977 1844 2020 aureum
1868 1979 1910 2019 ss.

505 2041 525 2126 ’ς
549 2045 621 2126 Ego
645 2043 808 2107 lohannes
832 2045 988 2108 diaconus
1011 2045 1184 2108 cardinalis
1207 2055 1319 2108 sancte
1343 2045 1446 2107 Marie
1469 2065 1555 2107 nove
1578 2066 1618 2107 ss.

506 2130 526 2215 †
549 2134 622 2215 Ego
645 2134 817 2197 Rainerius
840 2135 1001 2216 presbiter
1024 2135 1198 2198 cardinalis
1221 2137 1268 2197 tit.
1292 2143 1405 2196 sancte
1428 2134 1536 2196 Prisce
1559 2155 1599 2196 ss.

506 2219 526 2305 †
550 2222 622 2305 Ego
647 2223 751 2287 Goizo
775 2225 937 2306 presbiter
959 2225 1133 2287 cardinalis
1155 2226 1203 2287 tit
1226 2233 1338 2286 sancte
1363 2221 1482 2285 Cecilie
1505 2244 1546 2286 ss.

506 2309 526 2394 †
550 2313 623 2394 Ego
647 2312 795 2376 Thomas
818 2314 979 2395 presbiter
1001 2313 1174 2377 cardinalis
1198 2315 1247 2376 tit.
1272 2323 1384 2376 sancte
1407 2313 1544 2375 Vestine
1567 2333 1608 2376 ss.

507 2398 527 2483 †
551 2402 625 2483 Ego
649 2402 772 2465 Imarus
795 2403 1046 2466 Tusculanensis
1070 2404 1246 2484 episcopus
1268 2425 1310 2465 ss.

507 2487 528 2571 t
551 2491 624 2572 Ego
649 2489 819 2556 Conradus
843 2489 1033 2555 Sabinensis
1057 2493 1233 2575 episcopus
1257 2513 1298 2555 ss.

507 2575 527 2660 †
549 2581 623 2661 Ego
648 2580 824 2662 Gregorius
849 2582 1005 2645 diaconus
1028 2582 1201 2644 cardinalis
1224 2592 1336 2645 sancte
1360 2581 1463 2643 Marie
1487 2581 1519 2642 in
1543 2581 1720 2642 Dominica
1743 2599 1783 2641 ss.

452 2668 528 2730 Dat.
544 2669 706 2744 Laterani,
731 2691 790 2751 per
814 2691 947 2734 manum
963 2671 1108 2746 Gerardi,
1133 2679 1245 2734 sancte
1267 2672 1419 2733 Romane
1443 2669 1580 2732 ecclesie
1603 2669 1773 2750 presbiteri
1799 2668 1975 2730 cardinalis

293 2775 331 2816 ac
354 2754 603 2820 bibliothecarii.
643 2760 776 2822 VNon.
801 2762 919 2823 Martii.
964 2761 1149 2823 Indictione
1172 2773 1231 2823 VII.
1270 2760 1506 2844 Incarnationis
1531 2759 1695 2821 dominice
1718 2778 1806 2820 anno
1823 2769 1973 2820 MCme.

292 2844 505 2908 Pontificatus
527 2867 605 2910 vero
631 2849 743 2911 domni
769 2849 922 2913 Celestini
947 2851 1100 2914 11PP.1.

453 2961 578 3024 Absckraft
598 2977 647 3009 aon
665 2964 836 3012 1815-1825
864 2963 897 3012 im
919 2965 975 3013 Cod.
999 2965 1057 3028 dipl.
1084 2963 1185 3027 capituli
1205 2963 1368 3012 Cremoomrsrs
1391 2969 1418 3027 p.
1439 2963 1498 3022 325,
1518 2961 1570 3012 320
1587 2977 1635 3010 von
1653 2961 1774 3010 rimandas
1793 2961 1913 3028 Dragani,
1941 2961 1975 3009 im

295 3029 395 3078 Palanao
414 3031 520 3082 Ponaone
536 3049 567 3080 au
589 3033 711 3082 Cremona.

453 3105 501 3152 Die
522 3105 637 3153 Urkamde
654 3105 685 3153 ist
701 3105 867 3171 nachtra'gliclr
885 3122 933 3156 von
951 3106 993 3154 der
1009 3105 1090 3154 Hand
1105 3105 1146 3155 des
1162 3105 1394 3171 Archrbkoadjutars
1409 3105 1497 3154 Ceredo
1514 3104 1664 3172 ehrgetragan
1684 3106 1767 3170 (vergl.
1787 3105 1823 3153 ata
1839 3105 1900 3155 tva.
1917 3121 1975 3154 vom

294 3172 327 3220 31
347 3171 422 3223 Mara
442 3177 526 3234 1095,¹
543 3178 604 3226 Acta
622 3177 653 3225 II
667 3177 715 3226 Nr.
737 3178 805 3244 193).
823 3207 851 3215 -
867 3178 915 3228 Die
935 3178 1115 3245 Zeugenfirmen
1132 3179 1191 3228 sind
1206 3179 1241 3228 bei
1257 3179 1300 3227 der
1317 3178 1442 3243 Abschnst
1458 3177 1484 3226 in
1506 3178 1661 3243 Umrdnang
1674 3176 1795 3242 gebracht.

1052 3463 1118 3538 Nr.
1152 3467 1212 3539 54.

299 3611 329 3675 C
329 3612 442 3676 olestin
459 3611 504 3676 II
520 3613 637 3676 nr'mmt
651 3613 713 3677 den
730 3611 1052 3678 Kanonz'kerkonaent
1066 3581 1126 3679 aon
1152 3613 1295 3678 Volterra
1312 3615 1345 3677 in
1359 3613 1590 3698 apostolisclzen
1605 3612 1723 3678 Schutz
1738 3614 1812 3677 und
1824 3613 1978 3698 bestdtrgtt

296 3701 364 3766 iam
379 3703 467 3766 seriae
482 3699 718 3767 Besa'tatla'a'mar
741 3705 811 3768 und
824 3704 950 3784 Rachte,
965 3705 1284 3872 εἶζζέἳέῖίιενιίἶίῆξ
1298 3704 1430 3768 Denare
1444 3703 1657 3768 Lucchesz'sclz
1679 3725 1722 3767 an
1742 3702 1796 3766 dia
1814 3701 1918 3766 Kuria
1932 3725 1974 3766 au

914 3931 997 3991 1144
1014 3929 1113 3992 Mara
1128 3932 1159 3991 3.
1206 3930 1359 3991 Lateran
1465 3995 1468 4000 Δ

454 4059 634 4125 Celestinus
665 4065 852 4146 episcopus,
884 4082 995 4125 servus
1023 4083 1191 4126 servorum
1216 4063 1279 4138 dei,
1312 4063 1437 4125 dilectis
1467 4061 1538 4124 filiis
1562 4061 1669 4125 Azoni
1700 4059 1972 4142 archipresbitero

295 4156 328 4211 et
351 4149 466 4211 ceteris
490 4149 685 4214 Vulterrane
716 4151 854 4215 ecclesie
887 4155 1060 4228 canonicis
1090 4161 1157 4215 tam
1190 4152 1395 4235 presentibus
1426 4171 1524 4232 quam
1555 4150 1680 4226 futuris
1711 4151 1869 4214 canonice
1898 4151 1972 4214 sub·

294 4239 466 4300 stituendis
491 4253 529 4301 IN
544 4253 621 4302 ΡΡΜ.
638 4277 682 4286 -
702 4237 706 4326 l
729 4240 912 4304 Commisso
934 4242 1028 4305 nobis
1052 4243 1235 4324 apostolice
1258 4243 1346 4304 sedis
1370 4242 1544 4304 auctoritas
1569 4260 1628 4303 nos
1651 4239 1809 4315 hortatur,
1833 4249 1869 4302 ut
1892 4241 1971 4304 locis

295 4335 326 4390 et
342 4328 496 4409 personis,
521 4330 587 4392 eius
611 4332 767 4394 auxilium
793 4331 971 4394 devotione
995 4331 1107 4394 debita
1130 4332 1390 4413 implorantibus,
1413 4331 1559 4393 tuitionis
1583 4329 1759 4411 presidium
1783 4331 1971 4412 impendere

295 4416 483 4479 debeamus.
532 4419 623 4500 Quia,
656 4423 739 4483 sicut
759 4416 764 4505 Ι
785 4421 901 4483 iniusta
932 4423 1123 4502 petentibus
1147 4421 1252 4484 nullus
1276 4429 1325 4483 est
1356 4420 1549 4483 tribuendus
1577 4419 1721 4494 effectus
1753 4419 1797 4482 ita
1827 4419 1970 4501 legitima

295 4513 330 4568 et
364 4509 446 4570 iusta
479 4513 685 4589 poscentium
717 4531 782 4573 non
814 4516 863 4572 est
899 4509 1081 4573 differenda
1111 4512 1238 4593 petitio
1291 4510 1493 4591 Eapropter,
1532 4507 1642 4571 dilecti
1673 4511 1705 4571 in
1737 4510 1875 4572 domino
1906 4509 1969 4586 tilii,

294 4597 408 4658 vestris
431 4596 520 4658 iustis
543 4599 818 4680 postulationibus
842 4599 1019 4662 clementer
1042 4603 1212 4663 annuimus
1244 4607 1276 4662 et
1304 4600 1464 4682 prefatam
1491 4598 1675 4673 ecclesiam,
1707 4600 1739 4660 in
1772 4617 1837 4678 qua
1861 4599 1969 4661 divino

295 4687 471 4768 mancipati
495 4688 571 4750 estis
595 4690 766 4769 obsequi0,
798 4687 858 4751 sub
890 4688 978 4752 beati
1002 4691 1089 4752 Petri
1113 4699 1146 4752 et
1170 4699 1280 4753 nostra
1304 4689 1510 4772 protectione
1533 4689 1727 4770 suscipimus
1759 4695 1791 4750 et
1815 4689 1969 4769 presentis

295 4777 408 4856 scripti
440 4776 610 4860 privilegio
642 4780 890 4841 communimus
941 4776 1146 4852 Statuentes,
1178 4787 1214 4841 ut
1245 4798 1469 4860 quascumque
1501 4778 1733 4861 possessiones,
1766 4797 1969 4858 quecumque

296 4864 384 4926 bona
407 4867 439 4927 in
464 4869 698 4948 presentiarum
723 4869 805 4930 iuste
829 4876 862 4929 et
879 4870 1035 4931 canonice
1052 4868 1229 4949 possidetis
1253 4874 1308 4930 aut
1329 4868 1360 4929 in
1376 4867 1518 4931 futurum
1541 4867 1754 4931 concessione
1771 4866 1968 4948 pontificum,

294 4954 466 5036 largitione
488 4975 601 5038 regum
625 4957 677 5020 vel
702 4959 895 5039 principum,
927 4957 1094 5020 oblatione
1118 4957 1262 5021 fidelium
1290 4976 1347 5018 seu
1372 4957 1443 5019 aliis
1472 4958 1563 5020 iustis
1594 4956 1702 5019 modis
1733 4956 1796 5017 deo
1828 4956 1968 5038 propitio

296 5046 446 5126 poteritis
467 5045 612 5128 adipisci,
636 5047 730 5109 firma
745 5047 839 5111 vobis
855 5049 1037 5127 vestrisque
1061 5046 1304 5110 successoribus
1325 5054 1359 5109 et
1381 5047 1502 5110 illibata
1527 5053 1749 5129 permaneant
1794 5045 1830 5106 ln
1855 5045 1968 5126 quibus

295 5131 358 5195 hec
381 5137 522 5216 propriis
546 5136 700 5200 duximus
724 5138 940 5218 exprimenda
962 5137 1150 5200 vocabulis:
1183 5135 1315 5218 plebem
1349 5137 1392 5199 de
1415 5133 1551 5217 Nigram
1584 5155 1658 5198 cum
1690 5135 1910 5197 decimatione
1938 5142 1969 5196 et

296 5222 432 5304 capellis
462 5227 545 5300 suis,
583 5225 714 5308 plebem
746 5226 788 5288 de
820 5226 906 5290 Villa
939 5247 1057 5308 magna
1090 5247 1163 5289 cum
1194 5226 1414 5288 decimatione
1445 5234 1479 5287 et
1509 5223 1641 5306 capellis
1673 5226 1754 5300 saie,
1785 5231 1909 5286 curtem
1938 5232 1968 5286 et

296 5314 468 5376 ecclesiam
500 5317 543 5378 de
573 5325 685 5379 sancta
715 5315 857 5397 Agatha,
889 5314 1059 5379 ecclesiam
1093 5316 1135 5378 de
1167 5312 1404 5391 Guardastello,
1439 5314 1598 5397 capellam
1630 5315 1673 5376 de
1705 5315 1820 5376 Monte
1851 5313 1967 5388 maiori,

296 5403 464 5466 ecclesiam
497 5406 539 5468 de
570 5405 735 5481 Nubiano,
769 5406 940 5468 ecclesiam
973 5406 1016 5468 de
1048 5403 1204 5482 Petriolo,
1235 5405 1489 5468 decimationem
1523 5403 1708 5467 Wlterrane
1740 5401 1851 5485 plebis
1887 5404 1967 5466 deci·

297 5495 477 5557 mationem
500 5496 541 5558 de
566 5495 748 5570 Monterio‚
781 5494 966 5558 oblationes
997 5514 1112 5558 omnes
1145 5495 1289 5558 eiusdem
1322 5493 1462 5558 ecclesie
1492 5501 1601 5578 preter
1632 5512 1740 5556 ceram
1765 5500 1799 5554 et
1821 5491 1967 5555 oleuma

458 5675 482 5740 1)
508 5673 584 5740 Vergl.
605 5673 643 5723 dic
664 5671 781 5722 Urlrunde
799 5687 854 5720 vom
872 5674 907 5722 29
925 5672 999 5737 April
1017 5673 1092 5720 1145.
