4090 6358
1686 327 1728 396 59

56 498 193 560 futurum
226 491 468 582 ecclesliastica]
500 495 694 560 secularisve
724 515 881 579 persona,
911 494 995 558 hanc
1026 503 1136 584 nostrp
1168 497 1406 562 constitutionis
1434 501 1587 583 paginam
1610 503 1726 580 scienS,

55 594 166 648 contra
188 604 262 647 eam
286 594 411 648 temere
434 586 546 649 venire
568 587 788 668 temptaverit,
811 586 956 648 secundo
980 584 1118 648 tertiove
1141 589 1351 664 commonita,
1373 589 1399 650 si
1420 610 1485 652 non
1502 590 1727 655 satisfactione

55 695 195 756 congrua
228 674 465 752 emendaverit,
503 678 678 758 potestatis
709 675 910 756 honorisque
939 675 988 737 sui
1020 675 1180 756 dignitate
1212 686 1322 740 careat
1362 698 1517 760 reamque
1547 699 1584 742 se
1616 682 1726 744 divino

56 764 174 828 iudicio
197 766 340 829 existere
364 765 407 826 de
430 772 619 847 perpetrata
642 765 812 845 iniquitate
828 771 1015 845 cognoscat,
1040 773 1073 826 et
1092 785 1111 827 a
1127 767 1345 830 sacratissimo
1362 788 1554 850 corporeae
1570 771 1726 851 sanguine

55 854 103 917 dei
126 861 161 916 et
184 855 320 928 domini,
353 854 571 937 redemptoris
601 857 704 918 nostri
728 853 800 918 Iesu
824 851 951 928 Christi,
983 853 1173 929 alienafiat,
1206 863 1305 937 atque
1337 859 1369 918 in
1392 866 1542 921 extremo
1575 859 1727 923 examine

55 946 198 1030 districte
222 943 334 1006 ultioni
357 944 534 1007 subiaceat.
580 942 711 1007 Cunctis
734 951 853 1018 autem,
878 943 983 1006 eidem
1004 941 1008 1026 Ι
1030 941 1103 1006 loco
1128 946 1212 1007 iusta
1226 946 1440 1024 servantibus,
1463 949 1505 1010 sit
1521 967 1587 1029 pax
1603 948 1725 1011 domini

55 1035 154 1096 nostri
178 1035 251 1096 Iesu
275 1031 403 1108 Christi,
431 1033 582 1116 quatinus
606 1031 714 1096 ethic
737 1031 877 1095 fructum
901 1032 988 1120 bone
1012 1033 1146 1095 aetionis
1170 1036 1354 1117 percipiant
1377 1045 1410 1100 et
1433 1037 1522 1119 apud
1546 1037 1725 1100 districtum

55 1124 193 1186 iudicem
218 1125 345 1206 premia
369 1130 482 1186 eterne
505 1123 596 1205 pacis
620 1124 795 1186 inveniant.
840 1118 959 1184 Amen.
983 1120 1061 1185 Am.
1084 1123 1203 1186 Amen.
1230 1159 1268 1169 -

264 1212 320 1292 (R)
344 1212 418 1294 Ego
440 1211 559 1275 Lucius
583 1212 743 1298 catholice
766 1209 905 1298 ecclesie
929 1212 1106 1293 episcopus
1130 1231 1171 1273 ss.
1195 1214 1257 1292 (M)

263 1337 307 1347 -
331 1298 351 1384 †
375 1299 448 1382 Ego
471 1300 620 1363 Thomas
643 1301 805 1383 presbiter
827 1299 997 1363 cardinalis
1021 1300 1067 1363 tit.
1091 1301 1230 1365 Vestine
1253 1322 1294 1365 ss.
1318 1299 1367 1386 (Ι)

264 1388 285 1474 †
308 1393 382 1473 Ego
399 1388 508 1453 Guido
532 1391 695 1473 presbiter
717 1389 889 1453 cardinalis
912 1392 961 1452 tit.
985 1397 1172 1453 sanctorum
1196 1391 1362 1456 Laurentii
1382 1395 1409 1475 a)
1433 1401 1467 1456 et
1481 1392 1615 1454 Damasi
1638 1412 1681 1454 ss.

264 1477 284 1562 †
308 1483 382 1562 Ego
405 1479 562 1543 Nicolaus
586 1481 750 1564 presbiter
772 1479 944 1543 cardinalis
967 1481 1014 1542 tit.
1038 1481 1141 1543 sancti
1165 1479 1277 1544 Ciriaci
1301 1501 1343 1545 ss.

264 1566 285 1652 †
309 1570 382 1652 Ego
407 1569 599 1633 Manlredus
623 1569 786 1652 presbiter
809 1569 982 1633 cardinalis
1006 1570 1054 1631 tit.
1077 1579 1191 1658 sancte
1214 1569 1333 1635 Savine
1357 1591 1398 1633 ss.

264 1656 285 1742 †
308 1660 381 1742 Ego
404 1658 506 1741 Hugo
529 1659 692 1741 presbiter
715 1658 885 1722 cardinalis
909 1661 957 1720 tit.
980 1659 1083 1721 saneti
1105 1660 1271 1723 Laurentii
1295 1661 1325 1723 in
1348 1660 1473 1724 Lucina
1496 1681 1537 1724 ss

264 1745 284 1834 †
308 1749 381 1830 Ego
405 1748 503 1812 Iulius
526 1749 690 1831 presbiter
713 1747 886 1812 cardinalis
910 1747 955 1810 tit.
979 1750 1083 1811 sancti
1108 1748 1254 1812 Marcelli
1276 1771 1318 1812 ss.

261 1873 307 1884 —
329 1836 349 1919 †
374 1838 446 1920 Ego
471 1836 646 1920 Gregorius
670 1839 828 1902 diaconus
852 1836 1021 1900 cardinalis
1044 1847 1231 1901 sanctorum
1255 1836 1360 1922 Sergii
1383 1846 1417 1902 et
1439 1837 1539 1901 Bachi
1562 1859 1604 1900 ss
1630 1839 1677 1919 (1)

263 1925 284 2008 †
307 1927 380 2009 Ego
405 1926 515 1991 Guido
539 1928 697 1991 diaconus
720 1926 892 1991 cardinalis
915 1934 1101 1991 sanctorum
1127 1926 1247 1990 Cosme
1271 1936 1304 1992 et
1327 1927 1479 1990 Damiani
1502 1948 1544 1990 ss

264 2013 285 2099 †
308 2018 381 2098 Ego
405 2014 606 2080 Octavianus
630 2018 787 2080 diaconus
812 2016 983 2080 cardinalis
1007 2017 1110 2080 sancti
1133 2015 1282 2080 Nicholai
1305 2018 1337 2080 in
1361 2037 1490 2081 carcere
1513 2016 1663 2080 Tulliano
1685 2037 1726 2079 ss.

263 2103 284 2186 †
308 2105 381 2187 Ego
406 2104 515 2170 Guido
540 2109 571 2168 in
594 2106 743 2169 Romana
767 2106 903 2170 ecclesia
926 2105 1036 2169 altaris
1059 2108 1206 2169 minister
1228 2109 1383 2190 indignus
1407 2126 1448 2168 ss
1473 2104 1522 2189 (2)

17 2251 18 2262 ,
264 2191 285 2277 †
307 2195 382 2276 Ego
404 2194 568 2259 Rodulfus
592 2195 749 2259 diaconus
773 2193 946 2259 cardinalis
969 2203 1080 2282 sancte
1102 2196 1202 2283 Lucie
1226 2197 1257 2260 in
1280 2196 1384 2279 Septa
1407 2196 1486 2259 solis
1508 2215 1550 2258 ss.
1575 2197 1622 2275 (1)

17 2277 19 2366 l
264 2285 285 2364 †
308 2284 381 2366 Ego
405 2282 582 2366 Gregorius
606 2285 761 2348 diaconus
785 2284 956 2348 cardinalis
979 2288 1083 2348 sancti
1106 2285 1227 2368 Angeli
1250 2306 1292 2348 ss,
1317 2282 1365 2370 (1)

17 2373 18 2390 ¹
128 2453 130 2466 Ι
196 2369 286 2435 'Dat
302 2373 463 2451 Laterani,
488 2395 546 2457 per
571 2396 702 2437 manum
719 2377 883 2450 BARoNtS,
907 2382 1019 2462 sanctp
1034 2374 1183 2462 Romane
1206 2374 1343 2438 ecclesie
1366 2373 1567 2437 subdiaconi.
1607 2385 1657 2435 vn
1672 2370 1726 2434 Kl.

17 2473 18 2478 ’
56 2461 114 2523 lun.
158 2459 343 2526 Indictione
367 2475 426 2526 V11.
472 2463 707 2528 Incarnationis
739 2465 903 2552 dominice
934 2484 1019 2528 anno
1051 2476 1210 2528 MCXLIIII.
1256 2463 1468 2529 Pontificatus
1500 2483 1579 2527 vero
1612 2463 1726 2525 domni

57 2549 140 2612 Lucii
164 2549 228 2614 ΡΡ.
251 2572 339 2616 anno
364 2555 482 2636 primo.
507 2590 547 2600 -

213 2666 256 2718 Or.
277 2665 387 2735 (Angr'oli
400 2667 427 2717 di
443 2667 515 2718 Simu
533 2670 568 2718 26
587 2666 656 2734 Mag.
676 2667 756 2733 1144)
774 2667 830 2716 und
843 2667 907 2731 Kop.
930 2667 974 2717 der
998 2667 1077 2732 Comp.
1103 2667 1130 2716 di
1149 2667 1297 2732 Comparare
1323 2668 1350 2718 di
1367 2669 1457 2718 diversi
1471 2667 1574 2718 Archivi
1591 2668 1610 2716 I
1617 2674 1644 2731 p.
1664 2665 1725 2725 299,

59 2735 87 2784 ira
102 2735 214 2786 Archrbt'o
236 2739 264 2786 di
281 2739 363 2799 Stato;
393 2740 433 2789 des
450 2739 508 2789 MS.
526 2741 558 2790 B.
582 2739 624 2788 Vl.
643 2740 676 2789 13
692 2746 716 2802 p.
736 2741 794 2798 410,
813 2739 839 2788 in
857 2740 900 2788 der
917 2739 981 2789 Bibl.
1001 2739 1115 2788 Robrica
1130 2755 1160 2788 su
1178 2739 1259 2790 St'ena.

212 2810 283 2876 Perg.
301 2811 361 2870 irat,
386 2812 442 2861 oben
459 2811 524 2860 laida
546 2811 632 2861 isirin
651 2811 882 2876 Stackabgerissm,
902 2813 938 2860 br.
956 2812 1040 2874 0,525,
1066 2813 1127 2876 lang
1144 2813 1213 2872 OM,
1237 2816 1314 2860 unim
1332 2813 1412 2872 0‚025
1429 2811 1624 2878 umgrsclrlagm,
1649 2807 1726 2856 durch

60 2880 109 2927 :anri
119 2881 210 2930 Lir'clrer
222 2883 287 2948 ging
303 2883 340 2933 die
352 2883 457 2942 Schrmr,
477 2883 514 2933 die
531 2884 576 2933 mit
593 2884 645 2933 dem
658 2883 738 2948 Siegel
750 2885 866 2932 verlorm.
896 2882 1004 2948 Fallung
1021 2884 1064 2932 der
1075 2884 1172 2932 Bullm.
1210 2883 1306 2932 Initiale
1323 2881 1486 2948 weggmtsem
1505 2889 1530 2932 ct
1547 2883 1573 2931 in
1591 2881 1635 2929 der
1651 2887 1727 2930 ersten

61 2950 113 2999 Zeile
133 2954 177 3000 mit
198 2955 256 3002 oben
275 2955 459 3020 abgebucktetem
477 2956 558 3020 Bogm
576 2955 721 3004 unbundm.
763 2954 919 3020 Verennigrmg
935 2955 982 3002 Nr.
1006 2960 1016 3002 1
1040 2955 1091 3019 Juo
1112 2955 1162 3002 Pur
1176 2989 1183 3002 .
1198 2989 1214 3016 .,
1239 2955 1302 3019 imJ
1321 2955 1428 3014 venien,
1452 2955 1536 3015 betont,
1553 2954 1622 3018 fitllt
1640 2953 1725 3011 0,055.

61 3021 137 3088 Einr'ge
156 3024 364 3078 Personmnamen
382 3026 415 3075 im
432 3027 574 3090 Konscripte
591 3027 650 3076 sind
665 3026 786 3091 halblang.
826 3027 872 3075 Die
891 3025 1031 3090 Majuskeln
1048 3032 1121 3075 choas
1138 3026 1335 3092 invergehoben,
1363 3027 1443 3092 gmit
1459 3023 1727 3076 Echoicktlrclmdrdel·

59 3099 196 3162 mahange.
235 3098 285 3146 Die
305 3099 453 3164 Oberlrtngen
471 3099 576 3148 siemliclr
598 3098 661 3162 steif,
685 3098 722 3146 die
740 3097 835 3162 Sckn'si
849 3097 905 3146 sehr
921 3097 984 3147 klar.
1022 3097 1165 3146 Zeilerrweite
1175 3098 1236 3162 sort
1251 3099 1339 3158 0,022.
1374 3097 1439 3147 Drei
1453 3100 1531 3146 Amen
1549 3095 1596 3146 Nr.
1615 3098 1639 3156 7,
1658 3102 1728 3143 ersres

17 3229 18 3232 Ἴ
59 3169 106 3214 und
119 3171 194 3217 letales
208 3171 337 3234 grstreckte
360 3170 519 3230 Buchslaberr,
543 3170 667 3220 schlr'esscn
692 3169 729 3218 die
752 3171 815 3218 letale
833 3169 902 3219 Zeile.
939 3171 1002 3218 Rota
1019 3169 1067 3218 Nr.
1089 3174 1111 3228 1,
1130 3170 1306 3218 Durclrmesser
1322 3170 1410 3229 0,062,
1434 3185 1482 3219 von
1507 3169 1551 3218 der
1566 3169 1647 3216 letzim
1666 3165 1728 3214 Zeile

17 3249 18 3252 ’
60 3240 136 3298 0,008.
173 3239 346 3306 ιὶίοηομανηνιι
364 3242 411 3290 Nr.
429 3245 468 3302 2⁰,
487 3242 546 3290 loclr
566 3245 651 3305 0,065,
676 3241 735 3290 brer't
751 3241 839 3301 0‚035,
865 3241 956 3290 Srn'clre
978 3241 1127 3300 mittelstark,
1152 3257 1199 3290 von
1225 3242 1268 3302 der
1292 3245 1373 3290 letzem
1392 3239 1453 3290 Zeilc
1471 3243 1540 3301 o,01.
1579 3237 1727 3299 Querbulkm

17 3327 18 3332 ¹
60 3311 93 3359 des
107 3311 266 3377 Rr'ngkrmacs
283 3314 339 3362 und
354 3315 411 3378 Ego
435 3315 480 3362 der
499 3313 731 3379 Untrrschriftsart
753 3311 872 3362 schwane
890 3312 970 3370 Diale,
995 3313 1083 3376 Sclrast
1105 3313 1144 3362 des
1162 3313 1278 3373 Ir'reuzcs,
1311 3312 1447 3378 (Jnrsclm'fl
1463 3313 1518 3362 und
1538 3311 1619 3375 r'ibrr'ge
1641 3309 1727 3358 (litter-

17 3397 19 3442 3
59 3383 136 3447 rcln‘sr
152 3385 228 3443 (arch
246 3385 282 3450 ss)
302 3385 339 3434 die
355 3386 430 3434 Dima
448 3385 489 3434 des
506 3385 694 3450 Hauptko'rpers.
732 3384 861 3449 Datimng
876 3399 929 3432 vora
948 3385 1071 3434 Sclrreiber
1087 3384 1128 3432 des
1144 3385 1259 3445 leruerm,
1282 3385 1388 3434 Batonis
1406 3385 1451 3434 mit
1468 3385 1570 3434 bellem
1587 3381 1661 3431 Diam
1679 3380 1727 3428 rin-

58 3463 165 3521 grtragen.
204 3457 387 3524 Zerrgensrrmen
404 3455 510 3508 ar'errrlr'ch
527 3460 574 3507 alle
588 3457 678 3524 gleichc
696 3457 778 3516 Diale,
797 3457 891 3506 Hrt'nde
907 3455 1031 3505 tluilwca'rc
1047 3456 1205 3507 verschiedm.

17 3637 19 3680 l

17 3707 19 3744 l

808 3793 875 3868 Nr.
908 3797 968 3870 59.

63 3941 166 4008 Lucius
184 3944 229 4008 II
247 3941 367 4007 nimmt
387 3943 449 4006 das
472 3941 601 4008 Kloster
620 3943 770 4008 Colomba
786 3951 802 4025 (
803 3944 847 4008 D.
865 3945 1041 4028 Procenza)
1059 3944 1092 4006 in
1114 3941 1344 4027 apostolisclen
1359 3941 1477 4006 Sclrutz
1492 3942 1562 4006 und
1577 3942 1729 4027 bestc'itigt

17 4031 19 4090 ἱ
688 4034 778 4097 seine
797 4034 1035 4098 Besitathrimer
1052 4035 1089 4117 ¹).

17 4119 19 4212 l
674 4169 758 4228 1144
775 4165 854 4241 Juli
868 4170 920 4230 12.
951 4168 1102 4231 Lateran.

17 4251 19 4276 r

17 4291 19 4324 l

17 4371 18 4376 η
207 4301 330 4366 LUcius
354 4302 539 4384 episcopus,
563 4320 676 4364 servus
700 4321 869 4364 servorum
893 4301 953 4376 dei,
985 4301 1113 4364 dilectis
1136 4302 1168 4363 in
1193 4298 1322 4366 Christo
1346 4301 1417 4365 filiis
1440 4301 1584 4378 lohanni,
1614 4301 1727 4364 abbati

63 4391 242 4454 venerabilis
272 4392 478 4466 monasterii,
518 4391 570 4452 siti
600 4392 633 4452 in
663 4390 756 4466 loco,
795 4393 850 4471 qui
883 4390 1045 4455 Columba
1062 4391 1089 4472 ¹)
1130 4388 1245 4452 dicitur
1282 4399 1315 4454 et
1345 4391 1516 4456 Carectum
1551 4392 1727 4471 antiquitus

17 4481 18 4484 ’
63 4481 238 4556 vocabatur,
261 4483 384 4561 quique
408 4482 441 4543 in
465 4479 655 4543 Placentino
679 4480 872 4563 episcopatu
896 4481 974 4542 situs
998 4488 1057 4556 est,
1087 4481 1222 4560 eiusque
1246 4477 1406 4556 iratribus
1428 4489 1496 4544 tam
1521 4480 1726 4563 presentibus

65 4585 149 4645 quam
170 4572 297 4648 futuris,
318 4567 323 4654 Ι
344 4568 525 4652 regularem
550 4571 650 4633 vitam
675 4569 833 4652 professis
856 4583 895 4632 ΙΝ
918 4581 995 4631 ΡΡΜ.
1042 4568 1261 4646 Desiderium,
1286 4571 1375 4650 quod
1399 4571 1441 4633 ad
1465 4570 1629 4652 religionis
1652 4591 1726 4653 pro·

65 4661 192 4734 positum
217 4669 251 4723 et
274 4661 457 4723 animarum
480 4658 617 4722 salutem
642 4661 806 4740 pertinere
830 4667 1037 4734 monstratur,
1066 4660 1176 4722 animo
1201 4679 1261 4721 nos
1285 4661 1381 4722 decet
1404 4659 1518 4723 libenti
1541 4660 1726 4723 concedere

17 4757 18 4798 l
65 4753 91 4806 et
117 4751 292 4829 petentium
326 4747 496 4812 desideriis
528 4768 708 4829 congruum
739 4749 897 4831 impertiri
925 4746 930 4835 l
956 4747 1154 4830 suffragium.
1208 4745 1317 4828 Quam
1350 4748 1393 4811 ob
1432 4769 1517 4826 rem,
1555 4749 1663 4811 dilecti
1693 4753 1726 4812 in

17 4853 19 4918 r
65 4834 185 4903 domino
209 4838 273 4917 filii,
295 4839 412 4902 vestris
436 4837 526 4901 iustis
550 4836 825 4919 postulationibus
848 4837 1026 4901 clementer
1049 4838 1228 4912 annuimus
1252 4846 1284 4901 et
1304 4837 1468 4922 prefatum
1484 4839 1725 4914 monasterium,

17 4953 19 5010 r
64 4924 91 4984 in
111 4947 171 5008 quo
196 4929 310 4992 divino
335 4928 511 5008 mancipati
537 4929 615 4989 estis
640 4927 809 5006 obsequio,
833 4928 895 4991 sub
919 4928 1006 4991 beati
1023 4925 1109 4990 Petri
1125 4933 1158 4989 et
1174 4934 1285 4990 nostra
1300 4929 1507 5010 protectione
1522 4929 1726 5010 suscipimus,

17 5011 19 5102 l
66 5021 92 5074 et
112 5021 267 5097 presentis
291 5019 404 5099 scripti
429 5015 600 5098 privilegio
625 5018 875 5080 communimus.
922 5015 1118 5091 Statuentes,
1149 5024 1185 5076 ut
1211 5037 1434 5097 quascumque
1466 5013 1725 5104 po[slsessiones,

17 5125 19 5190 j
66 5123 257 5190 quecumque
281 5107 372 5170 bona
394 5106 482 5169 idem
507 5104 599 5167 locus
623 5107 655 5168 in
680 5107 917 5189 presentiarum
941 5106 1024 5169 iuste
1047 5113 1079 5169 et
1103 5105 1257 5168 canonice
1281 5107 1431 5189 possidet
1453 5115 1510 5171 aut
1533 5109 1565 5170 in
1582 5106 1724 5170 futurum

17 5193 19 5276 l
66 5197 262 5260 concessione
278 5195 479 5279 pontificum,
502 5193 673 5275 largitione
696 5215 809 5277 regum
827 5195 878 5258 vel
901 5197 1094 5278 principum,
1119 5193 1285 5259 oblatione
1308 5195 1452 5260 fidelium
1469 5217 1526 5260 seu
1542 5195 1611 5258 aliis
1635 5199 1726 5259 iustis

17 5281 19 5358 l
66 5284 156 5347 modis
185 5287 250 5350 deo
282 5285 427 5368 propitio
466 5285 589 5366 poterit
619 5285 772 5368 adipisci,
804 5284 897 5348 firma
923 5285 1018 5348 vobis
1050 5284 1230 5363 vestrisque
1260 5287 1502 5350 successoribus
1539 5293 1572 5348 et
1602 5285 1726 5349 illibata

17 5359 20 5478 l
66 5383 269 5450 permaneant.
322 5374 359 5438 In
393 5373 512 5457 quibus
544 5372 606 5462 hec
643 5373 830 5456 specialiter
867 5375 1022 5438 duximus
1052 5375 1256 5438 annotanda:
1295 5395 1409 5440 omnes
1440 5375 1592 5439 videlicet
1623 5383 1725 5438 terras

17 5481 20 5652 i
155 5641 160 5652 Ι
207 5572 233 5636 a)
252 5571 319 5620 Laur
335 5571 388 5634 arcs
408 5569 684 5653 Ir'arur.-·.1)Zu
704 5585 810 5636 grassem
829 5569 1012 5652 Dankenfitlrle
1028 5567 1146 5652 ich'rnicl
1165 5568 1217 5618 dem
1235 5569 1319 5620 Hem
1340 5569 1408 5635 Prof.
1428 5568 1596 5654 Ronchim'
1604 5571 1657 5635 fiir
1675 5571 1725 5620 sein

66 5635 1078 5782 erem
1234 5713 1652 5780 „n

1475 5794 1513 5846 82
