4090 6358
1671 339 1709 402 81

50 527 220 592 clementer
242 524 422 600 annuimus,
447 534 480 588 et
502 519 664 606 prefatam
689 523 833 599 domum,
866 523 898 587 in
923 544 988 605 qua
1011 523 1121 587 divino
1144 526 1323 607 mancipati
1347 527 1424 590 estis
1448 527 1618 608 obsequio
1651 527 1712 590 sub

50 619 131 680 beati
154 616 239 679 Petri
264 625 296 678 et
319 625 431 676 nostra
452 615 659 696 protectione
682 613 875 692 suscipimus
898 624 931 675 et
954 615 1114 694 presentis
1137 615 1248 696 scripti
1268 617 1440 698 privilegio
1465 617 1712 679 communimus.

50 709 240 780 statuentes,
265 714 300 766 ut
324 724 545 785 quascumque
568 702 800 784 possessiones
826 721 1030 784 quecumque
1049 703 1139 765 bona
1155 703 1271 766 eadem
1289 705 1406 768 domus
1422 706 1456 768 in
1471 706 1713 788 presenciarum

50 798 125 860 iuste
148 806 182 858 et
212 794 370 857 canonice
400 792 557 874 possidet,
589 802 644 854 aut
675 793 707 853 in
740 791 881 854 futurum
916 791 1126 854 concessione
1157 792 1358 874 pontificum,
1393 795 1570 876 largicione
1599 815 1713 875 regum

49 885 95 948 vel
117 884 315 966 principum,
340 882 508 945 oblatione
531 881 676 944 fidelium
699 900 755 942 seu
779 880 849 942 aliis
882 881 972 944 iustis
1003 881 1111 943 modis
1143 882 1206 943 deo
1237 884 1383 964 propitio
1413 886 1535 965 poterit
1566 884 1712 966 adipisci,

51 975 136 1036 firma
157 973 253 1035 vobis
275 972 457 1052 vestrisque
487 970 726 1034 successoribus
750 979 783 1031 et
807 969 932 1032 illibata
954 981 1177 1051 permaneant.
1222 970 1310 1034 Sane
1342 972 1492 1036 laborum
1522 984 1713 1049 vestrorum,

51 1083 126 1143 quos
148 1061 291 1144 propriis
314 1061 465 1123 manibus
489 1070 544 1122 aut
566 1059 752 1140 sumptibus
776 1058 891 1134 colitiS,
922 1060 990 1122 sive
1014 1059 1055 1121 de
1083 1061 1288 1122 nutrimentis
1310 1072 1492 1125 vestrorum
1525 1061 1713 1126 animalium

52 1153 148 1215 nullus
172 1151 307 1213 omnino
332 1170 351 1212 a
373 1150 469 1212 vobis
494 1150 638 1212 decimas
661 1150 792 1228 exigere
815 1159 990 1228 presumat.
1036 1149 1250 1211 Decernimus
1281 1170 1369 1231 ergo,
1402 1161 1436 1213 ut
1467 1152 1544 1214 nulli
1577 1152 1712 1214 omnino

51 1236 213 1304 hominum
237 1240 341 1314 liceat,
373 1238 535 1320 prefatam
559 1238 694 1299 domum
718 1247 840 1298 temere
869 1237 1060 1317 perturbare
1091 1247 1147 1299 aut
1170 1239 1238 1300 eius
1268 1241 1491 1319 possessiones
1515 1241 1639 1304 auferre
1661 1240 1714 1302 vel

51 1331 170 1393 ablatas
202 1329 353 1404 retinere,
385 1329 528 1390 minuere
559 1336 615 1389 aut
638 1326 801 1408 aliquibus
828 1326 1063 1389 vexacionibus
1093 1327 1244 1408 fatigare,
1275 1328 1333 1390 sed
1364 1330 1452 1391 omia
1482 1331 1608 1412 integra
1638 1350 1712 1392 con-

51 1429 219 1493 serventur,
243 1419 357 1480 vestris
381 1427 413 1479 et
436 1417 582 1492 aliorum,
606 1437 666 1497 pro
691 1435 828 1496 quorum
851 1415 1094 1497 gubernacione
1118 1426 1150 1478 et
1172 1416 1438 1481 substentacione
1458 1440 1614 1482 concessa
1629 1427 1712 1493 sunt,

51 1509 153 1572 usibus
177 1506 377 1569 omnimodis
400 1506 578 1587 profutura,
601 1506 691 1568 salva
713 1505 800 1567 sedis
824 1505 1006 1586 apostolice
1029 1506 1231 1568 auctoritate.
1269 1506 1303 1569 Si
1322 1527 1387 1588 qua
1402 1508 1500 1589 igitur
1519 1509 1551 1570 in
1573 1507 1713 1570 futurum

52 1597 264 1661 ecclesiastica
286 1595 479 1658 secularisve
502 1614 651 1677 persona,
676 1593 761 1656 hanc
784 1605 894 1656 nostre
918 1595 1163 1656 constitucionis
1186 1596 1342 1676 paginam
1366 1598 1479 1673 sciens,
1504 1607 1618 1660 contra
1641 1617 1714 1659 earn

51 1699 166 1750 temere
195 1685 307 1747 venire
339 1686 555 1765 temptaverit,
587 1683 732 1746 secundo
762 1683 900 1745 tertiove
923 1684 1133 1759 commonita,
1163 1685 1188 1746 si
1220 1704 1287 1746 non
1317 1686 1540 1749 satisfactione
1571 1706 1715 1767 congrua

52 1775 276 1849 emendaverit,
300 1775 473 1855 potestatis
493 1773 693 1853 honorisque
709 1773 757 1834 sui
774 1772 934 1853 dignitate
957 1783 1066 1836 careat
1089 1792 1244 1854 reamque
1259 1795 1294 1836 se
1311 1774 1422 1837 divino
1439 1776 1559 1838 iudicio
1576 1776 1714 1838 existere

53 1867 89 1928 de
110 1872 300 1946 perpetrata
323 1863 494 1943 iniquitate
517 1871 705 1944 cognoscat,
730 1871 762 1923 et
786 1881 805 1923 a
827 1863 1046 1924 sacratissimo
1070 1882 1209 1943 corpore
1232 1884 1271 1926 ac
1286 1865 1445 1945 sanguine
1461 1865 1513 1926 dei
1531 1874 1563 1927 et
1580 1864 1713 1939 domini,

51 1953 262 2034 redemptoris
285 1952 387 2013 nostri
410 1952 481 2014 lesu
505 1951 633 2026 Christi,
664 1949 857 2026 alienafiat,
890 1961 989 2032 atque
1013 1952 1045 2013 in
1070 1962 1217 2014 extremo
1248 1953 1400 2015 examine
1431 1954 1576 2016 districte
1600 1952 1714 2015 ultioni

10 2087 11 2096 .
51 2045 220 2106 subiaceat.
271 2039 404 2102 Cunctis
435 2051 553 2117 autern,
585 2041 692 2102 eidem
725 2039 799 2101 loco
831 2040 916 2102 iusta
944 2040 1156 2116 servantibus
1186 2043 1228 2103 sit
1258 2062 1327 2121 pax
1360 2042 1484 2104 domini
1518 2043 1619 2106 nostri
1643 2042 1714 2104 lesu

52 2132 171 2208 Christi,
205 2139 366 2212 quatenus
395 2139 429 2192 et
451 2129 504 2192 hic
527 2130 666 2192 fructum
689 2128 777 2192 bone
800 2129 938 2190 actionis
960 2130 1144 2211 percipiant
1178 2140 1210 2192 et
1242 2132 1330 2212 apud
1362 2131 1542 2194 districtum
1573 2132 1714 2195 iudicem

53 2223 170 2303 premia
193 2231 305 2284 eterne
328 2220 419 2299 pacis
443 2219 617 2281 inveniant.
662 2218 781 2280 Amen.
804 2217 924 2280 Amen.
947 2218 1066 2281 Amen.

259 2308 313 2388 (R)
337 2307 410 2389 Ego
434 2305 600 2389 Eugenius
623 2307 784 2369 catholice
808 2307 943 2370 ecclesie
967 2310 1141 2389 episcopus
1164 2329 1206 2370 ss.
1231 2309 1293 2388 (M)

258 2399 278 2480 †
302 2398 375 2479 Ego
399 2396 640 2460 Theodewinus
663 2406 775 2458 sancte
798 2396 929 2459 Ruffine
952 2399 1127 2479 episcopus
1150 2417 1191 2460 ss.

257 2487 277 2570 †
301 2487 374 2567 Ego
398 2486 571 2549 Albericus
595 2487 756 2550 Ostiensis
780 2485 956 2567 episcopus
978 2507 1019 2550 ss.

257 2610 302 2621 -
324 2577 344 2658 †
366 2574 440 2658 Ego
464 2576 572 2640 Guido
597 2576 757 2657 presbiter
780 2575 952 2637 cardinalis
974 2577 1021 2638 tit.
1046 2576 1148 2639 sancti
1173 2575 1348 2657 Grisogoni
1372 2597 1413 2638 ss

257 2666 278 2749 †
302 2665 375 2745 Ego
398 2665 606 2728 Humbaldus
629 2665 790 2746 presbiter
814 2664 986 2727 cardinalis
1009 2666 1057 2727 tit.
1082 2675 1268 2728 sauctorum
1291 2665 1445 2727 Iohannis
1468 2674 1501 2727 et
1522 2664 1612 2727 Pauli
1628 2684 1669 2726 ss

257 2755 278 2836 †
301 2755 374 2835 Ego
398 2754 507 2817 Guido
530 2754 691 2836 presbiter
714 2753 886 2816 cardinalis
910 2754 956 2815 tit.
979 2764 1167 2817 sanctorum
1189 2755 1360 2816 Laurencii
1384 2765 1417 2816 et
1438 2755 1574 2817 Damasi
1598 2774 1639 2816 ss

257 2844 278 2925 †
302 2843 375 2924 Ego
398 2843 581 2906 Bernardus
604 2843 765 2925 presbiter
788 2842 961 2905 cardinalis
984 2843 1031 2906 tit.
1055 2853 1167 2906 sancte
1190 2843 1366 2906 Clementis
1388 2865 1430 2906 ss.

258 2933 279 3014 †
301 2933 375 3013 Ego
399 2932 556 2995 lordanus
578 2932 740 3014 presbiter
762 2931 934 2994 cardinalis
956 2933 1005 2995 tit.
1029 2943 1141 2995 sancte
1164 2929 1313 2995 Susanne
1335 2953 1376 2996 ss.

259 3056 303 3064 -
325 3022 346 3105 †
368 3021 442 3102 Ego
467 3022 568 3085 Oddo
592 3023 748 3084 diaconus
772 3021 944 3084 cardinalis
967 3022 1070 3084 sancti
1095 3021 1227 3103 Georgii
1251 3021 1294 3083 ad
1316 3021 1435 3085 Velum
1460 3041 1592 3083 aureum
1615 3042 1656 3084 ss.

258 3110 279 3192 †
302 3109 375 3191 Ego
399 3111 600 3174 Octavianus
623 3111 780 3172 diaconus
804 3109 976 3173 cardinalis
999 3112 1103 3174 sancti
1127 3111 1255 3173 Nicolai
1289 3112 1321 3172 in
1345 3131 1473 3174 carcere
1497 3110 1649 3173 Tulliano
1673 3131 1713 3172 ss.

258 3200 278 3283 †
303 3198 376 3280 Ego
400 3199 576 3282 Gregorius
599 3200 757 3262 diaconus
780 3199 953 3262 cardinalis
976 3201 1079 3262 sancti
1102 3199 1223 3281 Angeli
1247 3220 1287 3262 ss

259 3289 279 3370 †
303 3289 376 3370 Ego
401 3289 509 3353 Guido
534 3289 691 3351 diaconus
715 3287 887 3351 cardinalis
910 3299 1022 3351 sancte
1046 3289 1149 3351 Marie
1173 3290 1205 3351 in
1228 3289 1358 3351 Porticu
1381 3309 1422 3350 ss.

205 3376 283 3439 Dat.
306 3377 442 3453 Viterbi‚
474 3398 534 3460 per
564 3398 697 3440 manum
720 3377 867 3452 BaroniS,
898 3389 1011 3440 sancte
1041 3379 1191 3441 Romane
1222 3378 1358 3440 ecclesie
1388 3377 1591 3440 subdiaconi.
1638 3376 1714 3440 ldns

55 3463 225 3527 Novembr.
264 3466 447 3529 indictione
462 3482 494 3530 x.
532 3467 768 3530 Incamationis
792 3467 955 3529 dominice
979 3487 1065 3529 anno
1082 3479 1225 3530 MCXLvl.
1263 3467 1475 3530 Pontificatus
1497 3487 1575 3529 vero
1601 3467 1714 3529 domni

55 3552 184 3635 Eugenii
208 3571 247 3616 111
270 3576 326 3637 pp.
351 3576 438 3618 anno
462 3574 494 3618 11.

205 3669 330 3735 Abschrr’fi
345 3686 399 3719 vom
419 3671 452 3720 13
468 3670 506 3721 od.
526 3673 558 3719 14
580 3670 671 3736 Jahrlr.
691 3671 730 3720 des
748 3667 886 3735 Regritrum
905 3668 1026 3735 Magnum
1039 3676 1068 3734 p.
1088 3672 1145 3730 558,
1165 3669 1198 3718 im
1216 3669 1330 3719 Archivrb
1347 3667 1495 3734 Mum'cipale
1513 3685 1542 3718 eu
1563 3669 1684 3718 fihcenza.

802 3954 869 4029 ΝΥ.
901 3955 962 4027 80.

55 4079 159 4167 Eugen
176 4085 242 4150 III
259 4087 455 4152 beurkundet
474 4087 548 4152 dem
574 4085 704 4150 Kloster
729 4085 847 4150 Ceredo
865 4088 892 4162 ¹)
918 4084 977 4167 (D.
1002 4085 1110 4170 Lodi),
1133 4085 1212 4148 dass
1234 4106 1271 4148 er
1292 4083 1535 4168 Stree'tz'gkee'ten
1556 4085 1716 4150 zwiscleen

55 4172 167 4238 diesem
192 4177 261 4240 und
279 4175 353 4241 dem
369 4177 523 4257 Beseleose
545 4175 720 4256 Lanfrank
741 4196 803 4239 von
826 4172 912 4238 Lode'
930 4195 1039 4256 wegen
1067 4174 1123 4237 des
1145 4173 1234 4254 Hoss
1255 4195 1316 4238 von
1331 4175 1493 4239 Pe'aezano
1514 4197 1555 4241 zu
1575 4174 1716 4239 Gunsten

645 4265 702 4328 des
726 4263 872 4328 Klosters
894 4264 1071 4327 entsclzez'de
1088 4265 1123 4344 ²).

614 4401 699 4462 1146
718 4397 903 4462 November
914 4401 969 4461 28.
1017 4396 1149 4460 Viterbo.

207 4533 372 4615 Eugenius
396 4535 578 4616 episcopus,
609 4555 719 4596 servus
743 4553 909 4596 servorum
933 4533 995 4608 dei,
1026 4532 1152 4594 dilectis
1175 4531 1249 4594 filiis
1295 4532 1349 4595 M.
1370 4531 1483 4595 abbati
1507 4542 1540 4595 et
1564 4533 1716 4596 fratribus

58 4616 93 4680 de
115 4619 248 4684 Cerreto
280 4625 417 4687 salutem
448 4634 481 4686 et
513 4624 730 4704 apostolicam
761 4622 1034 4703 benedictionem.
1084 4618 1191 4703 Super
1220 4621 1342 4684 iniuriis
1374 4631 1407 4683 et
1439 4622 1716 4703 oppressionibus,

59 4725 114 4787 que
145 4731 164 4772 a
196 4710 293 4775 fratre
324 4724 436 4776 nostro
465 4713 696 4792 L(anlranco),
728 4711 892 4773 Laudensi
924 4711 1082 4792 episcopo
1100 4709 1138 4793 ³),
1170 4721 1203 4774 et
1226 4710 1442 4791 complicibus
1471 4712 1535 4773 suis
1567 4712 1631 4773 iarn
1661 4711 1716 4773 diu

57 4797 143 4861 vobis
166 4800 255 4864 illate
278 4813 361 4878 sunt,
394 4813 531 4883 paterno
555 4801 672 4864 affectu
696 4801 842 4864 dolemus
871 4811 904 4863 et
928 4800 970 4862 ad
993 4819 1110 4880 pacem
1133 4810 1166 4862 et
1194 4800 1463 4881 tranquillitatem
1484 4809 1626 4863 vestram
1655 4821 1716 4882 pro

59 4890 149 4950 nostri
174 4889 273 4953 officii
299 4892 412 4954 debito
436 4891 575 4953 libenter
597 4890 804 4952 intendimus.
844 4889 1053 4952 Manifestum
1069 4889 1231 4970 siquidem
1248 4899 1304 4965 est,
1330 4889 1420 4970 quod
1437 4889 1525 4952 idem
1541 4891 1717 4971 episcopus

59 4984 87 5036 et
114 4980 160 5040 sui
193 4999 291 5062 super
319 4980 591 5063 possessionibus
623 4979 665 5041 ad
696 4980 818 5040 curiam
849 4979 890 5041 de
921 4978 1061 5040 Plazano
1078 4977 1105 5058 ⁴)
1138 4979 1385 5060 pertinentibus,
1416 4999 1497 5060 quas
1528 4979 1655 5060 Ogerus
1685 4989 1718 5042 et

60 5061 219 5145 DondeuS,
244 5089 318 5132 cum
340 5070 504 5151 religionis
526 5068 675 5132 habitum
699 5069 732 5130 in
754 5078 863 5131 vestro
887 5077 1098 5149 susceperunt
1121 5069 1328 5144 monasteri0,
1360 5068 1456 5131 vobis
1479 5079 1716 5144 concesserunt,

60 5163 88 5214 et
115 5176 194 5237 quas
227 5159 326 5222 etiam
357 5159 487 5234 fratres,
519 5159 574 5240 qui
606 5168 681 5220 ante
711 5177 770 5220 vos
801 5158 833 5219 in
866 5157 985 5218 eodem
1015 5157 1090 5219 loco
1122 5155 1264 5233 fuerunt,
1296 5158 1518 5239 acquisierant,
1550 5177 1611 5220 nos
1642 5168 1718 5221 ante

60 5241 270 5330 R(obaldum),
302 5249 390 5312 bone
413 5248 570 5311 memorie
594 5246 874 5310 Mediolanensem
897 5246 1180 5327 archiepiscopum
1197 5244 1235 5328 ⁶),
1268 5247 1301 5309 in
1328 5267 1459 5310 causam
1483 5247 1645 5310 duxerunt
1675 5256 1716 5323 et,

60 5351 125 5396 cum
148 5337 289 5417 primum
312 5338 424 5401 omnia
446 5338 479 5399 in
504 5337 674 5418 questione
697 5336 891 5418 posuissent,
919 5334 1054 5397 tandem
1078 5335 1121 5397 ad
1144 5349 1194 5397 vn
1217 5355 1352 5417 campos
1375 5346 1408 5399 et
1430 5350 1480 5399 VII
1503 5336 1663 5398 sedimina
1685 5346 1719 5398 et

61 5463 297 5476 n—m-
305 5472 325 5476 -

212 5532 238 5592 1)
259 5529 323 5578 Oder
342 5529 437 5581 Ceretto.
526 5529 554 5594 2)
579 5529 655 5596 Vergl.
673 5529 711 5578 die
731 5528 791 5578 Uele.
809 5543 863 5578 vem
881 5529 898 5577 8
916 5526 990 5591 April
1006 5529 1073 5576 1146
1089 5526 1115 5575 in
1132 5526 1202 5577 Laus
1221 5528 1342 5594 Pompeja,
1370 5525 1451 5576 Codice
1469 5526 1539 5591 Dipl.
1562 5527 1725 5579 Laudemel

57 5603 80 5659 p.
96 5601 150 5652 1⁴8.
241 5607 268 5666 3)
288 5601 438 5666 Lanfranco,
457 5601 562 5667 Bisclees
572 5617 620 5651 von
637 5601 705 5660 Lodi,
726 5601 900 5650 1143-1158.
991 5601 1018 5664 4)
1042 5598 1176 5648 Vielleicfrt:
1202 5600 1334 5663 Primam,
1365 5599 1429 5648 Com.
1448 5599 1476 5647 de'
1496 5599 1575 5648 Castel
1590 5600 1616 5648 S.
1641 5601 1719 5652 Retro

62 5668 231 5735 Monteseeratq
252 5680 322 5737 prov.
347 5673 534 5723 dAlessander'a.
609 5675 634 5738 5)
654 5673 773 5732 Rebaldo,
800 5671 945 5736 Enbe'scheff
961 5686 1008 5720 non
1027 5669 1156 5731 Mailand,
1186 5675 1358 5724 1135-1145
1383 5671 1512 5720 December
1529 5672 1572 5720 30.
1608 5673 1719 5724 Hieram

61 5742 136 5806 crgiebt
151 5743 200 5792 sicle
218 5743 256 5793 de'e
278 5743 486 5810 Jahreszahlfelr
502 5745 540 5794 die
561 5744 684 5794 Urkunde.

108 5850 128 5877 r.
142 5841 431 5890 otlogh-nurerum.
447 5841 504 5882 Auta
518 5841 560 5882 111.
1479 5836 1508 5873 ῙῙ
