4126 6356
1692 341 1752 420 187

81 523 113 583 in
128 519 268 582 Andezz
289 519 323 604 ¹),
348 531 381 583 et
397 522 524 597 Ottoni,
548 523 660 585 comiti
678 523 719 585 de
735 522 1002 588 Wolforthausen
1020 523 1054 608 ²),
1077 536 1110 588 et
1126 527 1218 588 uxori
1242 547 1320 589 suae
1336 527 1465 589 iusticie
1481 537 1514 590 et
1528 527 1752 602 Berchtoldus,

80 629 192 672 comes
216 610 259 672 de
282 609 428 684 Andezz,
452 621 485 674 et
508 632 592 674 uxor
614 613 682 674 eius
705 612 843 694 Sophya
866 613 939 676 filiis
962 615 1093 690 nostris,
1118 615 1319 697 apostolicae
1340 617 1469 698 graciae
1492 617 1752 692 benedicionem,

80 699 237 781 predictis
261 699 414 762 fratribus
438 707 471 762 et
494 701 695 782 cappellanis
720 702 761 764 de
783 701 928 776 Andezz,
952 712 1020 765 tam
1043 703 1248 784 presentibus
1279 725 1378 786 quam
1409 705 1521 769 futuris
1552 706 1752 787 regularibus

78 788 354 851 subinstituendis
373 787 410 872 8).
454 789 511 852 Ad
535 790 598 852 hoc
622 791 810 853 universalis
834 792 969 854 ecclesie
991 813 1067 854 cura
1091 793 1184 856 nobis
1208 795 1411 874 aprovisore
1427 797 1572 857 omnium
1589 795 1751 858 bonorum

80 879 144 940 deo
168 879 348 940 commissa
371 889 428 954 est,
460 889 495 942 ut
526 879 693 960 religiosas
716 899 873 961 personas
904 892 936 943 et
966 901 1076 943 earum
1107 881 1279 963 diligamus
1310 882 1470 959 ecclesias,
1503 885 1689 947 mansiones
1719 894 1752 946 et

79 967 153 1030 loca
184 976 234 1042 et,
268 987 310 1030 ne
340 967 515 1030 bravorum
543 965 714 1031 hominum
746 969 1014 1032 infestacionibus
1044 991 1150 1032 rerum
1179 991 1308 1033 suarum
1339 973 1533 1035 detrimenta
1562 973 1750 1046 sustineant,

79 1056 266 1137 apostolice
290 1056 490 1119 defensionis
514 1057 691 1121 munimine
713 1056 763 1120 his
786 1059 939 1121 convenit
963 1060 1143 1140 providere.
1189 1061 1383 1142 Eapropter‚
1417 1061 1525 1124 dilecti
1558 1063 1590 1124 in
1615 1063 1750 1124 domino

78 1145 145 1218 filii,
176 1147 294 1208 vestris
325 1147 416 1208 iustis
439 1146 721 1227 postulacionibus
751 1147 853 1210 indita
879 1147 1081 1228 benignitate
1105 1149 1295 1223 audivimus,
1318 1170 1389 1212 esse
1408 1149 1436 1234 b)
1467 1150 1575 1213 locum
1606 1161 1750 1213 montem

78 1234 226 1309 Andezz,
261 1237 315 1316 qui
348 1236 515 1315 quondam
540 1236 600 1299 fuit
631 1246 787 1312 castrum,
819 1237 909 1317 quod
940 1238 1004 1298 deo
1038 1237 1235 1318 resignatum
1259 1248 1308 1300 est
1341 1239 1447 1320 primo
1471 1259 1490 1301 a
1513 1240 1669 1302 Hainrico
1693 1241 1750 1301 im·

78 1333 242 1405 peratore,
267 1324 322 1405 qui
347 1324 406 1386 fuit
429 1324 512 1387 filius
534 1325 698 1406 Leupoldi
723 1327 851 1388 comitis
875 1326 918 1388 de
939 1325 1084 1401 Andezz,
1107 1327 1252 1389 secundo
1277 1346 1296 1389 a
1319 1327 1386 1390 filio
1410 1338 1522 1391 nostro
1545 1328 1750 1402 Perchtoldo,

76 1415 203 1475 comite
227 1413 269 1476 de
292 1412 427 1475 Andezz
450 1425 483 1476 et
513 1415 666 1496 religioso
690 1415 759 1476 viro
790 1425 823 1478 et
854 1415 941 1477 facto
974 1415 1137 1478 monacho
1169 1418 1201 1478 in
1226 1418 1424 1480 monasterio
1456 1419 1558 1480 sancti
1582 1418 1749 1480 Lamberti

77 1503 109 1563 in
134 1499 246 1564 Secun
275 1503 434 1566 dioecesis
457 1503 712 1585 Salzpurgensis,
738 1505 791 1586 qui
815 1504 847 1566 in
871 1506 1006 1586 propria
1029 1525 1170 1586 persona
1193 1526 1304 1568 coram
1328 1506 1425 1568 nobis
1449 1507 1512 1569 deo
1535 1506 1616 1569 haec
1639 1507 1751 1568 omnia

76 1593 258 1672 resignavit
279 1602 313 1655 et
335 1593 456 1656 sanctis
479 1594 547 1655 eius
570 1602 603 1656 et
626 1593 849 1675 principaliter
874 1595 1025 1675 precioso
1056 1594 1208 1657 thesauro
1231 1595 1382 1658 videlicet
1411 1606 1615 1660 sacramento
1646 1596 1749 1658 sancti

75 1681 226 1744 Grecorii
250 1701 339 1762 pape
362 1691 395 1744 et
419 1683 575 1763 precipue
598 1683 727 1757 sanctis,
752 1703 891 1763 quorum
914 1683 965 1745 vel
990 1703 1125 1764 quarum
1150 1683 1305 1766 reliquiae
1332 1684 1377 1747 ibi
1401 1684 1503 1747 latent
1535 1696 1567 1747 et
1590 1685 1750 1747 absconse

74 1768 196 1854 sunt⁸)
219 1780 253 1833 et
276 1770 318 1832 ad
335 1771 443 1833 locum
459 1772 643 1853 predictum
659 1771 814 1834 translate
837 1782 913 1834 sunt
936 1793 955 1834 a
978 1774 1178 1835 monasterio
1201 1773 1371 1836 salvatoris
1394 1784 1427 1836 et
1443 1773 1637 1837 fundacione
1661 1774 1750 1836 beati

73 1860 250 1936 Razzonis,
274 1861 402 1923 comitis
426 1861 468 1923 de
490 1861 703 1942 Razzenberg
725 1861 779 1942 pie
803 1863 968 1936 memorie,
993 1881 1090 1942 quem
1121 1863 1231 1924 locum
1260 1863 1419 1925 destruxit
1441 1862 1608 1938 Arnolfus,
1632 1863 1750 1943 impius

74 1968 192 2012 comes
214 1949 379 2030 palatinus
402 1950 444 2012 de
463 1949 620 2032 Scheym,
645 1969 683 2012 ac
707 1950 815 2013 locum
839 1949 1028 2013 monialium
1052 1951 1094 2013 de
1110 1951 1332 2014 Weissencell.
1379 1953 1451 2014 Hec
1474 1953 1609 2034 reliquie
1632 1971 1750 2033 magne

74 2048 108 2100 et
133 2037 238 2100 multe
261 2059 376 2102 omnes
400 2038 502 2101 latent
526 2041 558 2101 in
582 2049 694 2102 monte
717 2037 862 2116 Andezz,
891 2060 955 2121 que
979 2041 1113 2122 reliquie
1136 2059 1196 2120 per
1219 2061 1333 2103 manus
1358 2040 1490 2103 fratrum
1515 2041 1556 2103 de
1580 2042 1655 2105 loco
1679 2060 1749 2122 pre·

74 2127 168 2189 dicto
194 2127 237 2189 ad
268 2138 407 2192 castrum
431 2128 567 2190 Andezz
598 2138 728 2210 portate
757 2139 839 2204 sunt,
872 2149 953 2210 quas
985 2129 1064 2192 deus
1088 2129 1240 2210 reliquias
1272 2131 1304 2192 in
1335 2131 1453 2192 eodem
1486 2130 1560 2192 loco
1592 2139 1750 2212 perpetue

74 2217 144 2278 vult
168 2217 301 2292 habere,
333 2217 423 2298 quod
446 2217 543 2280 nobis
567 2219 781 2282 certissimum
804 2228 853 2281 est
876 2238 935 2299 per
957 2218 1058 2280 filium
1091 2229 1238 2281 nostrum
1260 2219 1499 2291 Perchtoldum,
1523 2221 1677 2282 comitem
1708 2219 1750 2280 de

75 2305 225 2368 Andezz.
272 2306 355 2370 Cum
377 2307 481 2370 voluit
504 2309 622 2369 intrare
646 2308 878 2370 monasterium
895 2303 1002 2370 Secun
1018 2316 1051 2370 et
1070 2308 1262 2389 religionem
1278 2318 1354 2371 tunc
1371 2309 1502 2389 recepit,
1517 2328 1628 2371 secum
1644 2328 1748 2370 sacro·

74 2405 229 2458 sanctum
244 2406 483 2459 sacramentum
505 2397 605 2459 sancti
622 2397 766 2460 Grecorii
790 2417 878 2479 pape
901 2407 934 2458 et
950 2397 1028 2459 alias
1052 2397 1203 2478 reliquias
1227 2407 1260 2460 et
1281 2397 1385 2460 voluit
1408 2416 1462 2459 eas
1485 2407 1616 2478 portare
1639 2417 1749 2460 secum

75 2485 107 2547 in
133 2485 235 2549 Seiun
260 2494 397 2567 propter
427 2486 573 2548 divinum
602 2486 733 2561 cultum,
767 2485 845 2549 dum
867 2487 1083 2548 ascenderunt
1105 2507 1217 2567 equos,
1245 2506 1359 2550 omnes
1383 2487 1538 2549 incurvati
1569 2486 1645 2549 facti
1676 2496 1752 2549 sunt

76 2587 109 2637 et
131 2595 169 2636 se
194 2595 213 2637 a
237 2576 311 2638 loco
336 2595 402 2637 non
426 2584 602 2656 potuerunt
626 2595 766 2638 movere.
814 2575 995 2638 Descendit
1026 2576 1068 2638 de
1091 2595 1177 2657 equo
1209 2596 1319 2638 comes
1342 2575 1555 2639 Perchtoldus
1585 2576 1751 2656 predictus

74 2675 108 2726 et
133 2666 269 2727 intravit
291 2665 449 2745 capellam
474 2674 507 2727 et
530 2664 759 2745 prosternebat
781 2685 817 2726 se
839 2684 925 2745 genu
949 2664 1114 2727 flectendo
1138 2685 1248 2726 coram
1276 2665 1378 2740 altari,
1410 2673 1445 2727 ut
1475 2664 1752 2728 demonstraretur
1810 2706 1818 2728 κ

73 2755 147 2830 sibi,
174 2755 255 2835 quid
279 2762 364 2816 esset
386 2754 449 2815 sibi
472 2753 659 2816 faciendum
683 2764 716 2816 et
739 2753 818 2816 deus
841 2753 1007 2827 revelaret,
1031 2763 1066 2816 ut
1089 2754 1152 2816 hoc
1168 2765 1253 2817 esset
1268 2764 1401 2834 paratus
1422 2752 1457 2838 ὓ).
1503 2753 1750 2835 ludicatumque

76 2843 138 2906 fuit
168 2844 242 2918 sibi,
277 2843 365 2925 quod
398 2843 476 2904 deus
499 2843 598 2906 vellet
626 2842 747 2905 habere
777 2842 842 2904 hoc
872 2853 1111 2906 sacramentum
1139 2853 1297 2924 perpetue
1327 2843 1359 2904 in
1384 2843 1502 2905 eodem
1533 2842 1616 2916 loc0,
1647 2843 1750 2905 etsie

74 2933 246 3014 predictus
270 2952 381 2995 comes
409 2931 592 3012 predictum
621 2942 861 2995 sacramentum
893 2932 1033 2994 divisum
1048 2929 1074 3016 ⁴)
1105 2943 1139 2994 et
1170 2932 1233 2995 deo
1261 2941 1294 2994 et
1324 2933 1445 2994 sanctis
1475 2934 1543 2994 eius
1574 2932 1675 2994 libere
1707 2931 1748 2994 ad

74 3022 220 3085 eandem
236 3022 420 3103 cappellam
437 3022 612 3102 resignavit
631 3032 663 3084 et
686 3031 844 3102 perpetue
867 3021 1045 3102 resignabit
1067 3032 1305 3084 sacramentum
1330 3031 1363 3082 et
1386 3021 1537 3101 reliquias
1553 3031 1749 3083 sanctorum.

74 3109 292 3174 Perchtoldus
322 3111 488 3192 predictus
519 3119 551 3172 et
581 3130 692 3172 comes
723 3111 765 3172 de
796 3110 932 3177 Andezz
963 3111 1074 3173 omnia
1105 3131 1163 3173 sua
1194 3111 1258 3172 deo
1290 3111 1465 3191 resignavit
1495 3117 1528 3172 et
1558 3110 1748 3191 religionem

1 3231 2 3234 ¹
75 3201 211 3263 intravit
235 3210 268 3263 et
290 3199 514 3282 principaliter
537 3208 682 3261 montem
706 3210 739 3261 et
763 3200 874 3260 omnia
897 3200 1172 3274 circumiacencia‚
1198 3200 1360 3262 atinencia
1383 3200 1425 3261 ad
1441 3209 1588 3261 montem
1611 3209 1645 3262 et
1660 3198 1749 3261 here·
1843 3257 1847 3266 .

74 3289 196 3353 ditaria
219 3289 317 3363 bona,
339 3309 444 3370 agros,
469 3289 565 3369 ligna,
589 3308 712 3370 pascua
728 3298 760 3350 et
783 3299 884 3369 prata,
908 3289 1081 3370 piscariam
1106 3289 1148 3350 de
1171 3290 1251 3362 lacu,
1269 3289 1430 3351 decimam
1447 3289 1524 3360 eius,
1549 3288 1626 3369 quia
1642 3288 1748 3350 lacum

74 3379 215 3442 liberum
239 3379 414 3441 decimavit
437 3377 478 3440 ad
504 3377 666 3459 prefatum
690 3385 837 3440 montem
859 3377 1004 3453 Andezz,
1033 3379 1185 3452 iaceneia,
1209 3379 1344 3459 gracias,
1375 3376 1553 3460 privilegia,
1585 3377 1749 3439 libertates

74 3469 215 3550 papales
227 3479 261 3530 et
273 3467 457 3549 imperiales
465 3467 507 3529 ad
518 3467 702 3548 cappellam
719 3466 900 3548 predictam
917 3476 950 3528 et
966 3468 1008 3529 ad
1024 3477 1217 3549 perpetuam
1233 3467 1371 3541 laudem,
1387 3467 1525 3548 gloriam
1541 3475 1574 3528 et
1590 3465 1749 3528 honorem

74 3558 128 3619 dei
154 3578 194 3619 ac
216 3566 413 3630 sanctorum,
438 3575 576 3638 quorum
599 3555 650 3618 vel
675 3575 810 3636 quarum
834 3557 989 3637 reliquiae
1013 3556 1136 3617 ibidem
1159 3565 1243 3630 sunt,
1275 3556 1316 3617 ad
1340 3563 1533 3637 perpetuam
1557 3555 1749 3617 memoriam

74 3647 221 3708 nominis
243 3647 291 3708 sui
320 3655 353 3708 et
385 3665 607 3708 successorum
637 3664 785 3720 suorum,
817 3665 859 3707 ne
891 3646 1048 3708 memoria
1078 3665 1191 3706 eorum
1213 3645 1313 3706 vadat
1336 3665 1356 3706 a
1386 3645 1544 3707 memoria
1572 3642 1749 3705 hominum.

72 3737 118 3798 Et
141 3733 356 3798 Perchtoldus
380 3754 491 3797 comes
514 3735 679 3816 predictus
703 3735 745 3797 ad
778 3734 961 3816 cappellam
986 3734 1168 3816 predictam
1198 3742 1356 3814 perpetue
1387 3734 1552 3795 ordinavit
1582 3733 1749 3814 religiosas

72 3845 236 3907 personas
267 3824 309 3887 ad
340 3821 490 3905 reliquias
520 3822 698 3905 predictas,
731 3833 766 3885 ut
796 3823 967 3904 perficiant
999 3822 1043 3884 ibi
1075 3822 1221 3884 divinum
1252 3822 1373 3885 cultum
1404 3822 1525 3884 cotidie
1555 3821 1624 3884 sine
1648 3842 1748 3884 mora.

72 3915 148 3977 Nos
172 3914 270 3995 igitur
292 3912 400 3976 locum
423 3912 559 3975 Andezz
583 3922 615 3975 et
638 3912 753 3975 fratres
775 3912 940 3994 predictos
965 3913 996 3974 in
1020 3912 1170 3994 predicto
1193 3910 1277 3986 loco,
1302 3911 1334 3972 in
1359 3931 1425 3991 quo
1443 3911 1554 3972 divino
1571 3912 1748 3992 mancipati

72 4004 154 4066 estis
184 4002 363 4084 obsequio,
398 4001 458 4064 sub
491 4001 580 4064 beati
604 4003 688 4065 Petri
721 4011 753 4064 et
784 4010 895 4063 nostra
927 4001 1133 4081 protectione
1156 4000 1350 4082 suscipimus
1381 4010 1414 4062 et
1443 4001 1604 4081 presentis
1636 4000 1748 4081 scripti

72 4091 247 4174 privilegio
270 4092 517 4154 communimus.
548 4090 762 4166 statuentes,
786 4099 821 4152 ut
845 4091 927 4152 ordo
951 4090 1158 4165 monasticus,
1183 4090 1238 4170 qui
1262 4090 1441 4151 secundum
1465 4089 1553 4151 beati
1577 4088 1747 4151 Benedicti

1 4221 2 4242 2
72 4181 222 4262 regulam
252 4181 284 4244 in
316 4181 434 4242 eodem
467 4179 541 4242 loco
575 4180 616 4242 ad
648 4180 846 4261 peticionem
878 4178 933 4241 filii
964 4180 1066 4242 nostri
1095 4186 1129 4240 et
1160 4177 1283 4240 domini
1313 4177 1515 4253 Perchtoldi,
1548 4179 1676 4240 comitis
1707 4179 1748 4242 de
1774 4179 1775 4183 ’

72 4270 221 4344 Andezz,
254 4281 287 4332 et
317 4269 457 4350 religiosi
480 4270 538 4330 viri
570 4270 692 4332 ordinis
722 4269 826 4331 sancti
848 4267 1018 4330 Benedicti
1043 4268 1207 4330 institutus
1237 4287 1307 4331 esse
1338 4267 1550 4341 concernitur,
1582 4269 1748 4349 perpetuis

71 4359 281 4440 temporibus
306 4359 417 4422 futuris
440 4358 562 4420 ibidem
588 4358 818 4420 inviolabiliter
847 4357 1045 4420 observetur.
1092 4355 1249 4433 Preterea,
1282 4377 1492 4438 quascunque
1514 4357 1746 4438 possessiones,

74 4468 291 4530 quaecunque
313 4448 403 4510 bona
425 4443 566 4531 eidem(l)
590 4443 698 4528 loco(!)
715 4447 757 4508 ad
774 4446 957 4528 cappellam
980 4445 1253 4528 inpresenciarum
1277 4447 1360 4509 iuste
1372 4455 1405 4508 et
1420 4447 1577 4508 canonice
1598 4447 1748 4526 possidet

73 4548 132 4600 aut
148 4538 181 4599 in
198 4536 340 4598 futurum
356 4537 569 4599 concessione
584 4536 786 4618 pontificum,
812 4535 987 4616 largicione
1003 4555 1115 4617 regum
1130 4536 1181 4598 vel
1197 4536 1391 4618 principum,
1413 4534 1586 4597 oblacione
1601 4535 1746 4598 fidelium

73 4647 132 4689 seu
158 4625 228 4688 aliis
251 4627 342 4688 iustis
365 4625 472 4687 modis
496 4625 559 4687 deo
582 4626 733 4707 propicio
757 4627 878 4706 poterit
901 4625 1046 4705 adipisci,
1070 4624 1165 4686 firma
1186 4625 1281 4687 vobis
1303 4625 1482 4706 vestrisque
1505 4625 1746 4688 successoribus

74 4725 108 4778 et
133 4715 258 4778 illibata
288 4722 510 4796 permaneant,
540 4716 624 4777 sicut
656 4714 784 4777 illustris
814 4715 991 4794 imperator
1019 4713 1204 4787 Hainricus,
1236 4712 1319 4776 filius
1341 4713 1514 4794 Leupoldi,
1545 4714 1674 4776 comitis
1704 4715 1745 4776 de

73 4804 222 4879 Andezz,
253 4805 405 4885 inceptor
426 4803 520 4865 huius
543 4803 632 4880 boni,
664 4814 697 4866 et
725 4804 808 4865 sicut
840 4802 1006 4884 predictus
1038 4821 1149 4864 comes
1172 4801 1384 4865 Perchtoldus
1415 4800 1498 4864 filius
1527 4811 1638 4864 noster
1668 4813 1746 4884 post

75 4894 167 4955 illum
191 4893 362 4955 ordinavit
408 4891 496 4956 Nulli
516 4889 544 4977 d)
568 4912 699 4954 suorum
721 4891 852 4954 fratrum
877 4891 981 4954 eciam
1005 4891 1140 4953 istorum
1161 4887 1187 4974 e)
1212 4889 1326 4966 fassit,
1349 4901 1426 4971 post
1442 4890 1563 4953 factam
1578 4892 1610 4952 in
1627 4891 1745 4954 eodem

73 4982 151 5045 loco
174 4981 310 5045 Andezz
341 4980 578 5063 professionem
609 4982 735 5062 absque
765 4980 894 5043 abbatis
925 4981 977 5042 vel
1010 4979 1143 5042 fratrum
1174 4980 1310 5042 licencia
1337 4979 1498 5062 proficisci
1521 4979 1572 5042 vel
1605 4982 1648 5043 ad
1671 4982 1745 5044 loca

73 5071 226 5148 transire;
260 5071 483 5133 discedentem
506 5091 585 5133 vero
609 5070 713 5134 nullus
729 5071 959 5151 episcoporum
975 5069 1026 5131 vel
1043 5068 1201 5131 abbatum
1216 5069 1380 5150 suscipere
1396 5070 1515 5132 audeat
1530 5069 1581 5132 vel
1598 5070 1743 5134 retinere.

74 5159 146 5223 Nos
170 5161 267 5242 igitur
293 5160 435 5240 presenti
468 5160 600 5222 decreto
633 5160 803 5234 sancimus,
835 5159 1045 5222 concedimus
1069 5168 1101 5220 et
1124 5157 1362 5234 confirmamus,
1392 5179 1506 5221 omnes
1536 5159 1687 5240 reliquias
1710 5169 1745 5222 et

1 5399 2 5414 ,
237 5355 263 5417 a)
281 5355 329 5402 Am
347 5355 441 5414 Rmde,
459 5354 493 5403 im
515 5354 585 5404 Terre
603 5353 830 5404 subinstituentibus
921 5353 948 5416 b)
967 5367 1008 5400 am
1026 5351 1120 5411 Raude,
1139 5351 1172 5400 im
1195 5351 1265 5401 Tarte
1283 5357 1308 5401 et
1397 5355 1422 5416 ο)
1441 5351 1498 5401 MS.
1518 5353 1607 5402 Am:
1624 5352 1741 5417 Legatur:

73 5424 194 5489 quidquid
213 5424 276 5476 dens
294 5427 416 5474 revelaret
434 5425 482 5475 sibi
500 5426 532 5474 ed
551 5425 601 5475 boc
620 5431 687 5475 esset
704 5431 803 5491 paratus
910 5423 937 5489 d)
957 5423 1014 5474 MS.
1031 5425 1119 5474 Am:
1140 5423 1168 5472 In
1187 5423 1304 5488 originali
1321 5422 1376 5474 MS.
1396 5430 1436 5474 aut
1453 5429 1576 5474 vetustate
1595 5431 1743 5488 expunctum

74 5505 113 5546 aut
132 5513 162 5545 ex
184 5512 269 5546 errore
288 5498 406 5546 omissum
426 5513 456 5546 ex
475 5512 547 5546 sensu
567 5496 692 5562 colligitur
763 5500 788 5560 e)
806 5496 863 5545 MS.
881 5497 970 5545 Am:
988 5492 1191 5559 Subintelligitur,
1210 5496 1252 5560 qui
1264 5501 1319 5545 actu
1337 5503 1467 5561 presentes
1484 5501 1576 5546 suntet
1589 5495 1613 5548 S.
1629 5497 1743 5561 capellae

73 5575 199 5632 praesunt.
219 5575 327 5631 Μ,1)
351 5569 447 5631 Unsem
471 5567 607 5618 Miinchen.
698 5571 725 5630 2)
747 5568 896 5626 Oberbar'em,
914 5567 987 5616 B.·A.
1006 5565 1227 5626 Schrobentoeum,
1247 5566 1324 5617 B.-G.
1341 5567 1456 5616 Aichack.
1546 5571 1573 5632 3)
1594 5567 1650 5617 MS.
1667 5569 1742 5618 Anni.

74 5640 121 5690 lire
139 5655 261 5705 expresse
280 5640 436 5706 distinguitur
453 5641 518 5690 inter
536 5640 678 5690 thesaurum
696 5646 810 5705 apertum
828 5639 854 5690 S.
864 5637 982 5704 Gregorii
1001 5643 1025 5687 et
1043 5639 1107 5687 inter
1124 5638 1264 5688 thesaurum
1284 5638 1365 5689 adhuc
1383 5639 1565 5690 absconditum.
1637 5643 1665 5704 4)
1685 5639 1742 5693 MS.

73 5715 159 5762 Arm:
178 5712 296 5761 Divisum
313 5713 367 5762 sine
386 5712 461 5761 dubio
480 5711 616 5761 adhibitum
634 5713 678 5762 fuit
696 5712 729 5762 ed
748 5711 937 5777 exprimendum
955 5710 1081 5775 duplicem
1100 5708 1143 5760 SS.
1163 5711 1270 5762 hostiam
1288 5709 1314 5761 S.
1332 5709 1458 5776 Gregorii.

1478 5788 1536 5853 24*
