4126 6356
304 288 364 347 108

300 474 535 538 monasterium
558 473 591 535 in
616 473 852 556 presentiarum
875 469 977 559 iust[e,
995 469 1041 559 e]t
1063 472 1222 536 canonice
1253 473 1402 555 possidet
1435 483 1491 538 aut
1522 476 1555 538 in
1586 478 1737 556 futurum,
1769 479 1981 544 concessione

300 564 503 646 pontificum,
535 562 707 644 largitione
738 583 852 644 regum
874 563 926 626 vel
958 563 1159 646 principum,
1184 562 1353 626 oblatione
1386 563 1532 628 fidelium
1562 588 1619 630 seu
1653 569 1724 633 aliis
1754 571 1848 633 iustis
1878 570 1982 633 modis

301 654 364 717 deo
389 653 535 735 propitio
559 654 681 734 poterit
705 653 852 735 adipisci,
876 652 970 715 firma
992 653 1089 716 vobis
1109 652 1292 734 vestrisque
1311 655 1554 718 successoribus
1570 664 1604 718 et
1619 657 1743 722 illibata
1758 668 1981 742 permaneant

300 744 456 806 Decimas
487 751 597 804 autern
628 743 837 825 propriorum
867 742 1018 805 laborum
1051 751 1085 804 et
1107 761 1246 824 operum
1277 743 1383 806 nullus
1414 744 1456 806 ab
1488 745 1607 809 eodem
1638 751 1839 812 monasterio
1865 751 1982 832 exigat

301 833 419 896 Missas
446 853 525 894 vero
553 831 704 913 publicas
735 832 778 895 ab
803 832 964 914 episcopo
987 833 1021 894 in
1045 832 1164 894 eodem
1189 833 1390 895 monasterio
1415 833 1583 911 celebrari,
1613 839 1771 902 stationes
1801 839 1881 916 fieri,
1913 859 1981 921 pro-

301 923 465 987 cessiones
490 921 607 984 deduci
637 922 763 1003 absque
794 921 924 984 abbatis
946 921 999 985 vel
1031 920 1165 984 fratrum
1198 920 1368 984 voluntate
1398 924 1599 988 omnimodis
1630 927 1855 1008 prohibemus,
1889 949 1932 991 ne
1954 929 1982 990 in

300 1031 466 1075 servorum
491 1011 543 1073 dei
568 1011 749 1074 recessibus
765 1010 964 1074 secularibus
988 1011 1119 1074 occasio
1144 1009 1321 1092 prebeatur
1344 1011 1410 1075 ulla
1425 1014 1650 1078 conventibus.
1689 1017 1861 1100 Episcopo
1888 1019 1982 1081 etiam

301 1101 396 1163 alicui
419 1101 538 1176 locum,
572 1101 728 1164 abbatem
758 1101 811 1163 vel
845 1100 959 1163 fratres
991 1101 1081 1182 ipsos
1112 1101 1407 1178 excommunicare,
1439 1103 1632 1168 interdicere
1661 1105 1713 1168 vel
1744 1108 1788 1169 ad
1817 1108 1984 1188 synodum

300 1211 419 1254 vocare
441 1190 511 1252 sine
535 1190 667 1252 licentia
689 1191 831 1253 Romani
863 1190 1030 1271 pontificis
1053 1189 1237 1252 nullatenus
1260 1189 1365 1253 liceat.
1413 1190 1547 1268 Crisma,
1581 1194 1691 1257 oleum
1716 1207 1877 1272 sanctum,
1912 1217 1984 1259 con·

301 1281 502 1343 secrationes
530 1279 681 1342 altarium
704 1299 760 1342 seu
788 1280 1004 1356 basilicarum,
1037 1279 1261 1342 ordinationes
1284 1279 1530 1358 monachorum,
1562 1283 1618 1363 qui
1648 1285 1691 1347 ad
1720 1305 1831 1349 sacros
1855 1287 1986 1350 ordines

301 1368 421 1432 fuerint
436 1369 663 1452 promovendi,
688 1390 708 1431 a
724 1369 901 1433 diocesano
917 1369 1101 1450 suscipietis
1117 1369 1286 1449 episcopo,
1310 1369 1473 1451 siquidem
1490 1371 1670 1436 catholicus
1687 1373 1782 1437 fuerit
1798 1387 1831 1438 et
1846 1377 1985 1457 gratiam

302 1467 401 1541 atque
425 1459 693 1522 cummunionem
723 1459 811 1521 sedis
840 1459 1024 1539 apostolice
1054 1458 1205 1521 habuerit
1235 1465 1268 1519 et
1296 1477 1335 1520 ea
1364 1460 1466 1540 gratis
1490 1467 1523 1522 et
1551 1462 1678 1544 absque
1706 1465 1869 1544 pravitate
1891 1466 1985 1528 vobis

300 1549 441 1612 voluerit
469 1548 643 1624 exhibere;
675 1548 820 1629 alioquin
852 1549 948 1610 liceat
977 1548 1082 1623 vobis,
1107 1547 1313 1622 catholicum,
1346 1567 1443 1628 quem
1468 1549 1654 1627 malueritis,
1682 1553 1772 1616 adire
1796 1556 1985 1630 antistitem,

302 1639 357 1719 qui
390 1648 501 1703 nostra
532 1637 630 1699 fultus
660 1637 866 1713 auctoritate,
898 1638 988 1718 quod
1018 1637 1210 1718 postulatur,
1243 1635 1420 1719 indulgeat.
1475 1638 1689 1720 Capelianos,
1728 1644 1784 1724 qui
1823 1644 1926 1708 cellas
1955 1652 1986 1707 et

302 1728 457 1792 ecclesias
480 1727 627 1790 eiusdem
653 1728 841 1789 monasterii
865 1736 991 1809 regunt,
1020 1722 1104 1812 [nilsi
1128 1746 1190 1808 pro
1215 1725 1310 1787 certis
1334 1736 1367 1788 et
1390 1727 1481 1790 iustis
1505 1731 1610 1792 causis
1633 1734 1914 1796 excommunicari
1937 1734 1986 1796 vel

303 1817 346 1879 ab
370 1818 482 1882 officio
513 1811 722 1901 s[uspendari
756 1811 878 1901 alliquo
912 1817 1072 1899 episcopo
1103 1814 1328 1898 prohibemus.
1375 1817 1530 1880 Obeunte
1552 1839 1631 1882 vero
1655 1830 1696 1896 te,
1730 1842 1816 1885 nunc
1840 1825 1986 1886 eiusdem

303 1906 366 1968 loci
398 1907 529 1982 abbate,
558 1905 611 1968 vel
643 1915 774 1968 tuorum
798 1906 948 1987 quolibet
971 1925 1205 1979 successorum,
1238 1903 1344 1967 nullus
1368 1905 1413 1968 ibi
1438 1907 1585 1987 qualibet
1608 1908 1833 1992 su[rreptionis
1856 1913 1985 1992 astutia]

303 2016 360 2058 seu
383 1997 541 2060 violentia
564 2005 773 2076 preponatur,
802 1995 862 2058 nisi
888 2016 986 2076 quern
1011 1995 1125 2058 fratres
1150 1993 1316 2056 communi
1347 1990 1524 2076 [consensu
1547 1997 1599 2060 vel
1623 1997 1758 2062 fratrum
1788 1999 1881 2085 pars]
1912 2022 1985 2064 con-

303 2085 365 2149 silii
388 2086 525 2150 sanioris
550 2084 591 2146 de
619 2085 736 2146 eadem
768 2086 1033 2166 congregatione,
1065 2085 1092 2147 si
1124 2084 1262 2145 idoneus
1295 2094 1443 2164 repertus
1475 2085 1578 2162 fuerit,
1611 2089 1790 2152 secundum
1822 2091 1924 2154 deum
1956 2100 1986 2153 et

304 2175 391 2240 beati
407 2174 578 2238 Benedicti
602 2169 763 2256 regul[am
779 2174 982 2255 providerint
999 2173 1187 2255 eligendum
1196 2169 1217 2255 3]
1243 2172 1343 2252 quod,
1368 2175 1394 2236 si
1412 2184 1491 2255 apta
1506 2176 1591 2238 inter
1603 2197 1664 2240 vos
1679 2199 1822 2259 persona
1843 2181 1986 2243 invenire

304 2266 485 2348 nequiverit
505 2261 542 2348 Β),
577 2272 654 2325 tunc
684 2264 726 2325 de
758 2263 829 2326 aliis
859 2265 1065 2327 monasteriis
1090 2263 1285 2325 electionem
1315 2264 1475 2326 canonice
1506 2264 1647 2342 faciatis;
1680 2266 1803 2330 electus
1834 2281 1986 2332 autema

303 2355 457 2418 Romano
481 2353 639 2437 pontifice
663 2353 903 2416 benedictionis
926 2353 1067 2434 gratiam
1091 2359 1321 2433 consequatur.
1359 2353 1577 2417 Decernimus
1592 2375 1680 2436 ergo,
1705 2367 1741 2419 ut
1756 2357 1834 2420 nulli
1852 2361 1986 2422 omnino

303 2445 475 2508 hominurn
498 2443 602 2518 liceat,
627 2442 791 2524 prefatum
814 2443 1047 2505 monasterium
1071 2451 1194 2504 temere
1218 2440 1409 2522 perturbare
1433 2453 1489 2505 aut
1517 2445 1585 2506 eius
1612 2447 1839 2526 possessiones
1864 2449 1986 2511 auferre

304 2535 357 2598 vel
380 2534 506 2597 ablatas
529 2533 669 2595 retinere
697 2541 753 2594 aut
780 2531 942 2612 aliquibus
965 2531 1197 2594 vexationibus
1222 2529 1367 2610 fatigare,
1392 2533 1451 2592 sed
1475 2535 1587 2596 omnia
1611 2535 1737 2616 integra
1754 2549 1987 2600 conserventur

306 2644 434 2700 eorum,
468 2643 529 2704 pro
559 2641 698 2702 quorum
729 2621 970 2702 gubernatione
1000 2631 1032 2684 et
1061 2621 1298 2684 sustentatione
1330 2639 1488 2684 concessa
1519 2633 1610 2698 sunt,
1644 2624 1756 2688 usibus
1787 2628 1987 2690 omnimodis

306 2714 489 2798 profutura,
521 2711 612 2774 salva
642 2711 674 2772 in
706 2711 860 2773 omnibus
892 2711 1074 2792 apostolice
1106 2709 1194 2772 sedis
1231 2709 1436 2772 auctoritate.
1488 2709 1524 2775 Si
1557 2732 1622 2794 qua
1652 2713 1751 2794 igitur
1781 2716 1815 2777 in
1847 2717 1987 2780 futurum

306 2803 527 2867 ecclesiastica
549 2800 743 2863 secularisve
766 2820 916 2880 persona,
941 2801 1026 2864 hanc
1050 2810 1159 2885 nostre
1185 2798 1427 2862 constitutionis
1450 2802 1607 2881 paginam
1637 2804 1752 2879 sciens,
1777 2815 1895 2869 contra
1917 2825 1987 2868 eam

306 2904 429 2957 temere
455 2891 566 2954 venire
596 2890 822 2971 temptaverit,
854 2891 1000 2952 secundo
1033 2889 1171 2952 tertiove
1195 2888 1407 2964 commonita,
1440 2890 1558 2952 sinon
1589 2891 1813 2957 satisfactione
1845 2915 1989 2977 congrua

307 2980 538 3056 emendaverit,
563 2980 739 3061 potestatis
754 2978 955 3059 honorisque
971 2980 1019 3042 sui
1041 2979 1201 3060 dignitate
1222 2987 1332 3039 careat
1356 2997 1512 3060 reamque
1531 3000 1567 3042 se
1583 2981 1694 3044 divino
1712 2983 1833 3046 iudicio
1850 2986 1988 3048 existere

308 3074 349 3136 de
373 3079 560 3153 perpetrata
583 3069 790 3149 iniquitatate
814 3079 1002 3149 eognoscat,
1026 3079 1095 3131 eta
1118 3067 1336 3130 sacratissimo
1353 3086 1492 3149 corpore
1509 3089 1547 3131 ac
1563 3071 1722 3152 sanguine
1738 3073 1790 3135 dei
1808 3083 1841 3136 et
1858 3075 1987 3148 domini,

307 3160 525 3242 redemptoris
548 3159 650 3222 nostri
681 3159 752 3221 Iesu
777 3156 906 3233 Christi,
931 3158 1037 3220 aliena
1065 3157 1139 3232 fiat,
1171 3166 1271 3237 atque
1293 3157 1326 3217 in
1358 3168 1507 3220 extremo
1531 3160 1683 3223 examine
1706 3161 1852 3225 districte
1876 3163 1988 3227 ultioni

308 3252 484 3315 subiaceat.
531 3247 666 3311 Cunctis
686 3244 691 3329 Ι
712 3257 830 3322 autem,
864 3247 972 3309 eidem
1003 3247 1078 3310 loco
1110 3247 1194 3309 iusta
1223 3245 1438 3322 servantibus,
1471 3248 1514 3310 sit
1544 3269 1613 3330 pax
1638 3249 1760 3313 domini
1793 3253 1897 3315 nostri
1922 3252 1988 3316 Iesu

309 3339 437 3413 Christi,
468 3335 630 3419 quatenus
662 3336 771 3399 ethic
802 3336 942 3399 fructum
965 3337 1054 3399 bone
1084 3336 1223 3398 actionis
1246 3335 1432 3416 percipiant
1462 3346 1496 3400 et
1523 3338 1613 3420 apud
1642 3339 1826 3404 districtum
1850 3343 1989 3405 iudicem

308 3429 434 3512 premia
457 3438 568 3511 eterne
591 3425 683 3508 pacis
707 3426 883 3489 inveniant.
929 3425 1049 3489 Amen.
1073 3425 1164 3488 A·m.
1188 3424 1309 3486 Amen.
1333 3459 1377 3470 -

521 3516 578 3598 (R)
602 3515 676 3597 Ego
700 3515 867 3596 Eugenius
891 3514 1054 3600 catholice
1077 3514 1215 3598 ecclesie
1239 3514 1416 3595 episcopus
1438 3535 1480 3579 ss.
1506 3513 1572 3598 (M)

520 3639 564 3650 —-
586 3606 607 3684 †
630 3606 704 3686 Ego
728 3604 904 3668 Hubaldus
927 3605 1091 3687 presbiter
1114 3602 1288 3667 cardinalis
1311 3603 1360 3666 tit.
1384 3614 1498 3667 sancte
1520 3606 1678 3679 Praxedis
1701 3628 1742 3670 ss.

520 3696 541 3774 †
563 3695 636 3776 Ego
660 3692 869 3757 Arimbertus
893 3694 1054 3776 presbiter
1077 3693 1250 3757 cardinalis
1274 3693 1322 3754 tit.
1346 3703 1460 3755 sancte
1482 3693 1660 3758 Anastasie
1683 3717 1724 3760 ss.

521 3783 542 3868 †
566 3782 639 3865 Ego
663 3782 761 3846 Iulius
785 3784 947 3866 presbiter
970 3784 1144 3847 cardinalis
1167 3784 1216 3846 tit.
1239 3782 1343 3845 sancti
1368 3783 1515 3846 Marcelli
1538 3806 1579 3848 ss.

521 3875 542 3950 †
565 3875 639 3954 Ego
662 3873 848 3936 Bernardus
872 3873 1035 3955 presbiter
1057 3872 1231 3936 cardinalis
1255 3873 1303 3934 tit.
1327 3873 1431 3935 sancti
1456 3870 1636 3937 Clementis
1658 3895 1700 3937 ss,

521 3963 541 4044 †
565 3965 638 4044 Ego
662 3963 846 4025 Rollandus
870 3963 1031 4044 presbiter
1054 3963 1227 4027 cardinalis
1251 3963 1299 4025 tit.
1324 3961 1428 4023 sancti
1453 3963 1557 4026 Marci
1580 3985 1622 4027 ss.

522 4087 564 4098 -
589 4054 610 4131 Τ
633 4052 707 4132 Ego
731 4051 907 4134 Gregorius
932 4053 1090 4116 diaconus
1113 4052 1286 4116 cardinalis
1309 4051 1414 4113 sancti
1437 4049 1560 4133 Angeli
1583 4072 1625 4116 ss.

523 4139 544 4224 †
567 4142 640 4224 Ego
664 4141 827 4204 lohannes
851 4142 1010 4205 diaconus
1034 4142 1207 4205 cardinalis
1229 4150 1341 4204 sancte
1366 4141 1470 4203 Marie
1494 4162 1579 4204 nove
1603 4163 1643 4204 ss.

523 4227 543 4312 'e
567 4231 640 4312 Ego
664 4226 827 4294 lohannes
852 4231 1009 4294 diaconus
1032 4231 1205 4295 cardinalis
1228 4239 1416 4294 sanctorum
1438 4229 1543 4313 Sergii
1568 4241 1602 4294 et
1624 4231 1726 4295 Bachi
1750 4252 1792 4294 ss.
1805 4225 1855 4315 (2)

469 4321 546 4383 Dat.
570 4320 692 4402 Signie,
725 4340 785 4401 per
815 4340 948 4383 manum
971 4322 1136 4396 BOSONIS‚
1161 4330 1272 4407 sancte
1295 4320 1447 4405 Romane
1477 4320 1612 4408 ecclesie
1635 4321 1813 4402 scriptoris.
1858 4334 1922 4384 VIII
1942 4319 1990 4382 ld.

311 4411 402 4491 Sept.
447 4408 632 4472 Indictione
660 4422 747 4471 XIIII.
791 4410 1029 4474 incarnationis
1061 4411 1226 4497 dominice
1257 4429 1345 4472 anno
1374 4419 1470 4472 MCLI.
1523 4409 1737 4474 Pontificatus
1766 4429 1846 4472 vero
1879 4409 1990 4473 domni

310 4499 453 4581 EUgenii
476 4513 515 4562 III
537 4498 598 4561 ΡΡ.
622 4519 711 4561 anno
731 4511 791 4561 VII.
815 4534 859 4545 —

475 4613 518 4663 Or.
536 4611 692 4680 (Pergameni
708 4613 735 4662 di
749 4612 824 4662 Cun'a
842 4615 896 4662 eccl.
911 4613 929 4662 I
932 4617 949 4676 l,
968 4612 1002 4661 r'm
1013 4612 1127 4662 Arcln'vr'o
1146 4613 1173 4662 di
1190 4613 1273 4672 Staro,·
1290 4611 1416 4678 Abscbrrfl
1433 4613 1473 4662 des
1485 4613 1554 4678 Drpl.
1574 4613 1602 4662 di
1611 4612 1638 4664 S.
1651 4611 1757 4662 Loremo
1774 4613 1896 4663 d'Aversa
1909 4621 1937 4678 p.
1951 4617 1991 4674 44,

310 4685 343 4736 im
360 4687 448 4736 Beritre
465 4686 506 4734 des
525 4685 661 4749 Profesrors
682 4685 785 4748 capasso
800 4702 830 4734 su
848 4685 945 4750 Ncapel.

475 4758 517 4806 Or.
544 4757 614 4822 Perg.
639 4757 700 4816 r'taL,
727 4757 763 4806 br.
789 4759 874 4818 osta,
901 4759 963 4823 lang
980 4757 1049 4818 O,63,
1078 4757 1122 4806 dar
1148 4756 1347 4822 Umgeschlagme
1369 4756 1556 4822 abgerclrm'tten,
1585 4755 1663 4804 durch
1686 4756 1745 4806 arvei
1761 4757 1855 4806 [δώῃ
1875 4757 1939 4824 gurg
1958 4756 1993 4806 dr'c

311 4829 424 4891 Schnur,
461 4827 548 4878 welche
578 4829 624 4877 mil
645 4829 700 4877 dem
732 4828 811 4895 Siegel
839 4831 955 4880 verlorm.
993 4828 1104 4877 Irritr‘alc:
1137 4829 1248 4878 versiam
1284 4829 1437 4893 Uncialjorm
1469 4828 1515 4877 mit
1547 4829 1636 4892 langen
1669 4827 1805 4889 Sctniuen,
1839 4829 1991 4896 Veramgmrg

310 4902 358 4951 Nr,
380 4905 440 4960 4⁰0,
459 4899 637 4966 starkstrr'clug,
659 4900 730 4964 fiillt
746 4902 815 4959 0,07.
866 4901 943 4949 WorIc
967 4900 1036 4950 stark
1053 4907 1178 4966 gemunt,
1206 4899 1347 4964 Mm'uskeln
1371 4899 1434 4948 nach
1459 4900 1533 4949 tinem
1557 4899 1654 4948 starker
1682 4899 1777 4949 Ismara
1797 4901 1882 4952 belant.
1918 4903 1993 4951 Arnen

311 4973 359 5023 Nr.
378 4970 444 5022 71¹.
480 4974 545 5022 Rota
563 4971 610 5020 Nr.
633 4976 655 5031 1,
675 4972 852 5021 Durchaurser
869 4975 939 5034 0,ou.
978 4972 1148 5038 Morwgramm
1166 4972 1213 5022 Nr.
1234 4972 1274 5032 2¹²,
1293 4972 1353 5021 dreit
1370 4973 1457 5032 0‚034,
1476 4970 1535 5020 hoclr
1554 4972 1640 5030 0,063.
1677 4972 1815 5038 Ringkrm
1833 4974 1893 5022 und
1911 4973 1993 5023 Unter·

310 5044 400 5110 schrift
422 5059 470 5092 von
489 5043 597 5110 gleicher
613 5043 694 5093 [land
714 5043 771 5092 und
791 5045 874 5094 Dinte.
916 5045 1054 5109 Urmchrr'ft
1076 5045 1143 5094 wohl
1163 5060 1211 5093 von
1234 5045 1339 5094 anderer
1355 5043 1440 5093 Hand.
1477 5042 1606 5108 Datinmg
1629 5058 1684 5091 vom
1702 5043 1993 5108 Hauptkr'r'rpersckm'ba,

311 5117 420 5166 Bosonis
438 5116 511 5164 darr'n
528 5116 710 5182 nachgetragcn.
748 5115 802 5164 Mr't
823 5116 958 5166 riemliclrer
980 5116 1110 5166 Siclrcrlrer't
1134 5116 1165 5165 ist
1190 5132 1221 5164 ru
1247 5131 1333 5180 rogen,
1361 5115 1417 5164 dass
1443 5115 1481 5164 die
1500 5114 1709 5180 Presbyterfirmen
1727 5117 1774 5164 alle
1795 5131 1845 5165 von
1867 5117 1912 5166 der
1929 5122 1994 5166 ndat·

309 5190 387 5240 lichen
399 5187 480 5238 Hand
487 5189 544 5238 und
553 5188 629 5238 Dinte
638 5186 781 5251 tanturm,
798 5204 846 5238 von
863 5189 1046 5250 abracickcndcr,
1066 5189 1124 5238 aber
1140 5187 1228 5238 wieder
1244 5195 1316 5238 unm
1332 5187 1382 5236 siclt
1395 5186 1507 5255 gleicher,
1527 5186 1630 5236 werden
1648 5186 1685 5236 dir
1694 5186 1822 5238 Drbkonen
1836 5189 1992 5255 gerchr'eben.

614 5341 738 5348 .—--...

472 5455 497 5522 a)
516 5453 642 5506 Zwirchaen
660 5455 669 5504 i
687 5455 767 5505 undt
786 5457 878 5505 Rmrrr.
