4126 6366
1674 355 1732 434 361

54 540 173 616 tinent,
198 549 232 602 et
253 539 413 622 capellam
434 539 475 602 de
492 550 604 604 monte
621 540 786 605 Coriliano
803 561 876 604 cum
893 543 982 605 omni
999 545 1066 605 iure
1082 562 1151 604 suo.
1182 541 1391 605 Auctoritate
1407 560 1539 622 quoque
1554 541 1737 623 apostolica

56 629 300 704 interdicimus,
331 640 365 692 ut
389 649 450 692 nec
480 629 587 693 clerici
626 651 687 694 nec
717 631 870 694 monachi
903 652 960 694 seu
991 631 1128 714 quilibet
1158 631 1300 712 religiosi
1331 629 1521 694 interdictos
1545 631 1737 696 Grossetani

55 719 210 802 episcopi
233 718 285 781 vel
308 719 529 782 ministrorum
550 717 578 802 ³)
602 720 670 783 eius
695 721 726 783 in
750 721 896 784 ecclesiis
917 721 1058 784 scienter
1078 721 1236 803 recipiant
1259 719 1310 782 vel
1327 719 1388 782 illis
1404 720 1611 802 presentibus
1628 721 1738 784 divina

55 808 226 872 celebrent
257 807 367 870 officia
396 829 457 871 nec
485 808 527 872 ad
551 805 728 894 religiofnis
753 805 910 895 offici]um
934 810 1070 873 eosdem
1094 810 1397 873 excommunicatos
1421 810 1491 872 sine
1514 809 1738 874 satisfactione

55 899 250 980 suscipiant,
280 897 308 958 si
331 892 578 983 satisfaci[endi]
618 897 809 962 facultatem
840 899 1028 975 habuerint,
1060 920 1129 976 nec,
1160 901 1187 962 si
1211 900 1329 961 mortui
1354 899 1487 972 fuerint,
1518 918 1576 961 eos
1600 899 1738 981 sepelire

54 997 259 1068 presumant.
305 986 519 1049 Prohibemus
543 996 661 1064 autem,
691 1008 732 1050 ne
755 989 936 1071 presbiteri,
961 986 1119 1071 capellani
1143 989 1368 1063 ecclesiarum,
1399 987 1442 1050 ad
1466 988 1514 1048 ius
1538 987 1738 1052 Grossetane

54 1075 197 1139 ecclesie
224 1076 465 1158 pertinentium,
495 1077 584 1140 bona
607 1076 658 1139 vel
682 1078 910 1159 possessiones
934 1098 1044 1140 earum
1068 1079 1194 1159 absque
1217 1098 1351 1141 assensu
1375 1076 1565 1141 Grossetani
1590 1079 1737 1161 episcopi

55 1165 249 1240 distrahere,
272 1164 414 1228 vendere
430 1164 482 1227 vel
505 1164 652 1246 obligare
674 1175 866 1248 presumant
896 1187 952 1229 seu
977 1168 1041 1230 alio
1059 1167 1206 1248 quolibet
1221 1166 1316 1228 titulo
1333 1165 1481 1242 alienare,
1505 1174 1547 1241 et,
1571 1167 1598 1228 si
1616 1167 1737 1230 factum

56 1254 165 1330 fuerit,
196 1255 319 1316 irritum
343 1254 510 1317 habeatur.
556 1255 772 1318 Decernimus
796 1276 883 1338 erg0,
914 1266 950 1319 ut
973 1256 1051 1331 nulli
1075 1256 1211 1318 omnino
1241 1255 1411 1318 hominum
1435 1255 1546 1330 liceat,
1576 1257 1738 1337 prefatam

55 1343 232 1406 ecclesiam
257 1394 263 1408 .
288 1393 295 1406 .
320 1393 326 1406 .
350 1344 463 1405 usibus
486 1343 686 1406 omnimodis
708 1344 886 1426 profutura,
911 1345 1000 1408 salva
1017 1345 1103 1407 sedis
1121 1344 1302 1427 apostolice
1318 1345 1350 1407 in
1367 1345 1520 1406 omnibus
1536 1346 1738 1409 auctoritate.

56 1432 216 1514 Siqua.
242 1482 248 1495 .
273 1482 280 1494 .
304 1430 438 1495 Cunctis
463 1442 571 1496 autem
597 1483 603 1496 .
628 1483 634 1496 .
660 1484 666 1498 .
689 1434 809 1498 Amen.
832 1434 922 1497 Am.
944 1434 1064 1498 Amen.
1088 1469 1132 1480 -

274 1517 330 1605 (R)
353 1521 427 1603 Ego
451 1520 603 1585 Clemens
627 1522 789 1586 catholice
812 1524 948 1587 ecclesie
972 1525 1148 1606 episcopus
1172 1544 1214 1587 ss
1238 1519 1300 1607 (M)

273 1609 294 1692 †
317 1610 391 1692 Ego
415 1611 629 1675 Theobaldus
653 1613 841 1676 Hostiensis
864 1621 898 1676 et
920 1612 1132 1676 Velletrensis
1157 1613 1333 1695 episcopus
1356 1632 1398 1674 ss.
1422 1607 1490 1696 (11)

273 1733 317 1744 -
341 1694 385 1784 [†]
409 1700 483 1781 Ego
507 1700 670 1764 Iohannes
693 1702 855 1783 presbiter
878 1702 1051 1766 cardinalis
1074 1703 1123 1766 tit.
1147 1703 1250 1764 sancti
1275 1701 1380 1764 Marci
1403 1721 1445 1764 ss.

286 1785 306 1870 †
335 1788 409 1870 Ego
418 1790 589 1853 Laborans
600 1790 761 1872 presbiter
773 1791 945 1854 cardinalis
964 1802 1077 1855 sancte
1090 1792 1193 1855 Marie
1211 1790 1432 1854 transtiberim
1445 1790 1496 1853 tit.
1507 1787 1625 1852 Calixti
1638 1810 1679 1853 ss.
1690 1785 1737 1874 (1)

286 1874 306 1958 †
342 1877 416 1960 Ego
439 1877 581 1941 Albinus
605 1881 653 1942 tit.
676 1889 790 1943 sancte
814 1879 925 1944 Crucis
949 1881 982 1944 in
1006 1882 1179 1944 Ierusalem
1202 1880 1364 1963 presbiter
1387 1879 1559 1942 cardinalis
1582 1899 1624 1942 ss.

285 1964 306 2046 †
334 1966 408 2048 Ego
417 1967 535 2031 Melior
544 1970 706 2050 presbiter
715 1969 887 2032 cardinalis
898 1980 1086 2033 sanctorum
1094 1969 1248 2033 Iohannis
1262 1979 1294 2032 et
1304 1968 1393 2031 Pauli
1405 1969 1453 2031 tit.
1461 1969 1625 2031 Pamachii
1639 1988 1680 2032 ss.
1691 1963 1737 2052 (2)

286 2053 306 2137 †
342 2056 416 2138 Ego
440 2057 553 2119 Petrus
576 2059 625 2122 tit.
649 2059 753 2122 sancti
777 2057 983 2122 CLEMENTIS
1006 2059 1169 2142 presbiter
1192 2058 1364 2122 cardinalis
1387 2079 1429 2120 ss.

286 2142 306 2226 †
342 2144 416 2227 Ego
439 2146 535 2208 Bobo
558 2147 607 2210 tit.
631 2157 744 2211 sancte
766 2148 944 2212 Anastasie
967 2149 1129 2232 presbiter
1151 2147 1323 2211 cardinalis
1346 2169 1388 2210 ss.
1412 2144 1459 2230 (1)

286 2231 306 2314 i
341 2234 416 2316 Ego
439 2234 552 2298 Petrus
575 2237 624 2299 tit.
647 2238 751 2300 sancti
774 2237 939 2301 Laurentii
963 2241 996 2301 in
1020 2241 1168 2301 Damaso
1191 2237 1353 2319 presbiter
1375 2235 1547 2300 cardinalis
1571 2255 1613 2298 ss.
1661 2253 1669 2266 ·

286 2321 306 2406 †
342 2324 416 2406 Ego
439 2325 553 2387 Petrus
576 2327 739 2408 presbiter
761 2327 933 2390 cardinalis
956 2330 1005 2391 tit.
1029 2329 1133 2391 sancti
1156 2327 1242 2390 Petri
1265 2326 1308 2388 ad
1331 2325 1471 2389 Vincula
1494 2346 1536 2389 ss.

273 2447 316 2456 -
340 2410 360 2496 †
384 2412 458 2495 Ego
482 2409 668 2500 lac(inctus)
699 2414 856 2479 diaconus
890 2417 1063 2480 cardinalis
1095 2425 1208 2479 sancte
1231 2415 1334 2478 Marie
1363 2415 1397 2478 in
1421 2414 1602 2495 Cosmidyn
1625 2432 1667 2476 ss.
1690 2407 1737 2496 (1)

274 2497 295 2584 †
319 2501 392 2584 Ego
416 2498 641 2589 O[ctavianus]
665 2514 853 2568 sanctorum
877 2505 981 2587 Sergii
1005 2515 1038 2569 et
1060 2506 1163 2569 Bachi
1185 2505 1342 2568 diaconus
1366 2503 1538 2568 cardinalis
1561 2523 1603 2564 ss.
1627 2497 1674 2586 (1)

274 2586 295 2673 †
318 2590 392 2673 Ego
415 2592 512 2656 Bobo
535 2594 640 2657 sancti
663 2593 796 2676 Georgii
821 2595 863 2658 ad
885 2595 1005 2658 Velum
1029 2615 1162 2659 aureum
1185 2593 1343 2657 diaconus
1367 2592 1539 2657 cardinalis
1563 2612 1604 2654 ss.

274 2675 295 2762 †
318 2680 392 2762 Ego
416 2679 691 2766 GG.(Gregorius)
715 2684 874 2747 diaconus
898 2685 1071 2748 cardinalis
1095 2692 1209 2749 sancte
1232 2684 1335 2747 Marie
1359 2684 1391 2746 in
1415 2683 1544 2746 Porticu
1568 2701 1611 2744 ss.

274 2765 391 2852 †Ego
422 2771 585 2834 Iohannes
618 2772 697 2835 felix
727 2773 884 2836 diaconus
915 2773 1087 2838 cardinalis
1118 2773 1222 2837 sancti
1253 2773 1422 2836 Eustachii
1459 2773 1550 2834 iuxta
1578 2768 1738 2852 templum

487 2859 638 2943 Agrippe
662 2881 704 2925 ss.

273 2943 294 3030 †
317 2947 391 3029 Ego
414 2948 579 3012 Iohannes
602 2951 706 3014 sancti
729 2951 898 3015 Theodori
921 2951 1079 3016 diaconus
1102 2951 1275 3016 cardinalis
1297 2971 1340 3014 ss

272 3033 294 3120 †
317 3036 391 3118 Ego
413 3039 597 3102 Bernardus
620 3050 733 3104 sancte
756 3041 860 3104 Marie
882 3039 978 3105 Nove
1001 3042 1158 3106 diaconus
1181 3039 1353 3105 cardinalis
1376 3059 1418 3102 ss.
1441 3032 1488 3122 (4)

219 3126 296 3189 Dat.
319 3127 487 3204 Laterani,
518 3149 577 3210 per
606 3148 739 3192 manum
769 3130 896 3212 Moysi,
926 3141 1039 3195 sancte
1066 3133 1217 3195 Romane
1248 3129 1385 3195 ecclesie
1408 3125 1610 3202 subdiaconi,
1633 3124 1738 3188 vicem

55 3213 186 3293 agentis
198 3214 390 3279 cancellarii.
406 3229 432 3280 11
440 3217 516 3280 Idus
523 3217 658 3300 Aprilis.
675 3218 859 3283 indictione
871 3232 974 3284 sexta.
997 3221 1233 3284 lncamationis
1247 3219 1411 3283 dominice
1423 3225 1739 3281 annoncnxxxvnt.

53 3302 271 3366 Pontificatus
293 3325 372 3368 vero
396 3306 509 3369 domni
534 3306 741 3372 CLEMENTIS
764 3330 820 3391 pp.
844 3324 883 3373 ΠΙ
906 3331 993 3373 anno
1017 3311 1134 3392 primo.
1158 3347 1201 3355 -

222 3417 265 3469 Or.
286 3418 427 3486 (Balaam),
446 3419 480 3470 im
497 3421 612 3472 Archim'o
629 3423 657 3472 di
673 3423 740 3473 Stato
756 3440 787 3472 au
806 3423 884 3474 Siena.

220 3489 290 3557 Paerg.
309 3491 369 3553 irad,
388 3493 424 3542 br.
443 3497 529 3554 0,546,
554 3496 613 3560 lang
638 3497 707 3555 0,73,
733 3503 807 3545 unten
831 3497 893 3554 0,03
917 3497 1107 3562 umgesclrlagen,
1133 3495 1245 3544 durch?
1268 3495 1359 3544 [sicher
1378 3493 1435 3559 geht
1460 3492 1496 3543 die
1521 3507 1576 3540 rosa
1598 3489 1655 3539 und
1673 3488 1739 3553 gelbc

54 3559 244 3623 Seidenschmr,
263 3563 335 3613 deren
352 3564 477 3630 Blntiegel
490 3565 625 3630 abgefallen
643 3567 700 3616 aber
716 3568 830 3627 erhalfen,
849 3567 960 3632 Fallung
975 3568 1020 3616 der
1034 3567 1132 3616 Brdlm.
1168 3567 1305 3632 Ringkrm
1322 3566 1379 3614 und
1393 3567 1416 3614 E
1442 3564 1485 3613 der
1505 3561 1668 3627 Umersclmft
1690 3575 1738 3611 vm

53 3634 235 3684 abwriclrerrder
250 3643 324 3684 unser
339 3636 390 3684 sich
404 3637 509 3700 gleichcr
525 3639 607 3697 Diale,
626 3638 755 3704 Datinmg
771 3655 826 3688 vom
850 3639 1141 3706 Hauptktrperschmber,
1160 3638 1204 3687 das
1228 3639 1256 3687 M
1280 3639 1321 3687 des
1344 3635 1422 3687 Mosa
1451 3634 1525 3685 dania
1553 3635 1737 3699 nackgetragm,

54 3705 237 3772 Ztugmfimen
253 3723 308 3756 rum
323 3723 421 3772 grossen
444 3708 523 3758 flier'le
539 3725 587 3758 von
601 3709 707 3775 gleicher
724 3710 805 3760 Hand
819 3711 876 3761 aoid
890 3711 972 3760 Dim.

804 3996 872 4072 Nr.
899 4000 988 4072 415.

60 4125 210 4192 Clemens
226 4127 292 4192 III
302 4129 420 4192 nimmt
432 4129 495 4192 den
511 4129 675 4212 Magister
689 4129 804 4193 Petrus
820 4131 882 4193 mit
900 4130 1010 4193 seinen
1026 4126 1284 4192 Besitzthaimern
1309 4123 1344 4191 in
1365 4124 1596 4210 apostolisclzen
1611 4123 1736 4201 Schola,

124 4218 193 4281 ihm
211 4218 258 4281 im
274 4217 457 4282 Besondem
472 4218 527 4282 die
542 4218 713 4282 Prcibende
727 4218 789 4282 der
804 4217 927 4284 Kircfte
941 4239 1002 4281 von
1017 4215 1167 4300 Dairago
1184 4216 1243 4300 (D.
1261 4215 1409 4294 Milano)
1425 4214 1624 4297 bestdtigend
1641 4217 1676 4295 ¹).

686 4337 770 4398 1188
786 4335 863 4398 Mai
876 4337 926 4398 14.
957 4336 1109 4399 Lateran.

219 4451 371 4516 Clemens
394 4453 580 4536 episcopus,
604 4472 715 4515 servus
739 4472 905 4515 servorum
930 4453 992 4527 dei,
1016 4452 1138 4515 dilecto
1161 4450 1238 4527 filio,
1266 4449 1423 4531 magistro
1446 4449 1542 4511 Petro
1566 4448 1736 4526 canonico,

56 4538 197 4602 salutem
220 4551 254 4604 et
278 4541 496 4624 apostolicam
519 4541 794 4605 benedictionem.
840 4542 1057 4606 Sacrosancta
1072 4542 1224 4604 Romana
1240 4539 1377 4602 ecclesia
1394 4538 1532 4601 devotos
1549 4544 1582 4598 et
1598 4537 1736 4600 humiles

54 4628 142 4691 filios
166 4650 209 4692 ex
233 4641 362 4694 assuete
385 4633 516 4714 pietatis
540 4630 646 4694 offitio
670 4632 865 4712 propensius
889 4631 1023 4713 diligere
1047 4631 1216 4694 consuevit
1239 4639 1280 4704 et,
1304 4648 1345 4691 ne
1368 4645 1542 4709 pravorum
1566 4625 1736 4690 hominum

55 4717 218 4782 molestiis
242 4722 413 4802 agitentur,
437 4731 606 4803 tamquam
629 4721 685 4801 pia
701 4729 805 4783 mater
819 4741 877 4783 sue
892 4721 1107 4803 protectionis
1123 4719 1301 4782 munimine
1318 4716 1502 4780 confovere.
1541 4714 1735 4797 Eapropter,

56 4806 177 4870 dilecte
207 4809 240 4871 in
271 4809 407 4873 domino
437 4811 491 4887 fili,
522 4809 750 4884 devotionem,
781 4829 880 4891 quam
910 4830 987 4891 erga
1015 4810 1149 4873 beatum
1179 4808 1310 4871 Petrum
1341 4816 1373 4868 et
1402 4825 1463 4867 nos
1494 4805 1585 4885 ipsos
1615 4805 1736 4869 habere

55 4895 249 4974 dinosceris,
281 4899 497 4976 attendentes,
528 4917 704 4982 personam
727 4907 818 4961 tuam
841 4919 917 4962 cum
941 4899 1093 4962 omnibus
1125 4899 1231 4974 bonis,
1261 4906 1330 4959 tam
1360 4892 1598 4968 ecclesiasticis,
1637 4915 1735 4976 quam

54 4985 243 5064 mondanis,
275 5009 339 5070 que
366 4989 399 5052 in
423 4990 660 5072 presentiarum
684 4989 767 5050 iuste
791 4997 824 5050 et
847 4989 1004 5051 canonice
1027 4987 1179 5070 possides
1204 4996 1259 5050 aut
1283 4987 1315 5048 in
1340 4985 1481 5047 futurum
1506 4983 1597 5044 iustis
1627 4984 1735 5047 modis

53 5075 122 5139 deo
145 5077 293 5159 propitio
316 5079 440 5160 poteris
464 5078 610 5160 adipisci,
627 5078 688 5141 sub
703 5077 792 5141 beati
808 5078 893 5140 Petri
909 5087 943 5140 et
959 5087 1070 5140 nostra
1086 5077 1291 5159 protectione
1304 5073 1511 5155 suscipimus.
1550 5070 1737 5152 Spetialiter

52 5175 169 5228 autem
192 5167 405 5248 prebendam,
430 5187 528 5249 quam
552 5167 654 5231 habes
679 5167 711 5228 in
734 5166 873 5229 ecclesia
897 5166 939 5228 de
962 5167 1117 5248 Dairag0,
1147 5167 1231 5229 sicut
1254 5183 1327 5228 eam
1351 5163 1434 5225 iuste
1457 5169 1490 5223 et
1513 5161 1584 5223 sine
1607 5171 1735 5225 contro·

52 5255 164 5318 versia
194 5257 362 5337 possides,
393 5255 560 5320 devotioni
591 5265 646 5319 tue
676 5256 870 5319 auctoritate
892 5256 1076 5338 apostolica
1106 5255 1337 5318 confirmamus
1367 5261 1400 5314 et
1432 5251 1592 5333 presentis
1622 5253 1735 5335 scripti

52 5345 244 5426 patrocinio
275 5347 523 5409 communimus.
570 5345 768 5420 Statuentes,
799 5355 843 5420 ut,
867 5345 952 5408 site
976 5345 1008 5408 in
1032 5344 1142 5427 aliquo
1165 5343 1290 5426 gravari
1313 5339 1521 5425 presenseris,
1551 5337 1651 5403 libere
1674 5341 1735 5405 tibi

52 5433 164 5510 liceat,
188 5434 303 5498 sedem
326 5435 545 5518 apostolicam
569 5433 742 5517 appellare.
788 5433 876 5497 Nulli
893 5454 971 5516 ergo
987 5433 1123 5496 omnino
1139 5434 1310 5497 hominum
1326 5432 1431 5505 liceat,
1454 5447 1630 5510 personam
1645 5438 1736 5493 tuam

52 5523 107 5587 vel
137 5525 231 5587 bona
258 5533 382 5590 temere
411 5525 601 5609 perturbare
631 5543 688 5586 seu
717 5523 802 5586 hanc
832 5524 987 5606 paginam
1016 5533 1127 5587 nostre
1156 5521 1371 5605 protectionis
1408 5527 1441 5582 et
1477 5516 1735 5583 confirmationis

219 5707 247 5776 a)
265 5710 322 5760 Das
338 5709 415 5761 mate
433 5712 442 5760 i
458 5712 537 5762 durch
553 5709 763 5761 Korrekturen
778 5711 864 5760 Rasur
879 5725 927 5761 von
944 5712 1048 5775 spdferer
1064 5707 1146 5761 Hand
1159 5707 1298 5774 hergestdlt.
1319 5747 1369 5754 -.
1390 5711 1426 5773 ,1)
1451 5705 1528 5771 Vergl.
1553 5707 1590 5757 die
1620 5706 1737 5758 Urfnmde

54 5798 110 5832 vom
128 5783 165 5832 27
184 5781 262 5832 Mein
281 5785 462 5836 arro-1179.

109 5891 131 5920 v.
146 5878 438 5931 eitun-nunna,
452 5879 511 5921 Ante
523 5881 565 5921 111.
1483 5862 1518 5924 4⁶
