4126 6366
339 349 408 420 400

342 527 421 610 quid
445 528 522 590 iuris
544 527 597 591 vel
620 527 755 591 rationis
779 527 820 591 de
850 530 1006 611 predictis
1038 531 1091 594 vel
1120 529 1230 613 aliquo
1261 529 1484 612 predictorum
1516 536 1572 591 aut
1604 546 1717 590 eorum
1747 525 1923 590 occasione
1953 525 2007 588 sibi

340 617 392 679 vel
415 617 565 699 predicto
589 618 789 680 monasterio
813 620 1026 702 competebat
1048 620 1101 684 vel
1124 629 1313 702 competere
1336 627 1475 701 poterat,
1506 617 1614 681 eidem
1637 615 1814 692 Bonifati0,
1851 615 2008 697 recipienti

341 726 402 788 pro
427 706 552 769 domno
576 707 735 789 episcopo
759 716 792 770 et
816 707 1020 790 episcopatu,
1045 709 1146 785 dedit,
1169 709 1312 784 tradidit,
1337 709 1445 783 cessit,
1469 707 1593 770 remisit
1617 715 1715 788 atque
1738 704 1907 768 mandavit
1931 724 2008 767 eum·

342 816 406 877 que
429 796 462 858 in
485 815 554 858 rem
578 815 679 872 suam,
710 795 834 860 scilicet
864 798 1002 879 predicti
1026 800 1238 881 episcopatus
1262 806 1508 880 procuratorem
1539 794 1615 858 fecit
1648 805 1746 876 atque
1776 795 1947 857 constituit
1974 794 2009 856 de

341 905 401 946 suo
425 904 623 967 suorumque
646 893 891 948 antecessorum
914 897 948 950 et
970 888 1108 970 predicti
1133 887 1322 950 monasterii
1346 885 1425 948 dolo
1449 896 1482 948 et
1506 885 1629 948 factore
1649 881 1676 968 a)
1706 883 1942 965 promittendo,
1970 884 2010 946 sic

341 994 401 1056 per
430 974 542 1036 omnia
574 973 703 1037 firmum
734 985 768 1037 et
791 984 897 1038 ratum
928 976 1049 1040 habere
1080 987 1112 1040 et
1142 987 1255 1040 tenere
1284 977 1391 1039 eidem
1421 975 1590 1037 Bonifatio
1622 993 1683 1055 pro
1713 973 1864 1055 predicto
1896 971 2010 1034 domno

343 1063 503 1145 episcopo
527 1062 697 1145 stipulanti
720 1065 871 1146 promisit
894 1073 928 1128 et
944 1067 1098 1130 convenit
1122 1075 1155 1129 et
1177 1085 1212 1128 se
1229 1085 1372 1147 suosque
1388 1083 1595 1127 successores
1612 1071 1644 1125 et
1660 1063 1769 1145 ipsum
1785 1062 2012 1124 monasterium

342 1152 501 1234 obligavit
547 1153 608 1214 sub
640 1173 727 1234 pena
759 1153 872 1217 domni
902 1175 990 1238 pape
1022 1165 1056 1219 et
1086 1155 1199 1218 domni
1231 1153 1436 1237 imperatoris
1464 1163 1511 1230 et,
1541 1154 1568 1215 si
1593 1153 1625 1215 in
1648 1151 1759 1234 aliquo
1784 1152 1855 1233 ipse
1878 1150 1930 1214 vel
1951 1151 2012 1213 eius

342 1261 548 1304 successores
572 1241 623 1304 vel
647 1241 763 1324 aliquis
787 1263 848 1326 pro
870 1246 1070 1308 monasterio
1087 1253 1202 1308 contra
1218 1244 1353 1307 fecerint
1368 1243 1419 1306 vel
1434 1242 1591 1316 venerint,
1614 1239 1838 1324 suprascripto
1853 1239 2012 1302 Bonifatio

341 1331 511 1413 stipulanti
534 1351 595 1413 pro
620 1332 780 1414 episcopo
803 1342 837 1394 et
860 1333 1063 1416 episcopatu,
1087 1353 1208 1416 penam
1231 1343 1363 1396 centum
1379 1351 1561 1395 marcarum
1577 1331 1702 1411 argenti
1718 1330 1846 1392 solvere
1861 1329 2012 1412 promisit,

341 1440 377 1483 se
400 1440 544 1502 suosque
573 1440 779 1483 successores
817 1431 850 1484 et
873 1423 1058 1504 predictum
1081 1424 1316 1486 monasterium
1340 1430 1515 1504 propterea
1539 1419 1719 1502 obligando
1743 1429 1776 1482 et
1799 1417 1971 1501 pensando
1987 1415 2012 1500 b)

341 1508 448 1572 soluta
471 1509 591 1586 omnia,
615 1505 705 1592 (que)
728 1510 876 1592 predicta
899 1513 965 1576 sint
988 1512 1081 1576 firma
1104 1523 1137 1576 et
1160 1521 1239 1576 rata.
1262 1507 1399 1594 Insuper
1421 1510 1588 1594 predictus
1611 1509 1774 1592 presbiter
1796 1507 1964 1590 Garganus
1984 1517 2012 1569 et

339 1597 560 1662 Rusticheilus
581 1598 700 1662 Vitalis
724 1599 828 1677 Cecii,
858 1610 891 1663 et
921 1601 1083 1684 Ugolinus
1105 1601 1304 1677 Roselmini,
1334 1611 1367 1663 et
1390 1600 1500 1665 Guido
1533 1598 1754 1663 ildebrandini
1788 1597 1955 1674 cavalerii,
1985 1607 2012 1658 et

342 1686 549 1770 Compaguni
573 1687 752 1752 Malavolte
782 1699 815 1753 et
839 1689 1047 1755 Colbertinus
1069 1691 1179 1754 Bondi
1202 1711 1263 1772 pro
1287 1711 1323 1752 se
1346 1691 1530 1771 predictum
1553 1688 1653 1751 finem
1676 1696 1709 1750 et
1732 1685 1964 1749 refutationem
1985 1695 2012 1748 et

340 1778 595 1840 transactionem
611 1786 645 1840 et
659 1788 793 1861 pactum
810 1779 851 1842 de
871 1781 1005 1844 nomine
1025 1778 1052 1865 c)
1075 1781 1222 1862 petendo
1239 1778 1393 1855 lecerunt,
1417 1788 1450 1842 et
1466 1777 1719 1860 promissionem
1735 1786 1768 1839 et
1784 1775 2012 1858 obligationem

341 1874 374 1929 et
398 1866 509 1928 omnia
532 1866 595 1929 alia
617 1866 781 1947 predicta,
813 1869 897 1932 sicut
920 1891 979 1952 per
1002 1871 1113 1933 omnia
1136 1869 1260 1932 dictum
1289 1878 1338 1931 est
1369 1869 1533 1950 superius,
1564 1867 1626 1930 sub
1656 1866 1751 1948 penis
1781 1863 2012 1948 suprascriptis.

342 1955 416 2037 Que
438 1956 550 2018 omnia
574 1955 661 2019 facta
684 1967 759 2020 sunt
782 1978 843 2039 pro
867 1959 957 2021 libris
980 1968 1162 2023 trecentum
1187 1959 1314 2022 duabus
1330 1957 1537 2020 denariorum
1554 1975 1724 2030 novorum,
1747 1955 1864 2017 Pisane
1890 1963 2012 2016 monete

341 2065 427 2107 nunc
452 2045 617 2108 currentis.
664 2044 784 2109 Coram
808 2047 904 2110 Petro
928 2048 970 2110 de
994 2048 1133 2112 Cascina
1163 2047 1331 2129 quondam
1355 2046 1485 2109 Alberti
1509 2044 1643 2122 Adaldi,
1667 2053 1700 2107 et
1722 2044 1896 2107 Lucchese
1920 2063 2011 2124 quon·

342 2133 418 2196 dam
443 2182 700 2198 .........
724 2145 757 2198 et
780 2134 851 2199 aliis
881 2136 1028 2220 pluribus
1056 2136 1212 2212 testibus,
1246 2136 1289 2199 ad
1313 2136 1374 2199 hec
1397 2135 1536 2217 rogatis,
1569 2153 1656 2197 anno
1687 2134 1866 2196 nativitatis
1898 2132 2011 2194 domini

341 2221 518 2285 millesimo
553 2225 734 2286 centesimo
758 2226 974 2306 nonagesimo
1004 2241 1037 2290 v.
1069 2225 1177 2289 Pridie
1200 2226 1315 2288 Nonas
1338 2225 1489 2306 Augusti.
1537 2223 1720 2286 indictione
1742 2221 1969 2285 tertiadecima
1986 2219 2012 2304 ¹).

340 2312 464 2375 Actum
498 2312 529 2374 in
562 2311 637 2375 loco
661 2313 807 2389 Bibone,
837 2335 942 2398 prope
973 2315 1229 2398 suprascriptam
1261 2313 1433 2378 ecclesiam
1464 2314 1568 2376 sancti
1601 2313 1709 2375 Blasii.
1755 2312 1834 2374 Post
1865 2311 1928 2374 hec
1959 2309 2012 2372 alia

341 2401 494 2483 proxima
517 2402 666 2483 sequenti
690 2401 743 2465 die
763 2403 796 2465 in
812 2403 962 2484 predicto
978 2405 1053 2467 loco
1069 2405 1198 2467 Bibone
1214 2423 1325 2466 coram
1342 2403 1491 2485 predicto
1507 2403 1603 2465 Petro
1627 2410 1660 2464 et
1674 2401 1844 2464 Lucchese
1866 2400 2012 2462 Pincione

342 2489 510 2572 quondam
526 2489 695 2554 Rusticelli
710 2487 943 2577 P<ro)incionis
962 2491 1001 2578 d),
1017 2494 1168 2556 Rainone
1184 2492 1352 2575 quondam
1368 2493 1451 2555 Pieri
1466 2492 1640 2566 PincioniS,
1656 2490 1848 2554 Albertinus
1864 2489 2011 2571 Riguccii,

341 2578 562 2642 Rusticheilus
585 2581 751 2658 Bernardi,
783 2582 990 2646 Bonacursus
1015 2582 1117 2655 Corsi,
1148 2583 1203 2664 qui
1228 2601 1343 2645 omnes
1372 2581 1566 2644 dicebantur
1596 2601 1669 2644 esse
1698 2581 1739 2642 de
1771 2579 1925 2662 predicto
1948 2577 2011 2640 loco

341 2668 478 2744 Bibone,
502 2677 535 2731 et
551 2669 719 2750 Borghese
742 2669 784 2732 de
809 2720 1066 2736 .........
1090 2670 1203 2734 fideles
1226 2671 1373 2753 predicte
1397 2670 1539 2745 abbatie,
1564 2668 1733 2733 audientes
1753 2678 1787 2732 et
1802 2667 2011 2749 intelligentes

342 2757 454 2819 omnia
484 2756 647 2839 predicta,
678 2759 944 2841 approbaverunt
974 2771 1007 2824 et
1037 2760 1311 2824 confirmaverunt
1336 2761 1446 2822 omnia
1469 2759 1698 2841 suprascripta.
1745 2757 1874 2820 Eadem
1900 2756 2011 2840 quippe

342 2846 395 2908 die
419 2845 452 2908 in
475 2845 600 2909 eisdem
623 2846 807 2910 confinibus
832 2847 872 2911 de
895 2850 1024 2913 Bibone
1048 2870 1159 2913 coram
1187 2849 1344 2931 predictis
1367 2849 1463 2911 Petro
1496 2849 1539 2910 de
1562 2846 1702 2911 Cascina
1732 2857 1764 2910 et
1787 2847 1936 2909 Luccese
1957 2845 2011 2906 Ro

341 2933 457 2997 landus
481 2934 524 2998 de
539 2935 665 2998 Laiano
689 2936 893 3000 confirmavit
917 2939 1028 3002 omnia
1051 2940 1207 3020 predicta.
1247 2937 1373 3000 Eadem
1391 2937 1523 3019 quidem
1540 2936 1594 2999 die
1609 2937 1777 3000 venientes
1793 2935 1836 2998 ad
1852 2935 2010 3017 quoddam

342 3032 485 3086 castrum
508 3025 610 3106 ipsius
634 3025 743 3088 abatie
771 3025 813 3088 de
837 3025 967 3104 Serena,
999 3027 1089 3110 quod
1113 3027 1300 3090 nominatur
1322 3026 1511 3102 Castilione,
1545 3046 1655 3089 coram
1679 3024 1835 3108 predictis
1859 3026 1957 3087 Petro
1977 3023 2010 3084 de

344 3111 483 3176 Cascina
517 3124 550 3176 et
582 3114 754 3177 Lucchese
787 3115 949 3198 presbiter
982 3116 1166 3180 Bernardus
1201 3115 1338 3179 ecclesie
1373 3116 1474 3198 ipsius
1510 3117 1607 3178 castri
1642 3115 1683 3178 de
1720 3113 1919 3190 Castilione,
1959 3133 2011 3194 que

343 3200 482 3264 ecclesia
506 3201 676 3266 dicebatur
697 3223 770 3266 esse
801 3205 903 3286 ipsius
936 3205 1085 3281 abbatie,
1115 3214 1147 3268 et
1171 3205 1404 3268 Martinuccius
1436 3204 1605 3287 quondam
1627 3205 1731 3279 Petri,
1765 3205 1820 3285 qui
1851 3203 2011 3266 dicebatur

343 3290 385 3353 ab
414 3290 487 3372 ipso
520 3291 641 3354 abbate
673 3312 745 3354 esse
776 3293 957 3370 castaldus,
990 3304 1023 3358 et
1053 3295 1183 3358 oblatus
1217 3294 1355 3376 predicti
1385 3293 1590 3369 monasterii,
1623 3302 1656 3357 et
1678 3294 1845 3374 Paganus,
1877 3301 1912 3354 et
1935 3292 2010 3372 Ugo

342 3379 426 3442 linus
449 3381 653 3443 Buiamontis
677 3381 719 3444 de
742 3383 892 3464 predicto
915 3383 991 3447 loco
1012 3383 1200 3458 Castilione,
1225 3385 1280 3464 qui
1305 3383 1499 3447 dicebantur
1520 3403 1592 3446 esse
1615 3381 1729 3445 fideles
1752 3381 1855 3464 ipsius
1881 3382 2011 3450 abbatie

342 3467 616 3532 confirmaverunt
655 3470 803 3553 predicta
842 3474 962 3537 omnia.
1013 3475 1092 3536 Post
1132 3473 1193 3534 hec
1232 3472 1295 3535 alia
1327 3473 1480 3554 proxima
1509 3473 1658 3555 sequenti
1691 3471 1746 3534 die
1779 3471 1950 3534 venientes
1977 3467 2011 3531 ad

340 3557 525 3639 predictum
564 3560 798 3623 monasterium
838 3571 951 3626 sancte
981 3563 1084 3626 Marie
1125 3561 1167 3624 de
1197 3560 1319 3624 Serena
1351 3581 1462 3625 coram
1492 3562 1647 3643 predictis
1679 3562 1776 3624 Petro
1809 3560 1851 3623 de
1884 3559 2011 3624 Cascina

341 3657 374 3710 et
397 3647 581 3724 Lucchese,
614 3648 743 3711 donnus
767 3649 931 3714 Gerardus
962 3652 1123 3734 presbiter
1152 3659 1185 3713 et
1218 3651 1399 3714 monachus
1430 3651 1565 3714 audiens
1596 3659 1628 3714 et
1659 3649 1844 3732 intelligens
1875 3649 2012 3731 predicta

341 3738 461 3812 omnia,
485 3757 525 3800 ea
547 3739 660 3801 omnia
683 3739 879 3821 approbavit
903 3751 936 3803 et
959 3741 1173 3805 confirmavit.
1219 3740 1357 3822 Insuper
1377 3742 1410 3802 in
1426 3741 1608 3803 continenti
1624 3758 1735 3802 coram
1752 3739 1912 3822 predictis
1928 3739 2011 3801 Petro

341 3833 374 3888 et
400 3825 587 3902 Lucchese,
618 3827 650 3889 in
681 3828 834 3890 omnibus
867 3828 1023 3911 predictis
1053 3829 1193 3894 testibus
1223 3830 1364 3911 rogatis,
1394 3828 1588 3892 Albertinus
1618 3848 1794 3892 conversus
1825 3838 1859 3891 et
1893 3828 2011 3892 oblatus

342 3914 444 3996 ipsius
468 3915 601 3979 abbatie
624 3916 736 3979 omnia
759 3919 980 4001 suprascripta
1004 3919 1201 4002 approbavit
1225 3929 1258 3982 et
1287 3918 1500 3982 confirmavit.
1547 3919 1711 3981 Mercatus
1742 3917 1922 3999 imperialis
1951 3915 2011 3979 aule

341 4003 441 4066 iudex
464 4005 645 4068 ordinarius
670 4014 702 4068 et
726 4008 871 4069 notarius
896 4009 1049 4071 omnibus
1078 4007 1234 4092 predictis
1266 4017 1299 4070 et
1323 4008 1498 4089 utrobique
1531 4007 1575 4069 fui
1606 4015 1639 4070 et
1671 4008 1733 4070 hec
1763 4007 1877 4069 omnia
1911 4004 2010 4069 litteris

341 4092 480 4173 publicis
504 4095 704 4157 confirmavi.
727 4129 770 4138 -
794 4095 882 4159 Nulli
907 4117 985 4179 ergo
1009 4099 1145 4161 omnino
1169 4095 1340 4160 hominum
1369 4095 1479 4174 liceat,
1509 4095 1594 4160 hanc
1618 4097 1773 4180 paginam
1803 4106 1919 4159 nostre
1947 4113 2010 4158 con·

341 4180 534 4245 firmationis
558 4183 731 4264 infringere
754 4183 806 4246 vel
829 4185 858 4246 ei
890 4206 969 4249 ausu
1000 4187 1173 4250 temerario
1203 4187 1374 4248 contraire.
1421 4185 1455 4250 Si
1486 4186 1559 4268 quis
1590 4194 1700 4249 autem
1731 4184 1795 4248 hoc
1827 4193 2010 4267 attemptare

340 4273 584 4353 presumpserit,
609 4271 868 4353 indignationem
896 4275 1133 4357 omnipotentis
1157 4274 1209 4338 dei
1234 4284 1267 4338 et
1296 4274 1468 4338 beatorum
1492 4275 1577 4338 Petri
1609 4284 1641 4338 et
1663 4274 1764 4352 Pauli,
1794 4274 2009 4358 apostolorum

341 4360 419 4436 eius,
443 4380 480 4422 se
503 4361 630 4424 noverit
645 4359 855 4426 incursurum.
879 4399 922 4408 -
945 4365 1022 4428 Dat.
1039 4364 1201 4440 Laterani,
1224 4375 1313 4427 xvm
1329 4363 1470 4428 Kalend.
1486 4365 1646 4428 Decemb.
1685 4363 1901 4428 Pontificatus
1919 4359 2008 4426 nostri

341 4467 429 4512 anno
453 4449 578 4530 quintu.

500 4563 654 4630 Beglaubigie
670 4564 796 4630 Absclm'ft
812 4565 852 4614 des
871 4567 903 4616 13
923 4567 1016 4631 Jahrb.
1036 4563 1095 4630 (Ἰ.
1115 4569 1168 4634 00),
1186 4566 1220 4617 im
1239 4565 1353 4618 Archiur'o
1370 4565 1542 4617 Arciuescnm'le
1558 4583 1590 4616 su
1607 4566 1700 4616 Lacca.

1085 4769 1152 4844 Nr.
1182 4773 1273 4847 476.

345 4895 488 4961 (blestin
504 4898 569 4964 III
579 4899 728 4984 bestutqt
742 4899 804 4964 das
826 4900 960 4979 Urtheil,
981 4901 1117 4966 welches
1132 4901 1192 4966 der
1206 4903 1349 4982 Bisclrof
1360 4921 1421 4966 von
1437 4899 1573 4965 Florem
1589 4901 1623 4964 in
1637 4899 1711 4964 dem
1727 4899 1847 4964 Streite
1860 4897 2006 4965 swucler

414 4986 489 5052 dem
504 4987 659 5070 Bisclrofe
672 5010 734 5054 von
748 4989 870 5055 Arerzo
885 4991 955 5054 und
967 4991 1040 5055 dem
1057 4992 1230 5075 Hospitale
1244 5013 1305 5057 von
1320 4990 1506 5056 Pontevalle
1522 4989 1581 5071 (D.
1597 4989 1737 5067 Aresso)
1745 4989 1876 5073 gefdllt
1887 4989 1951 5053 kat.

934 5109 1018 5169 1196
1032 5107 1172 5181 Januar
1185 5110 1241 5172 26.
1274 5108 1424 5171 Lateran.

500 5219 682 5284 Celestinus
706 5223 892 5304 episcopus,
916 5243 1027 5286 servus
1051 5245 1218 5288 servorum
1242 5223 1304 5300 dei,
1328 5221 1504 5287 venerabili
1530 5223 1627 5299 fratri,
1651 5221 1792 5285 Aretino
1809 5221 1963 5304 episcopo
1976 5213 2004 5298 ¹),

340 5308 478 5372 salutem
501 5319 535 5373 et
558 5310 775 5392 apostolicam
799 5311 1073 5377 benedictionem.
1119 5313 1215 5377 Iustis
1239 5307 1483 5399 (petitionibus)
1500 5313 1682 5393 petentium
1699 5311 1871 5374 desideriis
1887 5311 2004 5391 dignum

339 5407 391 5462 est
421 5419 481 5463 nos
512 5399 641 5464 facilem
673 5401 810 5482 prebere
843 5421 1041 5465 consensum
1073 5412 1106 5466 et
1128 5413 1224 5479 vota,
1258 5423 1322 5484 que
1354 5423 1373 5465 a
1403 5401 1537 5464 rationis
1568 5401 1698 5464 tramite
1729 5420 1796 5463 non
1821 5398 2003 5468 discordant.

340 5488 459 5552 effectu
496 5498 717 5573 prosequente
751 5489 926 5572 complere.
980 5492 1181 5574 Eapropter,
1227 5489 1423 5556 venerabilis
1460 5491 1492 5553 in
1524 5487 1655 5554 Christo
1686 5489 1801 5566 frater,
1833 5490 1898 5552 tuis
1927 5483 2003 5550 iustis

499 5685 525 5746 ι)
547 5685 612 5734 Odcr
627 5689 762 5749 pronctore
840 5684 867 5750 b)
887 5683 944 5749 pen’
1033 5685 1058 5750 c)
1077 5683 1101 5734 n'
1191 5643 1219 5752 d)
1236 5685 1293 5734 oder
1309 5684 1441 5735 Sincionis.
1463 5721 1514 5728 .-
1532 5681 1572 5752 .1)
1591 5686 1656 5734 1195
1675 5685 1773 5750 Augror
1789 5687 1815 5733 4.
1906 5681 1931 5746 2)
1954 5677 2003 5728 War

339 5754 469 5816 Amnum,
490 5757 668 5806 1183-1203.
