4142 6366
1064 489 1130 567 Nr.
1164 494 1248 568 190.

321 625 506 690 Alexander
520 627 585 690 III
601 625 730 712 befielzll
751 625 824 690 dem
840 623 1055 705 Eradr'sclcefe
1077 645 1137 688 von
1169 625 1365 708 Tarragena,
1387 627 1461 690 dem
1483 625 1698 712 Erabzsclease
1719 647 1780 688 van
1813 622 1929 688 Teleda
1950 623 2006 686 als

320 717 491 780 Primalen
514 739 555 780 an
571 715 755 800 gedarclren
778 715 847 778 nnd
864 715 976 794 dasr'e'r
996 736 1040 777 an
1062 735 1186 797 sargan,
1208 715 1286 778 dass
1308 712 1394 779 senne
1410 715 1604 800 Suffragane
1625 717 1679 779 ee'n
1695 714 1843 799 glee'ckes
1866 715 1946 777 tleun
1965 717 2005 794 ι).

1048 833 1268 894 1159-1160.

480 946 672 1010 Alexander
695 949 879 1030 episcopm,
903 969 1013 1011 servus
1037 967 1203 1011 servorum
1227 947 1289 1022 dei,
1313 947 1489 1010 venerabili
1515 947 1613 1024 fratri,
1634 949 1874 1011 Tarraconensi
1899 947 2004 1009 archi-

321 1039 480 1121 episcopo
497 1036 531 1121 ²),
563 1038 700 1100 salutem
724 1048 757 1099 et
784 1038 1001 1118 apostolicam
1033 1038 1308 1100 benedictionem.
1356 1036 1421 1117 Qui
1451 1036 1604 1118 gaudent,
1637 1037 1803 1100 inferiores
1834 1038 1897 1100 sibi
1930 1056 2007 1099 esse

320 1129 495 1202 subiectos,
519 1127 740 1208 superioribus
764 1129 830 1189 suis
854 1126 1001 1189 debitam
1025 1126 1248 1189 obedientiam
1268 1146 1335 1188 non
1353 1125 1476 1188 debent
1496 1127 1686 1190 subtrahere
1709 1137 1765 1189 aut
1784 1127 2006 1189 reverentiam

322 1217 485 1297 denegare
509 1225 569 1278 etc.
615 1217 675 1278 Per
698 1216 882 1297 apostolica
904 1217 1026 1296 scripta
1043 1216 1245 1290 mandamus,
1270 1224 1430 1295 quatenus
1446 1216 1554 1278 eidem
1570 1217 1817 1298 archiepiscopo
1834 1214 2005 1277 Toletano

321 1318 478 1386 tanquam
502 1305 632 1387 primati
656 1316 714 1367 tuo
738 1305 884 1368 debitam
909 1305 1132 1368 obedientiam
1157 1315 1190 1366 et
1214 1306 1427 1367 reverentiam
1444 1307 1514 1367 sine
1530 1306 1640 1386 aliqua
1656 1306 1807 1368 molestia
1822 1315 1856 1367 et
1872 1314 2006 1367 contra·

322 1396 467 1458 dictione
498 1393 663 1469 exhibeas
694 1395 868 1475 promittas
893 1405 925 1456 et
949 1415 969 1456 a
990 1394 1191 1475 suhaganeis
1221 1395 1284 1456 tuis
1316 1394 1415 1456 facias
1444 1395 1591 1457 exhiberi
1624 1405 1679 1457 aut
1706 1415 1765 1475 per
1795 1405 1828 1456 te
1857 1395 1911 1456 vel
1943 1413 2009 1474 per

322 1484 546 1566 responsalem
578 1483 781 1546 suficientem
813 1484 897 1546 infra
926 1504 986 1545 sex
1014 1504 1143 1545 menses
1167 1494 1245 1563 post
1266 1483 1381 1545 harum
1405 1485 1648 1565 susceptionem
1673 1494 1705 1546 et
1728 1505 1826 1565 super
1849 1482 1915 1546 hoc
1939 1492 2007 1545 etc.

482 1595 613 1661 Abschn‘sl,
637 1597 693 1646 Cad.
716 1597 742 1646 C.
762 1597 797 1646 23
807 1598 859 1662 sal.
878 1598 936 1655 871),
956 1597 982 1646 in
1001 1597 1045 1645 der
1062 1596 1126 1646 Bill.
1150 1597 1315 1646 Vallicelliana
1333 1613 1363 1645 ru
1384 1599 1453 1648 ll’arn.

482 1671 555 1718 Danu
572 1669 603 1717 ist
619 1669 736 1719 lernerkl:
759 1670 786 1717 ln
806 1668 912 1732 registro
931 1668 1068 1717 Alexandri
1087 1669 1151 1718 libro
1170 1669 1190 1731 1,
1210 1685 1307 1718 narnus
1323 1669 1373 1718 sicle
1391 1670 1428 1719 die
1446 1668 1575 1736 Danirmg
1590 1669 1681 1734 ergr'ebl.

1067 1846 1133 1920 Nr.
1165 1851 1250 1922 191.

323 1979 508 2044 Alexander
523 1978 587 2042 Ill
607 1977 735 2062 befielell
748 1980 821 2043 dem
838 1978 1051 2060 Erabe‘scleofe
1074 2001 1135 2042 van
1151 1979 1272 2062 Braga,
1296 1979 1369 2042 dem
1393 1978 1602 2060 Erebiscdefe
1622 2001 1683 2044 ven
1715 1979 1829 2043 Teleda
1851 1978 1904 2042 als
1927 1977 2007 2040 Pri-

856 2077 962 2133 rnalen
978 2069 1029 2132 bei
1043 2069 1154 2148 Strafe
1168 2089 1209 2132 au
1217 2067 1403 2152 gelrarcleen
1423 2069 1460 2154 ³).

1050 2186 1270 2248 1159-1160.

483 2300 674 2364 Alexander
703 2301 894 2384 episcopm,
938 2323 1048 2364 servus
1079 2321 1245 2364 servorum
1278 2302 1346 2377 dei,
1385 2301 1563 2365 venerabili
1603 2301 1708 2378 fratri,
1748 2300 2007 2384 archiepiscopo

323 2391 535 2455 Bracharensi
551 2388 586 2476 ⁴),
609 2391 746 2454 salutem
770 2401 803 2453 et
826 2391 1043 2472 apostolicam
1066 2391 1342 2454 benedictionem.
1383 2388 1428 2467 Si,
1453 2401 1577 2473 quanta
1599 2393 1641 2454 sit
1664 2390 1874 2454 obedientiae
1890 2391 2007 2466 virtus,

324 2482 437 2544 debita
459 2479 629 2561 vigilantia
652 2481 813 2562 cogitares
838 2490 878 2554 et,
903 2492 1061 2562 quantum
1085 2482 1158 2562 ipsa
1180 2480 1328 2544 utilitatis
1351 2481 1464 2543 afferat
1489 2481 1614 2544 intenta
1636 2501 1765 2543 curares
1792 2480 2008 2543 solicitudine

325 2571 556 2652 concupiscere
570 2576 630 2632 etc.
654 2571 834 2650 nequitiam
849 2570 1080 2651 presumtionis
1097 2581 1151 2656 tue
1168 2580 1224 2632 aut
1239 2568 1443 2656 contumacie
1459 2570 1591 2633 ulterius
1607 2571 1779 2652 corrigaris
1799 2567 1835 2653 a),
1874 2567 2009 2632 Frater·

326 2661 419 2722 nitati
436 2670 491 2744 tue
508 2679 567 2740 per
590 2659 774 2740 apostolica
789 2659 912 2740 scripta
927 2659 1129 2734 mandamus
1155 2670 1316 2740 quatenus
1340 2660 1468 2741 prelato
1494 2659 1581 2721 fratri
1606 2671 1727 2735 nostro,
1753 2659 2011 2740 archiepiscopo

325 2748 488 2811 Toletano
505 2744 540 2831 ξ’),
565 2749 615 2810 cui
640 2749 671 2809 in
696 2757 767 2811 toto
785 2749 965 2829 Hispaniae
989 2768 1091 2829 regno
1115 2748 1379 2811 confirmavimus
1403 2748 1587 2830 apostolica
1607 2749 1799 2812 auctoritate
1815 2749 2010 2830 primatum,

326 2838 472 2900 debitam
496 2837 708 2899 reverentiam
732 2845 890 2918 tanquam
912 2837 1044 2919 primati
1061 2847 1117 2900 tuo
1135 2849 1167 2901 et
1189 2838 1415 2901 omnimodam
1436 2839 1672 2902 subiectionem
1696 2839 1877 2921 impendas,
1904 2840 2009 2900 etiam

326 2937 359 2989 et
383 2928 442 2990 nisi
474 2927 517 2988 ad
547 2926 709 3012 prefatum
741 2925 1025 3008 archiepiscopum
1057 2947 1130 2989 cum
1161 2929 1251 2989 omni
1279 2928 1461 2990 humilitate
1489 2929 1662 2991 accesseris
1692 2939 1725 2991 et
1756 2929 1783 2990 ei
1818 2927 1861 2990 de
1892 2939 2009 2989 cetero

326 3016 485 3078 curaveris
515 3015 667 3090 obedire,
699 3014 741 3077 ab
771 3017 860 3078 omni
894 3015 1075 3096 pontificali
1106 3016 1216 3079 officio
1250 3025 1283 3080 te
1316 3016 1465 3080 iubemus
1496 3038 1566 3080 esse
1596 3036 1790 3099 suspensum
1820 3027 1855 3079 et
1887 3037 2009 3079 ornnes

325 3105 548 3187 suffraganeos
571 3114 646 3167 tuos
669 3104 711 3167 ab
736 3105 927 3168 obedientia
949 3126 1091 3193 persone
1114 3116 1168 3192 tuq
1193 3107 1394 3169 absolvimus
1418 3117 1478 3170 etc.

484 3217 612 3283 Absrhn'ft,
635 3218 691 3266 Cad.
715 3218 742 3271 C.
761 3219 794 3267 23
804 3220 856 3282 sal.
875 3221 932 3279 aab,
952 3219 978 3268 in
997 3221 1041 3268 der
1057 3220 1120 3270 Bibl.
1145 3220 1310 3269 lallicelliana
1327 3237 1356 3269 nu
1374 3223 1444 3272 ll'ana

483 3291 557 3339 Danu
575 3290 605 3339 ist
621 3290 755 3339 vernurkl:
777 3291 806 3339 ln
826 3291 931 3356 registro
952 3292 1089 3341 Alexandri
1107 3291 1143 3341 lIl
1161 3291 1204 3342 lib.
1224 3293 1243 3351 1,
1262 3307 1359 3341 naerens
1376 3293 1426 3341 sicle
1444 3292 1481 3341 die
1498 3291 1628 3357 Datimng
1644 3293 1734 3358 ergiebl.

1068 3469 1137 3544 Nr.
1168 3473 1255 3545 192.

325 3601 510 3667 Alexander
520 3600 565 3664 II
563 3601 586 3664 I
597 3599 724 3684 befielzlt
738 3601 811 3664 dem
820 3600 1029 3681 Erebesclzefe
1044 3624 1104 3666 nan
1120 3602 1231 3686 Braga
1247 3602 1317 3666 und
1327 3603 1440 3667 dassen
1456 3602 1685 3690 Suffraganen,
1700 3601 1773 3666 dem
1790 3599 2012 3682 Erebisclease

785 3711 846 3753 van
870 3690 983 3755 Teleda
997 3692 1049 3754 als
1064 3689 1232 3756 Preinaten
1247 3713 1288 3756 au
1297 3693 1481 3775 gelrarclren
1498 3696 1539 3772 l).

1053 3800 1273 3860 1159-1160.

483 3913 675 3976 Alexander
712 3911 902 3994 episcopus,
943 3935 1054 3977 servus
1089 3935 1256 3978 servorum
1288 3914 1355 3991 dei,
1397 3913 1574 3978 venerabili
1609 3913 1714 3990 fratri,
1750 3912 2009 3996 archiepiscopo

324 4002 544 4077 Bracharensi,
568 4010 601 4065 et
625 4003 692 4065 eius
715 4003 927 4083 suffraganeis
950 4004 1088 4066 salutem
1113 4014 1146 4068 et
1161 4003 1378 4087 apostolicam
1395 4004 1670 4067 benedictionem.
1709 4001 1793 4067 Cum
1808 4003 1851 4066 sit
1868 4003 2010 4084 dignum

324 4104 357 4154 et
391 4093 597 4168 conveniens,
634 4091 724 4172 quod
759 4091 881 4155 subditi
915 4092 1050 4177 prelatis
1082 4095 1147 4157 suis
1181 4095 1345 4157 humiliter
1368 4094 1517 4156 deferant
1539 4104 1572 4156 et
1604 4093 1751 4156 debitam
1775 4093 1823 4155 eis
1850 4093 2011 4156 studeant

324 4181 547 4244 obedientiam
586 4190 619 4243 et
657 4180 871 4242 reverentiam
911 4181 1068 4245 exhibere
1101 4194 1171 4260 etc,
1211 4203 1271 4265 per
1308 4185 1425 4246 iterata
1461 4182 1557 4246 vobis
1587 4184 1710 4266 scripta
1744 4182 1941 4245 mandamus
1975 4193 2011 4245 et

324 4269 515 4332 mandando
539 4269 746 4355 precipimus,
771 4280 931 4350 quatenus
956 4271 1020 4333 iam
1044 4273 1134 4335 dicto
1159 4273 1408 4354 archiepiscopo
1427 4269 1451 4357 ἵ)
1475 4282 1508 4335 et
1524 4281 1658 4335 eatenus
1674 4273 1920 4335 successoribus
1936 4273 2009 4334 eius

325 4359 392 4421 iure
407 4359 580 4441 primatiae
596 4358 742 4421 debitam
759 4359 991 4435 obedientiam,
1008 4363 1098 4424 omni
1115 4362 1376 4425 contradictione
1389 4373 1422 4424 et
1431 4362 1655 4444 appellatione
1672 4371 1807 4436 remota,
1824 4361 1910 4423 infra
1922 4361 2009 4424 duos

323 4468 451 4511 menses
467 4456 544 4530 post
559 4448 673 4510 harum
688 4449 933 4529 susceptionem
948 4449 1114 4513 humiliter
1129 4451 1328 4533 impendatis
1343 4450 1523 4514 honoribus
1539 4451 1718 4532 pervenire.
1743 4449 1802 4514 Sin
1818 4461 1931 4513 autem
1943 4459 2007 4512 etc.

483 4561 614 4626 Alsclrrisl‚
638 4561 695 4611 Ced.
718 4561 745 4610 C.
763 4561 798 4611 23
808 4564 859 4627 sel.
877 4565 920 4625 84,
938 4564 965 4613 in
983 4565 1025 4612 der
1043 4565 1105 4613 Bill.
1130 4565 1294 4615 Vallieellrana
1312 4580 1342 4614 ru
1359 4569 1428 4615 Rom.

483 4634 555 4683 Dant
573 4634 604 4682 ist
620 4633 754 4683 aermerkl:
778 4633 808 4682 ln
827 4634 932 4698 registro
951 4636 1088 4686 Alexandri
1106 4636 1142 4686 111
1161 4639 1204 4687 lib.
1224 4636 1244 4697 I,
1264 4653 1361 4686 weram
1377 4638 1427 4686 sicli
1444 4637 1482 4686 die
1499 4638 1630 4702 Datr'rnng
1645 4637 1739 4702 ergiell.

1067 4814 1133 4888 Nr.
1168 4819 1254 4890 193.

323 4941 513 5008 Alexander
528 4941 593 5006 Ill
610 4943 761 5026 bestdligt
781 4944 854 5007 dem
872 4945 972 5010 Prior
995 4947 1098 5010 Verne
1120 4967 1180 5010 ven
1197 4945 1265 5010 San
1282 4945 1444 5010 Fredeana
1459 4947 1498 5010 di
1512 4948 1617 5011 Lucra
1633 4946 1695 5010 den
1712 4943 1819 5012 Bestia
1833 4965 1894 5010 van
1912 4945 2006 5011 Sanl

695 5032 828 5097 Andrea
842 5033 882 5097 di
898 5033 1044 5098 Carrara
1053 5035 1117 5117 (D.
1130 5037 1237 5119 Luna)
1254 5035 1323 5098 nnd
1335 5035 1455 5099 andere
1473 5035 1575 5101 anter
1590 5037 1628 5122 8).

910 5145 992 5204 1160
1009 5141 1185 5205 December
1198 5145 1251 5204 21.
1275 5140 1415 5224 Anagni.

482 5255 710 5320 ALEXANDER
735 5256 919 5339 episcopus,
944 5277 1054 5320 servus
1077 5279 1244 5321 servorum
1269 5260 1330 5334 dei,
1356 5257 1476 5322 dilecto
1493 5259 1560 5320 filio
1577 5259 1716 5336 VERNO,
1740 5259 1841 5341 priori
1867 5259 2005 5324 ecclesie

322 5345 425 5407 sancti
443 5346 597 5420 Fridiani,
621 5346 759 5409 salutem
776 5357 809 5409 et
829 5347 1047 5428 apostolicam
1070 5347 1346 5411 benedictionem.
1393 5348 1466 5428 Que
1489 5369 1508 5410 a
1532 5348 1684 5412 fratribus
1700 5349 1820 5412 nostris
1837 5351 2006 5432 episcopis

326 5451 370 5458 ιι..-
417 5453 425 5456 -
511 5453 590 5458 -.---

481 5487 506 5548 a)
515 5485 669 5549 corrigeres?
715 5525 733 5530 .-
745 5489 782 5550 .1)
798 5487 875 5550 Vergl.
887 5487 923 5535 die
933 5486 1048 5539 Urk.nen
1062 5489 1231 5538 erse-1154
1239 5488 1294 5535 tend
1299 5487 1336 5536 die
1344 5504 1398 5536 vane
1408 5489 1441 5536 25
1449 5491 1523 5552 April
1527 5489 1709 5538 ewa-1187.
1764 5491 1790 5552 2)
1805 5491 1924 5541 Bernard
1932 5490 2005 5550 Tard,

321 5555 517 5619 Enlisrleafvan
530 5557 555 5604 T
551 5573 681 5621 arragone,
694 5561 707 5606 1
713 5560 871 5607 rra—1163.
911 5561 938 5621 3)
954 5559 1032 5622 Vergl.
1042 5559 1079 5608 die
1088 5559 1148 5608 Urk.
1157 5561 1331 5608 1153-1154
1340 5560 1395 5608 nied
1400 5563 1493 5609 vexilli
1500 5559 1609 5608 Albe-rm
1617 5566 1630 5608 1
1636 5563 1802 5610 rao-1176.
1839 5565 1868 5628 4)
1878 5564 2006 5628 Jakarmer

324 5627 462 5686 Perreliaris,
482 5628 963 5694 ErnbiseliafaanBragn,1138-1175.
1020 5638 1045 5694 5)
1059 5631 1226 5694 Jalannesll,
1246 5629 1390 5694 Eeaiscnos
1404 5648 1451 5680 ven
1466 5632 1557 5691 Teleda,
1580 5635 1761 5682 rior-11⁶6.
1819 5635 1847 5691 6)
1870 5635 1949 5702 l'ergl.
1969 5637 2006 5684 die

320 5699 531 5763 ven'greb'rluade.
571 5700 798 5766 7)Er2lisrlny‘von
812 5701 1166 5766 Teleda,dernalsJulramrll.
1205 5701 1232 5768 8)
1246 5703 1321 5766 Vergl.
1333 5702 1542 5752 diet'rkaomrr
1555 5703 2003 5772 JunilldlundJaffll,A'eg.715ti.
