4126 6366
1677 327 1739 395 357

812 499 879 574 Nr.
906 503 994 576 409.

64 629 96 693 C
92 629 216 694 leniens
232 630 298 695 III
307 629 480 694 lbenoeist
499 629 573 694 dem
591 631 739 711 Besclose
753 631 962 697 Hildebrand
980 654 1041 697 von
1067 631 1209 697 Volterro
1231 634 1287 699 die
1301 634 1492 699 rdmisclem
1508 632 1626 697 Reclte
1646 654 1741 717 ange-

660 719 777 805 lel're'ge
794 719 916 786 Kirclee
931 743 991 786 oon
1012 721 1100 786 Colle
1117 725 1156 800 ¹).

628 839 713 899 1188
729 837 865 912 Januar
876 841 933 902 24.
966 839 1121 902 Martum
1137 839 1178 922 ⁹).

226 951 396 1015 CLEMENS
411 951 593 1034 episcopus,
609 971 721 1015 servus
737 973 905 1018 servorum
921 957 985 1032 dei,
1002 953 1176 1018 venerabili
1191 954 1279 1018 fratri
1296 949 1531 1040 Ild(ebrando),
1559 954 1743 1019 Wlterrano

59 1043 227 1124 episcopo
245 1039 279 1124 ³),
302 1039 440 1104 salutem
465 1049 500 1104 et
521 1041 739 1122 apostolicam
761 1038 766 1127 l
787 1043 1060 1108 benedictionem.
1108 1044 1337 1114 Devotionem.
1370 1064 1468 1124 quarn
1492 1045 1533 1107 ad
1558 1045 1743 1108 Romanam

58 1131 239 1194 ecclesiam
264 1138 297 1193 et
320 1149 380 1192 nos
404 1132 494 1212 ipsos
517 1129 639 1194 habere
663 1131 842 1196 dinosceris
865 1131 1096 1220 attendenltes
1121 1134 1313 1196 fraternitati
1337 1141 1392 1195 tue
1413 1132 1550 1196 libenter
1565 1133 1743 1197 deferimus

59 1229 96 1284 et
121 1230 212 1283 tuam
236 1219 387 1282 volumus
411 1239 585 1302 personam
611 1223 806 1302 propensius
829 1221 1000 1287 honorare.
1046 1222 1129 1285 lude
1153 1231 1211 1298 est,
1242 1223 1332 1305 quod
1362 1221 1494 1304 plebem
1518 1223 1562 1284 de
1586 1222 1678 1286 Colle
1702 1224 1743 1286 de

57 1310 150 1373 valle
174 1309 252 1372 Elsa
267 1306 303 1394 ⁴),
335 1329 400 1389 que
423 1308 608 1392 specialiter
630 1309 673 1373 ad
697 1310 745 1373 ius
767 1311 916 1375 Romane
940 1312 1075 1376 ecclesie
1104 1313 1266 1394 pertinere
1290 1312 1478 1386 dinoscitur,
1509 1331 1582 1374 cum
1607 1311 1743 1394 capellis

58 1401 168 1482 ipsius
191 1398 251 1462 tibi
274 1399 510 1461 committimus
534 1399 784 1481 disponendam.
831 1401 903 1464 Tue
927 1404 1024 1484 igitur
1046 1401 1239 1465 fraternitati
1263 1397 1473 1486 [imm(?)linet
1505 1401 1744 1482 providendum

59 1498 98 1552 et
122 1509 184 1552 nos
208 1506 268 1570 per
290 1486 474 1571 apostolica
496 1489 619 1571 scripta
643 1488 844 1566 mandamus,
877 1499 911 1553 ut
935 1491 1067 1574 plebem
1092 1491 1196 1572 ipsam
1222 1511 1296 1553 cum
1321 1490 1455 1572 capellis
1478 1491 1552 1564 suis,
1583 1491 1688 1552 taliter
1712 1493 1743 1552 in

58 1576 304 1659 temporalibus
326 1576 615 1660 spiritualibusque
647 1578 812 1658 disponas,
836 1581 927 1662 quod
952 1583 1023 1662 ipsa
1046 1580 1107 1643 sub
1131 1581 1288 1662 regimine
1311 1587 1368 1642 tuo
1384 1582 1417 1642 in
1434 1581 1579 1659 utrisque
1596 1577 1744 1660 proficiat

60 1676 98 1730 et
122 1687 184 1730 nos
207 1667 249 1728 ad
275 1667 396 1730 maiora
424 1666 484 1730 tibi
517 1667 752 1732 committenda
784 1670 891 1733 induci
923 1690 966 1733 ex
995 1671 1096 1752 ipsius
1127 1669 1331 1751 profectibus
1363 1668 1536 1730 valeamus.
1582 1668 1744 1731 Nolumus

60 1765 231 1839 preterea,
256 1757 345 1836 quod
369 1757 517 1832 ecclesia,
540 1776 614 1820 cum
638 1755 715 1820 illuc
737 1758 884 1837 qualibet
906 1760 1081 1822 occasione
1104 1761 1287 1834 accesseris
1312 1778 1524 1841 personarum
1548 1756 1600 1820 vel
1623 1758 1744 1838 equita·

59 1855 210 1997 purarum
249 1843 435 1930 nulmerosa
473 1845 684 1910 multitudine
724 1857 944 1930 pregravetur.
975 1885 1019 1896 —-
1049 1849 1125 1912 Dat.
1157 1849 1317 1923 Marture,
1350 1859 1425 1911 v1111
1454 1845 1508 1909 Kl.
1543 1847 1641 1911 Febr.
1694 1847 1744 1909 In-

89 1937 214 1999 ictione
236 1942 340 1996 sexta.

231 2049 274 2098 Or.
294 2050 350 2100 und
365 2051 490 2116 Abscltrift
506 2052 547 2100 des
568 2051 624 2101 Ced.
643 2051 713 2116 Dipl.
733 2052 754 2111 I,
772 2052 806 2100 im
824 2051 937 2102 Archivio
960 2053 1076 2102 Vescevr'le
1092 2068 1121 2100 su
1145 2051 1259 2101 Volterrn.

230 2121 284 2180 Or„
304 2121 375 2187 Perg.
394 2123 454 2182 ital,
474 2123 510 2172 br.
530 2124 597 2182 0,16,
615 2124 677 2189 lang
694 2125 718 2182 0,
726 2127 781 2183 126,
800 2133 875 2174 unten
894 2126 972 2184 0,015
991 2127 1180 2190 umgeselvlngen,
1199 2125 1277 2174 durele
1295 2123 1355 2173 swei
1371 2123 1463 2172 deler
1476 2125 1534 2188 gelet
1555 2123 1592 2171 die
1609 2125 1745 2188 urspn'e'ng-

60 2193 111 2242 lr'rh
130 2208 188 2242 resa
207 2193 390 2253 Seidensclmur,
409 2211 495 2244 moran
513 2195 557 2243 das
575 2194 701 2260 Bler'sirgel
714 2197 796 2262 ltingt,
815 2196 924 2262 Faltong
940 2195 984 2244 der
1001 2196 1106 2245 Breven.

814 2481 880 2556 Nr.
910 2484 999 2557 410.

70 2612 222 2676 Clemens
232 2610 300 2676 III
309 2608 448 2675 schreibt
459 2610 521 2675 den
536 2610 730 2677 Geistle'cleen
745 2633 805 2676 von
823 2611 917 2693 Colle,
931 2635 969 2678 er
981 2612 1064 2677 labe
1076 2613 1147 2676 llere
1161 2610 1282 2677 Kirclte
1292 2612 1365 2676 dem
1379 2613 1532 2692 Biscleose
1543 2611 1751 2676 lr'ildebrand

297 2721 358 2764 von
384 2698 530 2765 Volterra
545 2699 747 2782 rilerwzesen,
763 2702 832 2766 und
845 2703 973 2781 befielelt
986 2703 1090 2778 ilnen,
1107 2703 1228 2766 diesem
1243 2723 1284 2766 au
1293 2701 1478 2786 gelorclen
1495 2701 1507 2740 ⁵
1504 2706 1535 2787 ).

664 2821 749 2880 1188
764 2818 899 2892 Januar
911 2821 967 2882 24.
1000 2818 1162 2882 Martum.

230 2931 382 2996 Clemens
405 2933 598 3016 episcopua,
629 2953 740 2996 servus
768 2955 935 2998 servorum
959 2936 1030 3011 dei,
1061 2935 1187 2998 dilectis
1212 2933 1282 2996 filiis
1306 2981 1312 2996 .
1338 2982 1344 2995 .
1370 2932 1529 3015 plebano,
1560 2934 1684 2996 clericis
1715 2941 1748 2996 et

66 3021 248 3104 capellanis
274 3019 279 3106 Ι
305 3021 410 3103 plebis
441 3023 483 3084 de
515 3021 625 3096 Colle,
659 3023 797 3087 salutem
828 3032 861 3087 et
893 3023 1109 3107 apostolicam
1147 3024 1420 3087 benedictionem.
1476 3020 1656 3098 Noveritis‚
1688 3042 1749 3084 nos

65 3110 247 3175 venerabili
271 3111 359 3174 fratri
385 3119 497 3174 nostro
520 3107 755 3197 Il(debrando),
787 3111 988 3197 Wlterlrano
1012 3115 1179 3196 episcopo,
1203 3112 1335 3196 plebem
1352 3120 1493 3174 vestram
1515 3131 1589 3174 cum
1614 3110 1749 3193 capellis

66 3201 311 3282 disponendam
345 3202 377 3262 in
407 3201 644 3281 temporalibus
676 3210 710 3264 et
740 3203 963 3284 spiritualibus
994 3205 1217 3278 commisisse,
1249 3203 1435 3276 credentes,
1466 3201 1556 3280 quod
1588 3222 1647 3282 per
1676 3221 1750 3280 pro-

65 3290 248 3353 videntiam
272 3309 364 3353 suam
389 3289 526 3352 ecclesia
548 3299 657 3353 vestra
680 3299 714 3354 et
736 3311 796 3354 vos
820 3294 881 3374 ipsi
906 3293 967 3355 sub
997 3313 1058 3354 suo
1089 3293 1244 3374 regimine
1276 3291 1435 3373 proficere
1467 3291 1626 3354 debeatis
1672 3288 1749 3352 Uni·

64 3378 213 3441 versitati
236 3379 347 3458 itaque
369 3389 477 3442 vestre
501 3380 693 3442 mandamus
717 3389 816 3463 atque
840 3383 1048 3464 precipimus,
1072 3383 1222 3460 quatinus
1246 3389 1428 3444 memorato
1453 3382 1613 3462 episcopo
1635 3381 1666 3442 in
1691 3379 1750 3451 his,

67 3488 135 3550 que
152 3468 194 3530 ad
211 3469 266 3530 dei
282 3466 441 3531 honorem
459 3476 492 3530 et
507 3467 643 3531 ecclesie
659 3470 807 3532 Romane
824 3479 977 3552 spectant
994 3471 1214 3533 obedientiam
1231 3479 1264 3531 et
1280 3472 1504 3538 reverentiam.
1529 3467 1750 3551 appellatione

66 3566 100 3620 et
133 3556 392 3620 contradictione
420 3557 425 3636 Ι
452 3560 652 3641 postposita,
684 3558 842 3623 exhibere
873 3560 999 3622 curetis.
1023 3597 1066 3605 -
1090 3559 1165 3622 Dat.
1191 3561 1349 3635 Marture,
1381 3571 1457 3622 V1111
1481 3557 1535 3621 Kl.
1559 3558 1656 3620 Febr.
1701 3556 1750 3618 In·

67 3647 213 3710 dictione
237 3655 340 3710 sexta.

235 3761 278 3811 Or.
297 3761 353 3810 und
369 3761 494 3824 Absclmfl
511 3762 551 3810 des
571 3761 627 3810 Cod.
647 3761 716 3824 Dr'pl.
736 3762 757 3822 I,
776 3763 809 3811 im
827 3763 940 3812 Aestivo
963 3763 1077 3811 Vesrooile
1094 3779 1125 3810 zu
1149 3761 1263 3810 Volterra.

235 3833 288 3893 Or,
309 3833 378 3898 Perg.
396 3834 456 3891 ital,
475 3833 510 3881 br.
529 3835 614 3892 onte,
632 3835 692 3898 long
710 3834 796 3893 0,(188,
821 3842 896 3883 untm
918 3835 997 3894 0,023
1023 3835 1211 3899 umgesclelagm,
1239 3832 1317 3882 clarel
1342 3833 1399 3882 eniel
1415 3833 1508 3881 Lt'rler
1528 3831 1585 3898 gelet
1610 3831 1647 3880 die
1666 3831 1751 3897 Hans·

67 3905 169 3964 selem,
190 3905 262 3954 derne
282 3905 405 3971 Bles'siegel
419 3905 537 3964 verlorm,
557 3903 669 3970 l'altung
683 3906 789 3956 drama!
805 3907 848 3954 der
865 3907 948 3970 Leirge
963 3906 1035 3956 necle.

819 4189 886 4264 Nr.
912 4192 1001 4264 411.

74 4320 223 4386 Clemens
240 4320 305 4384 III
324 4323 442 4386 trement
461 4323 524 4388 das
548 4321 678 4387 Klester
691 4323 761 4387 San
777 4321 875 4386 Paolo
896 4323 936 4386 dl
950 4323 1108 4407 Pugnant>
1131 4321 1190 4402 (D.
1207 4320 1303 4403 Pisa)
1329 4321 1363 4384 in
1385 4319 1617 4404 apostoliscleen
1633 4319 1752 4384 Scleule

507 4412 576 4476 und
588 4411 742 4495 bestctte'gl
754 4413 842 4475 selue
857 4411 1093 4475 Besltstlutmer
1106 4409 1175 4473 und
1189 4409 1315 4472 Reclete.

705 4530 790 4591 1188
805 4527 907 4611 April
918 4529 947 4591 5.
978 4528 1129 4591 Lateran.

235 4642 386 4707 Clemens
416 4645 608 4728 episcopuS,
639 4665 750 4708 servus
781 4664 948 4707 servorum
981 4643 1043 4720 dei,
1075 4643 1201 4705 dilectis
1232 4643 1264 4704 in
1290 4641 1420 4705 Christo
1444 4639 1572 4704 filiabus
1603 4640 1694 4704 Indie
1714 4637 1751 4724 ²),

70 4731 241 4794 abbatisse
264 4735 368 4796 sancti
387 4730 416 4817 b)
433 4734 522 4797 Pauli
545 4734 587 4797 de
602 4735 759 4815 Pugnano
777 4731 810 4816 Β),
835 4734 969 4814 eiusque
985 4733 1160 4806 sororibus
1184 4741 1252 4794 tam
1275 4731 1482 4813 presentibus
1506 4750 1603 4811 quam
1628 4731 1751 4806 futuris

70 4821 253 4902 regularem
276 4823 376 4884 vitam
400 4823 566 4905 professis,
590 4836 628 4884 1N
644 4835 721 4885 ΡΡΜ.
745 4859 788 4867 -
809 4819 813 4905 l
833 4821 1050 4885 Prudentibus
1072 4822 1260 4902 virginibus
1285 4841 1348 4902 que
1369 4821 1429 4883 sub
1447 4820 1560 4882 habitu
1577 4820 1751 4901 religionis

70 4911 220 4974 accensis
244 4910 460 4993 lampadibus,
484 4933 544 4994 per
566 4932 667 4994 opera
690 4912 872 4974 sanctitatis
897 4912 1013 4992 iugiter
1035 4931 1070 4972 se
1094 4918 1270 4991 preparant
1286 4911 1331 4972 ire
1348 4910 1480 4973 obviam
1496 4929 1632 4991 sponsu,
1654 4909 1751 4972 sedes

71 5000 258 5082 apostolica
282 5001 381 5064 debet
403 5002 581 5083 presidium
606 5002 780 5083 impertiri,
811 5021 852 5063 ne
876 5001 959 5063 forte
984 4999 1155 5062 cuiuslibet
1176 4997 1180 5083 l
1200 4999 1393 5062 temeritatis
1425 4999 1571 5061 incursus
1611 5007 1666 5062 aut
1695 5019 1751 5060 eas

71 5109 90 5150 a
113 5090 290 5171 proposito
313 5101 445 5153 revocet
476 5099 530 5153 aut
554 5090 661 5165 robur,
686 5090 776 5172 quod
800 5090 895 5165 absit,
919 5111 1010 5152 sacre
1026 5089 1190 5169 religionis
1212 5087 1374 5169 infringat.
1413 5088 1608 5170 Eapropter,
1633 5087 1751 5150 dilecte

71 5178 102 5241 in
120 5177 255 5242 Christo
271 5179 344 5256 filie,
360 5181 476 5242 vestris
492 5180 584 5242 iustis
600 5179 877 5261 postulationibus
894 5178 1071 5241 clementer
1093 5177 1265 5240 annuimus
1288 5188 1321 5240 et
1337 5178 1500 5260 prefatum
1517 5177 1751 5239 monasterium

235 5401 259 5443 al
278 5390 327 5440 Vere
338 5392 443 5441 nndmr
452 5391 534 5441 Hand
541 5389 677 5440 undDr'nte
688 5389 839 5455 eingetrngen
885 5390 913 5454 b)
923 5392 1070 5455 aufRnsur.
1089 5431 1105 5436 -
1122 5431 1141 5436 -
1161 5399 1197 5447 ,1)
1211 5390 1288 5454 Vergl.
1298 5389 1454 5455 dies'olgende
1466 5388 1590 5438 Urkroede.
1642 5398 1668 5448 2)
1680 5387 1752 5438 Muss

71 5463 136 5512 nael
153 5461 209 5510 dem
229 5461 336 5513 Itinerar
351 5465 468 5513 noirelen
482 5463 540 5512 Pisa
558 5463 614 5512 und
623 5462 695 5512 Siena
707 5463 788 5527 legen,
806 5464 858 5510 also
870 5461 1003 5512 illonteuro
1021 5462 1145 5518 (zwisclm
1160 5462 1224 5510 Colle
1234 5461 1290 5510 und
1305 5461 1331 5510 S.
1348 5460 1502 5526 Gimignom)
1512 5462 1570 5510 oder
1581 5461 1666 5520 Marti,
1684 5463 1753 5510 metr

71 5533 191 5583 nordliclt.
227 5535 295 5583 Gom
313 5535 405 5586 slimmt
420 5535 502 5584 keruer
519 5535 562 5582 der
571 5534 676 5600 J'etrigen
697 5533 842 5584 Ortsnnmen
859 5534 886 5582 in
904 5535 947 5582 der
968 5535 1072 5600 Gegend.
1111 5534 1152 5582 Er
1167 5533 1258 5582 lerum
1280 5533 1391 5596 elopem
1407 5548 1436 5579 su
1461 5531 1505 5580 der
1527 5533 1684 5600 letreffmden
1702 5533 1754 5582 Zeit

71 5607 134 5655 euch
146 5611 275 5664 smulvor,
287 5623 307 5658 e.
320 5607 350 5658 B.
371 5607 551 5665 Winkelmann,
565 5608 626 5655 Acta
638 5605 732 5668 imperii
741 5604 830 5654 inedito
840 5613 865 5668 p.
878 5607 948 5664 20‚2.
1041 5613 1066 5669 3)
1086 5605 1248 5664 Hildelrand,
1262 5603 1365 5667 Bisclos
1377 5619 1425 5652 von
1443 5603 1750 5662 Volterra,1184-1211.

72 5690 98 5737 4)
122 5677 188 5727 Colle
205 5677 239 5726 im
262 5677 328 5728 ttae
342 5679 385 5728 der
404 5679 464 5727 Elsa
482 5678 568 5726 wurdt
583 5681 663 5740 strider
679 5693 734 5726 mm
752 5678 877 5726 Bistltume
893 5678 999 5736 ertobm,
1023 5680 1099 5740 vergl.
1124 5678 1188 5726 auct
1210 5677 1240 5726 G.
1258 5675 1378 5736 Leontini,
1405 5675 1570 5724 Illustrnsione
1597 5676 1624 5724 dl
1644 5676 1752 5726 Vollerra

70 5757 92 5812 p.
112 5751 174 5810 854,
194 5751 255 5800 tos.
329 5754 355 5818 5)
379 5751 458 5815 Vergl.
476 5751 514 5799 die
530 5749 611 5814 verige
633 5748 757 5798 Urlunde.
829 5749 856 5814 6)
876 5749 947 5813 Liegt
965 5753 1034 5799 7-8
1053 5749 1160 5814 Miglien
1177 5763 1225 5797 von
1246 5748 1305 5797 Pisa
1323 5747 1435 5811 erasm.
