4126 6366
1707 357 1769 423 353

89 529 308 612 postmodum
340 530 500 597 indultum
535 541 567 596 et
607 530 852 611 confirmatum,
893 545 927 598 ut
959 535 1002 598 de
1032 535 1216 608 laboribuS,
1248 553 1332 615 quos
1362 535 1506 616 propriis
1538 531 1689 595 manibus
1720 541 1777 594 aut

89 620 279 702 sumptibus
312 621 484 694 excolunt,
519 626 639 686 nemini
672 625 816 686 decimas
847 634 902 688 aut
932 626 1090 707 primitias
1123 625 1252 688 solvere
1283 631 1473 699 teneantur,
1505 623 1637 703 quidam
1663 621 1705 684 ab
1731 621 1775 683 eis

91 708 332 786 nichilominus
363 718 441 792 post
470 713 724 776 celebrationem
748 713 980 777 Lateranensis
1011 714 1157 790 concilii,
1188 721 1302 777 contra
1326 713 1560 795 indulgentiam
1584 711 1672 773 sedis
1696 731 1776 793 apo·

90 798 207 863 stoliee
231 801 376 864 decimas
401 802 534 883 exigere
558 813 591 864 et
614 810 813 882 extorquere
845 812 1038 886 presumunt
1078 812 1119 878 et,
1151 824 1252 885 prava
1283 812 1316 866 et
1348 803 1475 864 sinistra
1506 802 1775 882 interpretatione

90 888 353 970 apostolicorum
369 890 611 973 privilegiorum
627 890 806 975 capitulum
824 901 1054 974 pervertentes,
1071 900 1225 967 asserunt,
1250 893 1293 955 de
1309 891 1478 954 novalibus
1494 892 1618 954 debere
1634 888 1776 970 intelligi,

91 978 149 1041 ubi
174 980 321 1041 noscitur
343 980 386 1042 de
416 979 586 1043 laboribus
617 1000 689 1044 esse
720 983 922 1064 inscriptum.
969 979 1132 1062 Quoniam
1165 982 1262 1064 igitur
1292 982 1499 1044 manifestum
1533 988 1583 1043 est
1616 978 1776 1052 omnibus,

91 1069 149 1146 qui
167 1075 255 1130 recte
271 1069 410 1149 sapiunt,
427 1071 728 1152 interpretationem
745 1071 929 1134 huiusmodi
945 1091 1132 1154 perversam
1149 1091 1222 1134 esse
1238 1079 1271 1133 et
1286 1069 1465 1134 intellectui
1477 1089 1557 1132 sano
1570 1070 1775 1143 contrariam,

91 1176 169 1220 cum
196 1159 378 1221 secundum
411 1159 590 1241 capitulum
623 1159 702 1222 illud
725 1180 745 1222 a
768 1161 933 1224 solutione
957 1161 1157 1224 decimarum
1192 1171 1225 1224 et
1257 1163 1481 1241 primitiarum,
1512 1168 1579 1221 tam
1612 1159 1654 1221 de
1684 1157 1776 1219 terris

91 1246 168 1322 illis,
192 1265 274 1326 quas
296 1247 505 1311 deduxerunt
522 1249 573 1311 vel
597 1249 765 1311 deducunt
788 1249 829 1312 ad
854 1249 985 1326 cultum,
1010 1269 1108 1329 quam
1126 1251 1222 1312 etiam
1240 1251 1283 1312 de
1299 1251 1391 1312 terris
1408 1247 1513 1320 cultis,
1537 1268 1619 1328 quas
1636 1247 1776 1330 propriis

92 1336 246 1398 manibus
270 1336 323 1399 vel
345 1338 532 1418 sumptibus
557 1338 722 1413 excolunt,
752 1339 846 1402 liberi
877 1341 941 1402 sint
972 1342 1103 1421 penitus
1134 1348 1167 1402 et
1190 1340 1366 1413 immunes,
1398 1360 1440 1401 ne
1471 1337 1554 1400 ullus
1582 1345 1695 1399 contra
1719 1355 1777 1398 eos

93 1427 266 1488 materiam
291 1424 413 1488 habeat
438 1427 635 1509 malignandi
659 1427 711 1491 vel
737 1428 991 1510 quomodolibet
1014 1431 1103 1510 ipsos
1127 1437 1240 1491 contra
1264 1429 1417 1491 iustitiam
1449 1426 1652 1502 molestandi,
1682 1424 1777 1487 vobis

94 1533 157 1595 per
179 1515 361 1597 apostolica
384 1518 507 1598 scripta
539 1517 746 1592 mandamus,
781 1520 933 1600 quatinus
957 1519 1125 1592 omnibus,
1159 1521 1215 1598 qui
1247 1527 1321 1580 sunt
1343 1519 1441 1580 vestri
1466 1517 1550 1592 iuris,
1583 1516 1777 1578 auctoritate

94 1613 208 1667 nostra
237 1603 414 1685 prohibere
446 1607 581 1680 curetis,
615 1626 655 1668 ne
679 1626 698 1668 a
721 1609 911 1670 memoratis
945 1607 1097 1671 fratribus
1121 1607 1442 1670 Morimundensibus
1466 1606 1508 1668 de
1532 1604 1702 1668 novalibus
1725 1603 1778 1666 vel

92 1693 138 1756 de
162 1692 232 1755 aliis
255 1695 365 1768 terris,
398 1713 480 1776 quas
504 1696 646 1776 propriis
678 1696 828 1759 manibus
856 1705 911 1759 aut
942 1695 1127 1779 sumptibus
1157 1696 1325 1771 excolunt,
1358 1695 1518 1758 ullatenus
1551 1695 1695 1757 decimas
1725 1693 1777 1755 vel

93 1783 256 1864 primitias
280 1791 471 1864 presumant
494 1785 626 1866 exigere
649 1785 699 1846 vel
725 1785 981 1865 quomodolibet
1003 1795 1210 1866 extorquere.
1249 1784 1334 1850 Nam
1358 1787 1385 1847 si
1402 1786 1444 1847 de
1461 1784 1633 1848 novalibus
1649 1791 1775 1845 tantum

91 1870 253 1934 vellemus
275 1872 418 1954 intelligi,
442 1872 496 1936 ubi
520 1873 670 1954 ponimus
695 1875 737 1937 de
760 1874 935 1951 laboribus,
959 1875 1002 1938 de
1025 1874 1196 1938 novalibus
1218 1894 1426 1957 poneremus,
1449 1876 1534 1936 sicut
1549 1875 1581 1936 in
1599 1871 1777 1956 privilegiis

92 1961 301 2040 quorundam
325 1959 462 2025 aliorum
487 1963 692 2045 apponimus.
739 1961 825 2044 Quia
847 1985 926 2028 vero
950 1986 1016 2027 non
1041 1972 1091 2028 est
1114 1966 1308 2028 conveniens
1325 1963 1376 2027 vel
1397 1962 1581 2035 honestum,
1606 1969 1778 2024 utcontra

93 2051 242 2112 instituta
264 2051 351 2113 sedis
374 2051 556 2132 apostolice
578 2053 733 2126 veniatur,
765 2073 830 2135 que
862 2056 1013 2136 optinere
1045 2055 1170 2118 debent
1199 2052 1416 2117 inviolabilem
1447 2051 1653 2126 firmitatem,
1687 2071 1776 2113 man·

93 2139 213 2202 damus
232 2136 260 2224 ²)
283 2141 387 2214 vobis,
420 2147 471 2215 ut,
503 2143 530 2204 si
570 2142 625 2223 qui
666 2142 829 2218 monachi,
854 2146 1009 2220 canonici,
1041 2144 1151 2207 clerici
1174 2142 1226 2206 vel
1248 2143 1331 2218 laici,
1354 2150 1470 2205 contra
1493 2141 1664 2223 privilegia
1687 2141 1776 2202 sedis

92 2229 280 2310 apostolice
310 2229 478 2312 predictos
515 2230 631 2293 iratres
661 2250 761 2312 super
793 2232 993 2296 decimarum
1024 2232 1076 2296 vel
1106 2235 1321 2316 primitiarum
1359 2233 1532 2295 exactione
1563 2230 1776 2313 gravaverint,

93 2318 199 2380 laicos
230 2321 580 2382 excommunicationis
617 2323 780 2384 sententia
809 2322 1011 2403 percellatis,
1053 2321 1234 2385 monachos
1265 2331 1300 2384 et
1331 2323 1508 2384 canonicos
1539 2321 1607 2383 sive
1631 2318 1775 2392 clericos,

93 2407 365 2484 contradictione,
387 2407 546 2472 dilatione
570 2415 603 2472 et
625 2409 849 2492 appellatione
872 2420 1030 2486 cessante,
1055 2412 1096 2474 ab
1121 2410 1230 2475 officio
1254 2412 1463 2493 suspendatis
1495 2418 1618 2472 ettam
1643 2428 1776 2472 excom·

94 2497 341 2573 municationis,
374 2517 472 2577 quam
497 2499 719 2582 suspensionis
753 2501 945 2564 sententiam
985 2500 1108 2563 faciatis
1146 2521 1249 2583 usque
1281 2502 1324 2564 ad
1358 2502 1490 2582 dignam
1522 2498 1773 2562 satisfactionem

91 2586 326 2650 inviolabiliter
347 2588 524 2650 observari.
567 2587 640 2650 Nec
662 2588 770 2652 littere
793 2587 848 2652 ille
866 2587 895 2674 b)
917 2589 1060 2653 habeant
1083 2588 1280 2666 firmitatem,
1303 2610 1385 2673 quas
1408 2591 1507 2652 tacito
1532 2609 1645 2652 eornm
1662 2587 1775 2650 ordine

93 2684 209 2738 contra
228 2673 257 2760 b)
280 2685 429 2739 tenorem
446 2675 540 2739 huius
555 2679 668 2758 scripti
686 2678 727 2741 ab
744 2679 856 2758 aliquo
873 2681 1056 2742 constiterit
1071 2681 1272 2762 impetratas.
1310 2678 1368 2742 Ad
1384 2677 1446 2742 hec
1462 2678 1556 2740 vobis
1573 2678 1775 2760 presentium

93 2767 292 2828 auctoritate
315 2765 518 2847 iniungimus
541 2769 701 2847 quatinus,
724 2769 751 2830 si
776 2767 847 2849 quis
871 2769 902 2830 in
927 2767 1106 2832 monachos
1130 2768 1182 2832 vel
1204 2789 1381 2833 conversos
1398 2767 1569 2850 prescripti
1587 2765 1775 2829 monasterii

94 2855 374 2917 Morimundensis
397 2854 448 2918 vel
471 2856 609 2919 aliorum
634 2859 905 2920 monasteriorum
924 2857 1145 2922 Cisterciensis
1168 2859 1288 2922 ordinis
1312 2877 1427 2920 manus
1443 2857 1604 2920 violentas
1620 2856 1774 2932 iniecerit,

94 2961 181 3018 eum,
205 2943 350 3006 candelis
372 2947 525 3020 accensis,
550 2945 869 3009 excommunicatum
893 2947 1026 3030 publice
1050 2949 1205 3011 nuntietis
1229 2956 1263 3010 et
1285 2947 1420 3022 faciatis,
1447 2949 1531 3009 sicut
1554 2945 1775 3008 excommuni-

94 3041 207 3096 catum
230 3033 273 3094 ab
297 3033 449 3097 omnibus
473 3037 598 3098 cautius
622 3035 742 3112 evitari,
766 3037 875 3098 donec
898 3057 1043 3119 congrue
1066 3035 1258 3122 saitisfaciat
1281 3038 1436 3120 predictis
1460 3035 1622 3111 iratribus,
1647 3043 1774 3096 etcum

93 3121 210 3184 litteris
226 3123 390 3186 diocesani
408 3125 566 3206 episcopi,
583 3126 629 3186 rei
644 3125 814 3188 veritatem
832 3126 1083 3202 continentibus,
1104 3125 1286 3208 apostolico
1301 3146 1337 3189 se
1354 3126 1546 3208 conspectui
1564 3132 1774 3207 representet

95 3246 141 3256 -
164 3209 242 3274 Dat.
264 3212 389 3288 Parme,
410 3207 415 3297 Ι
435 3226 472 3275 VI
494 3211 548 3275 Kl.
572 3212 746 3276 Decembr.
793 3215 974 3278 indictione
997 3224 1099 3281 sexta.

262 3325 304 3375 Or.
322 3325 357 3375 r'm
374 3327 489 3378 Artenia
506 3327 533 3376 di
550 3329 619 3377 Staio
635 3345 665 3378 ru
684 3327 808 3379 Mailarrd.

260 3398 330 3464 Peg,
347 3398 406 3457 rial,
424 3399 460 3448 br.
481 3400 567 3460 0336,
587 3402 648 3466 Iarrg
664 3401 750 3461 o,227,
768 3408 843 3450 mrim
861 3403 922 3462 0,02
942 3401 1132 3466 umgesclelagen,
1150 3401 1229 3451 durch
1245 3400 1303 3450 rwei
1319 3400 1412 3450 L'o’eher
1424 3399 1488 3466 gr'ng
1504 3401 1542 3449 die
1559 3401 1665 3460 Schmer,
1689 3401 1777 3450 welche

94 3471 140 3519 urie
157 3469 212 3519 dene
230 3469 355 3535 Blerie'egzl
368 3472 484 3531 verloren,
503 3471 611 3539 Fallung
627 3473 671 3522 der
688 3472 790 3526 Brevm.

846 3757 913 3833 ΝΥ.
938 3761 1028 3834 405.

99 3886 230 3971 Gregor
254 3886 346 3951 VIII
357 3887 543 3971 beauftragt
556 3887 610 3954 die
625 3890 779 3971 Be'scheife
792 3911 853 3954 von
877 3891 1020 3965 Tortona,
1036 3891 1208 3969 Piacenza,
1229 3887 1389 3952 Cremona
1405 3889 1475 3953 und
1489 3889 1614 3952 Parma
1633 3889 1702 3951 und
1715 3888 1776 3951 den

96 3975 428 4041 Kanone'leerkonvent
436 3998 497 4042 von
505 3979 614 4064 Borgo
622 3979 689 4044 San
696 3980 846 4044 Donnino
857 3980 917 4062 (D.
929 3979 1081 4064 Parma),
1094 3979 1164 4044 ihre
1176 3978 1498 4063 Psarrangeleiiregen
1509 3999 1549 4042 zu
1560 3978 1778 4056 veranlassen,

96 4066 177 4131 dass
191 4065 242 4130 se'e
257 4066 330 4130 dem
348 4064 479 4131 Kloster
492 4066 596 4132 Santa
611 4067 726 4133 Maria
750 4068 883 4133 Teodota
897 4069 937 4133 de'
951 4069 1058 4133 Pavr'a
1076 4067 1355 4148 eunickerstatten,
1379 4089 1450 4132 was
1470 4068 1520 4132 se'e
1540 4067 1621 4131 olene
1637 4066 1777 4131 Zeeste'm—

378 4151 388 4172 '
610 4179 710 4242 mung
723 4180 783 4223 von
799 4159 912 4222 elersen
929 4157 1066 4242 Kapitel
1077 4158 1214 4223 besitzen
1233 4161 1242 4196 ¹
1239 4160 1270 4243 ).

573 4276 660 4338 1187
675 4273 857 4338 November
870 4277 921 4338 30.
953 4275 1096 4339 Fornovo
1111 4274 1151 4338 a'e'
1170 4275 1258 4338 Taro
1274 4275 1313 4359 ²).

265 4386 443 4471 Gregorius
459 4390 642 4475 episcopus,
666 4411 778 4455 servus
793 4410 961 4455 servorum
977 4392 1040 4465 dei,
1063 4390 1301 4456 venerabilibus
1323 4390 1474 4453 iratribus
1490 4435 1497 4450 .
1515 4439 1522 4452 .
1538 4388 1743 4452 Terdonensi
1756 4385 1781 4472 8)

100 4487 134 4541 et
159 4526 166 4541 .
191 4525 200 4539 .
223 4477 415 4542 Placentino
437 4477 491 4564 c)¹)
515 4528 522 4542 .
547 4530 553 4543 .
577 4480 791 4544 Cremonensi
812 4476 867 4566 c)⁵)
890 4489 924 4544 et
947 4528 953 4542 .
978 4529 985 4542 .
1008 4481 1174 4544 Parmensi
1194 4478 1250 4567 ο)“)
1271 4480 1275 4564 Ι
1296 4479 1460 4562 episcopis
1491 4486 1525 4543 et
1548 4478 1676 4540 dilectis
1700 4476 1780 4552 filiis,

100 4569 270 4630 canonicis
301 4570 403 4631 sancti
434 4570 596 4645 Donnini,
629 4571 766 4634 salutem
800 4577 833 4632 et
861 4570 1078 4652 apostolicam
1108 4571 1385 4634 benedictionem.
1432 4567 1563 4631 Dilecta
1594 4569 1625 4630 in
1651 4565 1782 4631 Christo

101 4657 170 4721 filia
182 4666 293 4720 nostra
306 4657 356 4720 .Α.
377 4657 417 4738 d),
433 4658 600 4721 abbatissa
613 4661 803 4722 monasterii
814 4657 1014 4742 Theiodote,
1030 4661 1219 4724 transmissa
1234 4659 1330 4722 nobis
1347 4652 1566 4742 relatione<m)
1583 4657 1783 4728 monstravit,

101 4746 196 4825 quod
221 4746 356 4826 quidam
379 4747 584 4830 parrochiani
609 4751 707 4812 vestri
731 4749 955 4832 possessiones
971 4751 1144 4831 prescripti
1162 4749 1348 4812 monasterii
1365 4767 1425 4829 per
1441 4747 1600 4828 quasdam
1619 4765 1784 4828 personas,

101 4835 276 4917 quondam
299 4837 448 4912 intrusas,
471 4857 537 4900 non
560 4845 635 4900 sunt
650 4840 743 4901 veriti
760 4857 931 4920 occupare.
970 4835 1134 4918 Quoniam
1151 4839 1247 4921 igitur
1263 4835 1473 4900 alienationes
1489 4843 1523 4899 et
1539 4835 1785 4909 infeudationes,

102 4943 214 5005 quea
242 4927 392 5006 personis
424 4926 544 4989 suerint
566 4925 761 5001 huiusmodi,
794 4929 936 5007 antiquis
967 4937 1001 4990 et
1030 4927 1121 4990 novis
1154 4926 1439 4991 constitutionibus
1470 4919 1785 5008 condempnaimusl,

101 5014 295 5076 discretioni
309 5022 418 5078 vestre
434 5035 494 5097 per
508 5017 691 5098 apostolica
706 5017 826 5098 scripta
843 5016 1036 5080 mandamus
1053 5025 1153 5098 atque
1169 5016 1376 5100 precipimus,
1400 5015 1549 5095 quatinus
1566 5013 1787 5098 parrochianis

101 5104 232 5177 vestris,
256 5121 341 5183 quos
363 5105 460 5168 vobis
483 5105 671 5180 constiterit,
696 5108 922 5188 possessiones
945 5106 1117 5189 prescripti
1142 5105 1328 5170 monasterii
1349 5124 1408 5188 per
1422 5105 1561 5167 intrusas
1581 5101 1608 5189 e)
1632 5103 1787 5167 habuisse

102 5191 158 5255 vel
175 5190 255 5255 alias
271 5191 381 5256 illicite
396 5193 554 5271 detinere,
576 5195 721 5258 districte
737 5194 908 5272 mandetis,
933 5203 969 5258 ut
989 5197 1076 5278 ipsas
1093 5204 1276 5260 memorato
1293 5196 1494 5258 monasterio
1510 5195 1581 5256 sine
1597 5191 1787 5255 difficultate

269 5407 295 5464 a)
314 5420 343 5454 us
361 5405 414 5469 auf
426 5407 512 5456 Rarur
581 5405 608 5470 b)
627 5421 675 5456 von
692 5405 735 5454 ille
752 5405 788 5454 br's
805 5411 892 5454 contra
910 5406 963 5470 aus
976 5406 1061 5454 Rauer
1132 5406 1156 5470 c)
1175 5405 1290 5455 switelm
1307 5405 1354 5455 den
1371 5403 1452 5454 beiden
1472 5405 1583 5454 Baetem
1602 5406 1692 5463 Rasur,
1716 5403 1790 5470 qffen-

103 5478 154 5527 bar
171 5477 213 5526 des
229 5477 499 5542 Anfmrgsbuelestabens
570 5477 597 5542 d)
616 5477 661 5526 mit
677 5477 780 5527 mederer
797 5477 872 5527 Dinte
890 5477 1038 5543 eingetragm
1117 5480 1142 5538 e)
1160 5483 1183 5525 tr
1199 5478 1253 5542 aus
1264 5478 1355 5526 Rasur.
1375 5514 1429 5520 .-
1447 5481 1482 5540 .1)
1507 5476 1584 5541 Vergl.
1610 5477 1646 5525 die
1673 5475 1791 5525 Urkrmde

103 5565 163 5599 vom
183 5551 219 5598 23
238 5546 296 5597 Mai
314 5549 493 5600 rrae-1137.
569 5559 595 5612 2)
616 5548 726 5598 Fmovo
744 5549 772 5598 di
791 5549 817 5597 T
813 5564 856 5597 aro
875 5547 976 5613 (Forum
993 5551 1102 5613 nevum),
1126 5548 1231 5597 Comum
1246 5549 1303 5598 nell'
1316 5547 1417 5606 Emr'lr'a,
1429 5553 1497 5610 prov.
1511 5563 1522 5596 e
1534 5547 1638 5597 eircmd.
1650 5547 1677 5595 di
1690 5547 1790 5596 Parma.

103 5623 156 5672 Aa·
179 5619 206 5669 Τ
201 5637 246 5670 ero
262 5621 319 5669 und
333 5619 407 5669 Fusse
425 5621 469 5670 der
486 5621 636 5685 Apermr'nen.
710 5623 737 5684 3)
755 5619 863 5670 Dumlr
879 5635 936 5670 war
951 5621 1019 5670 wele!
1036 5618 1090 5669 otto
1102 5619 1135 5669 II
1147 5618 1253 5685 Birthas
1265 5635 1313 5669 von
1334 5620 1360 5668 T
1355 5627 1449 5669 morra.
1521 5623 1549 5681 4)
1573 5619 1672 5678 Tedald,
1692 5618 1796 5684 Be'relrof

103 5709 157 5742 von
171 5691 295 5752 I’iacma,
315 5707 335 5741 e.
357 5694 538 5744 rrae-1192.
612 5697 638 5758 5)
657 5691 784 5752 Sicaedres,
803 5691 908 5757 BiseIeos
919 5707 967 5742 vm
989 5691 1113 5752 Cremona,
1133 5692 1310 5742 1185-1215.
1395 5691 1423 5758 6)
1443 5691 1559 5741 Bemard
1574 5689 1609 5751 II,
1629 5690 1732 5756 Ebrios
1744 5705 1792 5739 von

108 5765 214 5824 Fama,
234 5765 416 5815 1172-1194.

162 5873 185 5902 v.
201 5859 499 5913 Priuer-nutem,
515 5862 572 5911 Acts
585 5861 628 5902 111.
1558 5852 1592 5906 45
