4142 6366
1599 304 1600 308 ’
1649 293 1713 374 265

50 482 225 547 cenobium
247 489 400 558 vestrum,
423 481 576 547 abbatem
592 480 643 545 vel
666 491 860 548 conventum
882 484 1028 547 eiusdem
1054 482 1191 558 cenobii,
1214 481 1542 545 excommunicationi
1564 482 1713 546 subicere

50 573 101 636 vel
124 573 290 636 interdicti
312 571 503 634 sententiam
528 590 731 654 pregravare,
753 574 812 635 sed
836 574 866 635 in
890 573 977 636 beati
993 573 1076 635 Petri
1100 580 1133 635 et
1155 591 1378 634 successomm
1402 573 1470 634 eius
1494 591 1589 633 manu
1613 572 1713 650 quieti

49 682 183 745 semper
198 681 236 724 ac
252 660 345 724 liberi
360 680 420 742 per
435 661 667 742 omnipotentis
684 662 735 724 dei
751 663 888 743 gratiam
904 662 1095 724 consistatis¹
1135 661 1242 742 Digne
1258 681 1335 723 vero
1360 660 1579 742 penitentibus
1598 658 1634 745 a),
1657 661 1712 742 qui

50 771 110 833 pro
126 771 259 813 suorum
276 748 434 812 scelerum
450 751 545 812 venia
561 751 777 832 prescriptum
792 753 1024 814 monasterium
1043 749 1070 835 b)
1087 751 1236 812 duxerint
1249 750 1454 824 visitandum,
1474 751 1581 830 ipsum
1596 749 1713 812 intrare

51 851 83 904 et
106 840 171 902 illic
195 840 328 902 domino
352 858 409 900 sua
432 846 509 901 vota
532 839 719 920 persolvere
740 840 954 922 indulgemus.
1001 839 1115 902 Liceat
1136 857 1269 917 quoque
1291 838 1393 912 vobis,
1416 857 1572 919 personas
1595 837 1713 900 liberas

51 939 83 991 et
105 928 282 1002 absolutas
314 927 466 990 eseculo
497 926 666 1008 fugientes,
695 929 737 990 ad
769 930 1013 992 conversionem
1038 929 1182 1009 recipere
1213 935 1246 990 et
1277 947 1331 990 eas
1363 929 1432 990 sine
1455 927 1713 990 contradictione

51 1019 160 1097 aliqua
183 1019 330 1080 retinere.
374 1014 587 1080 Prohibemus
609 1016 749 1098 insuper,
772 1024 808 1081 ut
831 1018 935 1080 nullus
952 1016 1086 1080 fratrum
1103 1024 1283 1078 vestrorum
1308 1025 1384 1097 post
1408 1014 1527 1080 factam
1544 1017 1577 1079 in
1594 1016 1712 1078 eodem

52 1108 125 1169 loco
151 1105 389 1188 professionem
413 1106 456 1167 de
479 1104 619 1168 claustro
642 1114 752 1168 vestro
776 1106 920 1186 qualibet
943 1107 1075 1169 levitate
1098 1106 1262 1182 discedat3
1301 1105 1524 1168 discedentem
1549 1124 1626 1167 vero
1646 1104 1714 1165 sine

52 1197 273 1258 communium
296 1193 471 1256 litterarum
496 1195 643 1256 cautione
668 1194 772 1257 nullus
795 1197 959 1278 suscipere
976 1197 1095 1258 audeat
1109 1193 1160 1257 vel
1183 1203 1302 1257 tenere.
1342 1192 1423 1257 Cum
1438 1201 1547 1258 autem
1563 1193 1713 1274 generale

52 1285 260 1347 interdictum
270 1293 357 1346 terre
370 1283 471 1356 suerit,
487 1283 582 1346 liceat
593 1283 745 1348 fratribus
757 1287 881 1359 vestris,
897 1287 952 1364 qui
965 1305 1024 1366 per
1035 1292 1157 1346 vestras
1169 1281 1322 1346 ecclesias
1334 1291 1584 1356 commorantur,
1597 1282 1713 1344 clausis

53 1377 165 1450 ianuis,
189 1394 255 1435 non
279 1371 412 1454 pulsatis
435 1371 665 1446 tintinnabulis,
698 1373 757 1435 nisi
787 1374 817 1435 in
842 1374 954 1437 maiori
979 1373 1175 1436 monasterio
1204 1371 1368 1436 celebrare
1400 1372 1507 1434 divina
1531 1371 1639 1446 offitia,
1670 1370 1714 1433 ita

53 1473 172 1538 tamen,
195 1462 285 1541 quod
302 1463 574 1524 excommunicati
590 1461 642 1524 vel
667 1463 826 1525 interdicti
849 1461 1030 1525 nullatenus
1053 1461 1271 1524 admittantur.
1316 1461 1528 1524 Decernimus
1551 1461 1656 1535 etiam,
1680 1467 1715 1520 ut

53 1552 137 1628 nulli,
162 1551 221 1614 nisi
236 1572 255 1613 a
269 1550 349 1613 sede
364 1547 545 1632 apostolica
560 1548 722 1631 delegato,
746 1551 899 1614 abbatem
916 1562 1069 1629 vestrum,
1093 1552 1149 1632 qui
1172 1571 1232 1632 pro
1255 1558 1406 1631 ternpore
1427 1550 1529 1626 suerit,
1554 1549 1649 1612 liceat
1671 1546 1713 1610 ad

53 1641 203 1704 sinodum
225 1638 277 1702 vel
300 1645 496 1702 conventum
520 1659 647 1702 vocare.
694 1637 872 1704 Statuimus
896 1660 1036 1722 quoque,
1069 1649 1104 1702 ut
1134 1641 1161 1701 si
1190 1641 1261 1720 quis
1292 1638 1458 1715 abbatum,
1489 1639 1543 1718 qui
1575 1639 1617 1700 de
1640 1658 1715 1700 con·

54 1732 219 1793 stitutione
243 1728 426 1811 apostolica
449 1730 631 1810 prescripto
654 1731 851 1792 monasterio
874 1730 1051 1805 subiacent,
1082 1729 1175 1792 vobis
1203 1727 1452 1792 inhobedientes
1475 1727 1641 1791 extiterint
1662 1726 1715 1792 vel

55 1820 208 1894 rebelles,
238 1819 332 1881 liceat
354 1816 464 1892 vobis,
497 1837 571 1880 eum
603 1817 740 1899 regulari
764 1818 930 1900 disciplina
958 1837 1177 1901 compescere,
1207 1838 1267 1880 nec
1291 1817 1461 1898 quisquam
1484 1817 1714 1899 episcoporum

56 1905 202 1995 [temelre
228 1907 321 1970 vobis
352 1907 514 1968 adversari
546 1915 719 1988 presumat.
765 1907 944 1971 Statuimus
974 1909 1121 1990 insuper,
1154 1915 1188 1968 ut
1218 1909 1250 1969 in
1282 1906 1539 1987 parrochialibus
1570 1905 1715 1968 ecclesiis

55 2001 169 2060 vestris
184 1995 374 2060 vacantibus
388 1995 484 2058 liceat
499 1995 601 2069 vobis
625 1997 813 2059 sacerdotes
830 1997 950 2079 eligere
967 2004 999 2058 et
1014 1997 1171 2080 episcopo
1188 2003 1383 2077 presentare,
1407 1995 1534 2076 quibus,
1557 1995 1583 2056 si
1607 1994 1715 2057 idonei

56 2088 173 2151 inventi
195 2086 321 2160 luerint,
352 2086 528 2167 episcopus
559 2104 667 2147 curam
692 2086 883 2162 committat,
915 2094 950 2147 ut
973 2086 1015 2148 de
1038 2084 1145 2167 plebis
1168 2086 1301 2165 quidem
1325 2104 1401 2146 cura
1425 2086 1592 2166 episcopo,
1622 2083 1715 2146 vobis

56 2184 161 2240 autem
185 2176 228 2237 de
251 2173 486 2256 temporalibus
510 2173 730 2256 respondeant
748 2173 783 2259 c),
813 2177 845 2237 in
868 2183 974 2237 vestra
997 2183 1105 2238 autem
1129 2172 1299 2256 parrochia
1322 2193 1441 2236 novum
1465 2173 1641 2236 oratorium
1663 2171 1715 2234 vel

57 2264 224 2329 ecclesiam
247 2263 372 2344 absque
394 2281 527 2325 assensu
543 2264 691 2344 episcopi
707 2263 871 2327 diocesani
889 2271 921 2327 et
936 2271 1045 2327 vestro
1061 2270 1248 2328 construere
1263 2282 1361 2325 nemo
1377 2271 1551 2343 presumat.
1590 2259 1716 2325 Crisma

56 2375 139 2430 vero,
164 2353 273 2417 oleum
295 2360 459 2427 sanctum,
493 2353 753 2416 consecrationes
776 2353 923 2416 altarium
947 2373 1005 2416 seu
1027 2352 1249 2425 basilicarum,
1281 2351 1501 2415 ordinationes
1525 2351 1715 2414 clericorum

56 2446 121 2506 sive
150 2440 402 2516 monachorum,
436 2443 491 2519 qui
507 2440 566 2514 ,ad
597 2461 705 2503 sacros
734 2442 863 2504 ordines
887 2442 1005 2504 luerint
1028 2441 1261 2524 promovendi,
1292 2441 1511 2504 adiocesano
1534 2441 1715 2522 suscipietis

58 2534 220 2614 episcopo,
249 2528 407 2609 siquidem
439 2526 618 2594 catholicus
650 2529 744 2593 fuerit
775 2539 808 2592 et
837 2532 973 2612 gratiam
996 2530 1177 2612 apostolice
1208 2530 1293 2592 sedis
1315 2529 1466 2593 habuerit
1496 2537 1529 2593 et
1560 2550 1598 2592 ea
1621 2529 1715 2592 vobis

58 2623 153 2704 gratis
177 2629 210 2684 et
233 2620 357 2698 absque
380 2619 540 2700 pravitate
563 2617 613 2680 vel
638 2621 810 2682 exactione
833 2620 939 2700 aliqua
962 2620 1100 2682 voluerit
1123 2619 1265 2682 exibere.
1311 2617 1469 2701 Alioquin
1496 2618 1590 2682 liceat
1612 2619 1715 2694 vobis,

59 2728 294 2790 quemcumque
317 2706 500 2782 malueritis,
526 2707 616 2770 adire
636 2709 824 2786 antistitem,
847 2711 912 2788 qui,
936 2717 1046 2772 nostra
1070 2707 1166 2771 fultus
1188 2707 1388 2783 auctoritate,
1412 2709 1502 2789 quod
1525 2708 1715 2790 postulatur,

59 2798 227 2882 indulgeat.
273 2797 484 2860 Decernimus
507 2816 596 2877 erg0,
620 2806 655 2858 ut
678 2796 754 2860 nulli
771 2799 906 2860 omnino
922 2796 1092 2860 hominum
1106 2797 1211 2872 liceat,
1234 2796 1395 2878 prefatum
1413 2798 1667 2861 monasterium.
1685 2845 1715 2860 ..

59 2888 164 2950 usibus
197 2886 394 2950 omnimodis
424 2883 602 2966 profutura,
635 2886 725 2950 salva
754 2888 841 2949 sedis
871 2887 1053 2968 apostolice
1084 2885 1284 2949 auctoritate.
1334 2885 1391 2948 Ad
1424 2887 1574 2949 indicium
1605 2895 1715 2949 autern

61 2987 210 3060 percepta
232 2975 325 3038 huius
348 2995 367 3038 a
391 2975 469 3036 sede
493 2972 673 3056 apostolica
697 2975 850 3038 libertatis
874 2976 1047 3038 bizantium
1072 2995 1169 3038 unum
1193 2976 1285 3038 annis
1307 2975 1440 3056 singulis
1464 2975 1562 3038 nobis
1584 2977 1716 3038 nostris-

23 3119 24 3126 .
61 3085 119 3145 que
133 3064 375 3130 successoribus
396 3062 598 3146 persolvetis.
644 3061 677 3127 Si
702 3085 766 3146 qua
790 3067 886 3146 igitur
910 3113 916 3126 .
943 3116 948 3127 .
974 3113 980 3126 .
1004 3063 1136 3128 Cunctis
1159 3073 1267 3128 autem
1294 3114 1300 3127 .
1326 3111 1332 3126 .
1357 3112 1363 3125 .
1388 3066 1560 3128 inveniant.
1596 3064 1715 3128 Amen.

61 3153 172 3219 Amen.
196 3154 315 3218 Amen.

23 3237 24 3270 l
265 3241 320 3326 (R)
343 3241 416 3324 Ego
439 3241 629 3305 Alexander
652 3241 810 3306 catholice
833 3243 968 3306 ecclesie
991 3243 1166 3324 episcopus
1188 3263 1229 3304 ss.
1254 3238 1315 3326 (M)

266 3333 286 3414 †
309 3332 381 3414 Ego
405 3329 578 3393 Hubaldus
602 3329 784 3394 Hostiensis
809 3332 981 3414 episcopus
1003 3351 1045 3392 ss.

268 3419 288 3502 †
310 3422 383 3502 Ego
393 3420 554 3483 Iohannes
570 3420 731 3501 presbiter
742 3421 914 3484 cardinalis
932 3430 1118 3483 sanctorum
1128 3419 1281 3484 iohannis
1294 3432 1327 3484 et
1341 3423 1430 3485 Pauli
1440 3423 1659 3488 titPamachii
1676 3447 1716 3488 ss.

266 3509 287 3591 †
308 3510 381 3591 Ego
405 3507 564 3572 lohannes
588 3509 749 3590 presbiter
772 3509 941 3572 cardinalis
964 3511 1013 3571 tit.
1036 3516 1146 3572 sancte
1169 3506 1345 3573 Anastasie
1367 3531 1409 3574 ss.

269 3598 289 3680 †
312 3600 385 3680 Ego
408 3597 568 3661 Iohannes
591 3599 752 3680 presbiter
775 3598 946 3662 cardinalis
969 3597 1015 3660 tit.
1039 3599 1143 3660 sancti
1167 3599 1268 3660 Marci
1291 3619 1331 3660 ss.

268 3691 289 3764 †
312 3688 384 3769 Ego
408 3687 574 3749 Arduinus
597 3687 759 3769 presbiter
782 3686 952 3750 cardinalis
975 3686 1019 3749 tit
1043 3694 1153 3748 sancte
1178 3685 1288 3750 Crucis
1310 3687 1342 3749 in
1364 3689 1539 3754 Ierusalem
1561 3711 1604 3753 ss.

268 3775 289 3859 †
312 3775 384 3860 Ego
407 3776 520 3838 Petrus
544 3776 705 3858 presbiter
728 3776 896 3839 cardinalis
919 3776 965 3838 tit.
988 3784 1100 3839 sancte
1123 3772 1270 3840 Susanne
1292 3797 1333 3841 ss,

267 3866 288 3947 †
311 3866 383 3948 Ego
406 3867 519 3927 Petrus
542 3865 702 3946 presbiter
725 3865 896 3929 cardinalis
918 3867 966 3927 tit
989 3866 1090 3927 sancti
1115 3863 1289 3947 Grisogoni
1312 3886 1354 3929 ss.

269 3956 289 4033 'r
312 3955 384 4037 Ego
407 3952 562 4017 Vivianus
586 3954 746 4035 presbiter
769 3952 937 4017 cardinalis
960 3955 1007 4016 tit
1030 3955 1134 4017 sancti
1158 3951 1282 4018 Stesani
1305 3957 1337 4018 in
1360 3956 1451 4021 Celio
1475 3965 1586 4022 monte
1609 3977 1649 4021 ss.

270 4044 290 4122 †
313 4044 385 4126 Ego
408 4042 533 4107 Cintius
551 4040 581 4126 d)
604 4044 764 4125 presbiter
787 4041 956 4106 cardinalis
979 4042 1025 4104 rit.
1049 4049 1160 4106 sancte
1183 4042 1301 4107 Cecilie
1324 4065 1365 4108 ss.

269 4131 290 4215 †
312 4132 384 4215 Ego
408 4130 508 4214 Hugo
532 4132 691 4215 presbiter
713 4131 883 4196 cardinalis
905 4134 953 4194 tit.
977 4133 1079 4194 sancti
1103 4131 1277 4196 Clementis
1299 4154 1340 4197 ss.

270 4224 290 4301 †
313 4223 385 4304 Ego
410 4218 560 4284 Matheus
584 4223 745 4303 presbiter
767 4221 939 4284 cardinalis
962 4223 1010 4282 tit
1034 4221 1137 4283 sancti
1161 4221 1306 4285 Marcelli
1329 4243 1371 4286 ss.

270 4311 289 4390 †
313 4309 385 4392 Ego
409 4309 559 4374 Matheus
582 4313 739 4374 diaconus
762 4309 931 4375 cardinalis
954 4318 1064 4372 sancte
1088 4307 1191 4374 Marie
1215 4331 1299 4375 nove
1321 4332 1362 4374 ss.

269 4399 290 4480 †
312 4398 384 4481 Ego
408 4397 593 4482 Iac(inthus)
616 4400 771 4463 diaconus
795 4398 967 4462 cardinalis
990 4407 1102 4461 sancte
1126 4401 1228 4464 Marie
1252 4402 1285 4463 in
1308 4401 1489 4483 Cosmydin
1512 4421 1554 4464 ss.

269 4488 290 4569 †
312 4488 384 4570 Ego
407 4485 544 4552 Ardicio
568 4489 724 4551 diaconus
748 4488 916 4551 cardinalis
939 4490 1041 4550 sancti
1065 4487 1232 4553 Theodori
1254 4511 1296 4553 ss.

271 4579 292 4655 †
315 4575 387 4660 Ego
410 4575 571 4640 Iohannes
594 4579 749 4641 diaconus
773 4577 941 4641 cardinalis
965 4579 1068 4639 sancti
1091 4575 1210 4659 Angeli
1233 4599 1274 4640 ss.

272 4663 291 4750 †
315 4667 388 4748 Ego
411 4666 596 4730 Bernardus
619 4668 775 4730 diaconus
799 4665 966 4730 cardinalis
989 4666 1091 4728 sancti
1113 4665 1263 4730 Nicholai
1291 4668 1323 4730 in
1354 4689 1482 4733 carcere
1505 4669 1656 4733 Tulliano
1677 4689 1718 4732 ss.

218 4755 294 4819 Dat.
311 4755 495 4831 Tusculani,
518 4775 578 4836 per
601 4775 730 4820 manum
747 4755 885 4830 Alberti,
908 4763 1020 4817 sancte
1043 4755 1190 4819 Romane
1213 4755 1347 4820 ecclesie
1362 4758 1532 4840 presbiteri
1549 4758 1719 4822 cardinalis

23 4853 24 4924 j
72 4849 100 4904 et
126 4844 314 4908 cancellarii.
360 4859 412 4908 1111
441 4841 528 4907 Non.
559 4844 749 4908 Decembris
772 4841 816 4929 (i).
861 4841 1042 4906 indictione
1073 4857 1119 4906 xl.
1164 4845 1398 4910 iucarnationis
1436 4847 1600 4912 dominice
1633 4868 1719 4911 anno

23 4977 24 5024 ,
73 4941 254 4997 ltCLxxvm.
301 4932 513 4997 Pontificatus
536 4953 615 4997 vero
639 4929 762 5020 [domni
785 4928 978 5018 Alexandri]
1003 4952 1090 5014 pape
1113 4947 1151 4995 111
1174 4955 1259 4999 anno
1282 4949 1339 4998 xx.

217 5047 341 5114 Absclrrr'fl
357 5048 397 5097 des
418 5049 448 5096 13
470 5047 570 5113 7αΙινΙι.,
590 5048 622 5098 im
641 5047 753 5097 Archmio
770 5047 797 5096 di
814 5049 880 5097 Stolo
897 5063 927 5096 ru
946 5046 1067 5098 Mailand.

206 5211 244 5218 φ-
253 5211 352 5218 --.—-—-..
365 5212 481 5218 ——--.-.

218 5318 243 5381 a)
261 5313 402 5381 petentibus
417 5315 483 5366 1151
497 5315 555 5365 Dec.
571 5315 610 5374 13,
627 5315 702 5380 obigrs
720 5313 831 5379 rickliger
888 5313 915 5380 b)
934 5312 1065 5378 prescripti
1084 5313 1227 5364 monasterii
1292 5316 1317 5382 c)
1336 5316 1489 5381 respondere
1561 5317 1589 5379 d)
1608 5315 1721 5368 Gentius.

120 5795 139 5826 v.
151 5783 434 5838 etlugfflnrtruug,
449 5786 506 5828 Aeta
519 5784 580 5838 1114
