<?xml version="1.0" encoding="UTF-8"?>
<!DOCTYPE html PUBLIC "-//W3C//DTD XHTML 1.0 Transitional//EN"
    "http://www.w3.org/TR/xhtml1/DTD/xhtml1-transitional.dtd">
<html xmlns="http://www.w3.org/1999/xhtml" xml:lang="en" lang="en">
 <head>
  <title>
</title>
<meta http-equiv="Content-Type" content="text/html;charset=utf-8" />
  <meta name='ocr-system' content='tesseract 3.04.00' />
  <meta name='ocr-capabilities' content='ocr_page ocr_carea ocr_par ocr_line ocrx_word'/>
</head>
<body>
  <div class='ocr_page' id='page_1' title='image "./actapontificumr00hargoog_0309.png"; bbox 0 0 4142 6366; ppageno 0'>
   <div class='ocr_carea' id='block_1_1' title="bbox 1700 341 1764 411">
    <p class='ocr_par' dir='ltr' id='par_1_1' title="bbox 1700 341 1764 411">
     <span class='ocr_line' id='line_1_1' title="bbox 1700 341 1764 411; baseline -0.016 0"><span class='ocrx_word' id='word_1_1' title='bbox 1700 341 1764 411; x_wconf 83' lang='lat'>²97</span> 
     </span>
    </p>
   </div>
   <div class='ocr_carea' id='block_1_2' title="bbox 835 513 1019 590">
    <p class='ocr_par' dir='ltr' id='par_1_2' title="bbox 835 513 1019 590">
     <span class='ocr_line' id='line_1_2' title="bbox 835 513 1019 590; baseline 0 0"><span class='ocrx_word' id='word_1_2' title='bbox 835 513 901 590; x_wconf 87' lang='lat' dir='ltr'>Nr.</span> <span class='ocrx_word' id='word_1_3' title='bbox 930 519 1019 590; x_wconf 81' lang='lat'>324.</span> 
     </span>
    </p>
   </div>
   <div class='ocr_carea' id='block_1_3' title="bbox 86 643 1764 734">
    <p class='ocr_par' dir='ltr' id='par_1_3' title="bbox 86 643 1764 734">
     <span class='ocr_line' id='line_1_3' title="bbox 86 643 1764 734; baseline 0.003 -26"><span class='ocrx_word' id='word_1_4' title='bbox 86 643 209 709; x_wconf 83' lang='lat' dir='ltr'>Lucius</span> <span class='ocrx_word' id='word_1_5' title='bbox 221 643 524 730; x_wconf 75' lang='lat' dir='ltr'>Illbestcttr&#39;gtdem</span> <span class='ocrx_word' id='word_1_6' title='bbox 534 643 771 710; x_wconf 83' lang='lat' dir='ltr'>KlosterSanta</span> <span class='ocrx_word' id='word_1_7' title='bbox 784 646 899 712; x_wconf 87' lang='lat' dir='ltr'>Maria</span> <span class='ocrx_word' id='word_1_8' title='bbox 911 646 996 711; x_wconf 86' lang='lat' dir='ltr'>della</span> <span class='ocrx_word' id='word_1_9' title='bbox 1006 647 1108 712; x_wconf 87' lang='lat' dir='ltr'>Rocca</span> <span class='ocrx_word' id='word_1_10' title='bbox 1118 645 1331 730; x_wconf 80' lang='lat' dir='ltr'>Besitsrengen</span> <span class='ocrx_word' id='word_1_11' title='bbox 1342 643 1377 710; x_wconf 81' lang='lat' dir='ltr'>in</span> <span class='ocrx_word' id='word_1_12' title='bbox 1386 645 1520 731; x_wconf 86' lang='lat' dir='ltr'>Majano</span> <span class='ocrx_word' id='word_1_13' title='bbox 1532 647 1601 711; x_wconf 84' lang='lat' dir='ltr'>und</span> <span class='ocrx_word' id='word_1_14' title='bbox 1606 647 1709 713; x_wconf 85' lang='lat' dir='ltr'>Rocca</span> <span class='ocrx_word' id='word_1_15' title='bbox 1726 651 1764 734; x_wconf 90' lang='lat'>¹).</span> 
     </span>
    </p>
   </div>
   <div class='ocr_carea' id='block_1_4' title="bbox 671 761 1184 828">
    <p class='ocr_par' dir='ltr' id='par_1_4' title="bbox 671 761 1184 828">
     <span class='ocr_line' id='line_1_4' title="bbox 671 761 1184 828; baseline 0.002 -4"><span class='ocrx_word' id='word_1_16' title='bbox 671 765 760 826; x_wconf 77' lang='lat'><strong><em>1182</em></strong></span> <span class='ocrx_word' id='word_1_17' title='bbox 775 762 959 827; x_wconf 84' lang='lat' dir='ltr'>November</span> <span class='ocrx_word' id='word_1_18' title='bbox 971 766 1003 828; x_wconf 82' lang='lat'>8.</span> <span class='ocrx_word' id='word_1_19' title='bbox 1046 761 1184 826; x_wconf 81' lang='lat' dir='ltr'>Velletri.</span> 
     </span>
    </p>
   </div>
   <div class='ocr_carea' id='block_1_5' title="bbox 85 877 1768 2014">
    <p class='ocr_par' dir='ltr' id='par_1_5' title="bbox 85 877 1768 2014">
     <span class='ocr_line' id='line_1_5' title="bbox 249 877 1766 965; baseline 0.003 -25"><span class='ocrx_word' id='word_1_20' title='bbox 249 878 369 940; x_wconf 90' lang='lat' dir='ltr'>Lucius</span> <span class='ocrx_word' id='word_1_21' title='bbox 378 878 564 959; x_wconf 87' lang='lat' dir='ltr'>episcopus,</span> <span class='ocrx_word' id='word_1_22' title='bbox 575 898 686 942; x_wconf 92' lang='lat' dir='ltr'>servus</span> <span class='ocrx_word' id='word_1_23' title='bbox 697 899 864 942; x_wconf 88' lang='lat' dir='ltr'>servorum</span> <span class='ocrx_word' id='word_1_24' title='bbox 876 880 938 956; x_wconf 89' lang='lat' dir='ltr'>dei,</span> <span class='ocrx_word' id='word_1_25' title='bbox 952 880 1078 943; x_wconf 89' lang='lat' dir='ltr'>dilectis</span> <span class='ocrx_word' id='word_1_26' title='bbox 1091 880 1172 954; x_wconf 92' lang='lat' dir='ltr'>filiis,</span> <span class='ocrx_word' id='word_1_27' title='bbox 1191 879 1292 961; x_wconf 83' lang='lat' dir='ltr'>priori</span> <span class='ocrx_word' id='word_1_28' title='bbox 1317 887 1351 940; x_wconf 90' lang='lat' dir='ltr'>et</span> <span class='ocrx_word' id='word_1_29' title='bbox 1362 877 1529 943; x_wconf 89' lang='lat' dir='ltr'>sororibus</span> <span class='ocrx_word' id='word_1_30' title='bbox 1540 878 1567 965; x_wconf 78' lang='lat'>²)</span> <span class='ocrx_word' id='word_1_31' title='bbox 1577 881 1766 944; x_wconf 91' lang='lat' dir='ltr'>monasterii</span> 
     </span>
     <span class='ocr_line' id='line_1_6' title="bbox 85 967 1766 1051; baseline 0.002 -21"><span class='ocrx_word' id='word_1_32' title='bbox 85 973 205 1030; x_wconf 89' lang='lat' dir='ltr'>sancte</span> <span class='ocrx_word' id='word_1_33' title='bbox 221 967 322 1031; x_wconf 89' lang='lat' dir='ltr'>Marie</span> <span class='ocrx_word' id='word_1_34' title='bbox 339 967 381 1030; x_wconf 94' lang='lat' dir='ltr'>de</span> <span class='ocrx_word' id='word_1_35' title='bbox 396 969 517 1043; x_wconf 92' lang='lat' dir='ltr'>Rocca,</span> <span class='ocrx_word' id='word_1_36' title='bbox 534 967 673 1031; x_wconf 86' lang='lat' dir='ltr'>salutem</span> <span class='ocrx_word' id='word_1_37' title='bbox 690 978 723 1032; x_wconf 94' lang='lat' dir='ltr'>et</span> <span class='ocrx_word' id='word_1_38' title='bbox 739 969 956 1051; x_wconf 92' lang='lat' dir='ltr'>apostolicam</span> <span class='ocrx_word' id='word_1_39' title='bbox 972 969 1246 1033; x_wconf 81' lang='lat' dir='ltr'>benedictionem.</span> <span class='ocrx_word' id='word_1_40' title='bbox 1285 968 1379 1030; x_wconf 92' lang='lat' dir='ltr'>Iustis</span> <span class='ocrx_word' id='word_1_41' title='bbox 1395 969 1583 1049; x_wconf 91' lang='lat' dir='ltr'>petencium</span> <span class='ocrx_word' id='word_1_42' title='bbox 1598 970 1766 1034; x_wconf 90' lang='lat' dir='ltr'>desideriis</span> 
     </span>
     <span class='ocr_line' id='line_1_7' title="bbox 86 1056 1767 1140; baseline 0.003 -22"><span class='ocrx_word' id='word_1_43' title='bbox 86 1056 227 1138; x_wconf 90' lang='lat' dir='ltr'>dignum</span> <span class='ocrx_word' id='word_1_44' title='bbox 243 1067 301 1132; x_wconf 90' lang='lat' dir='ltr'>est,</span> <span class='ocrx_word' id='word_1_45' title='bbox 325 1077 387 1119; x_wconf 92' lang='lat' dir='ltr'>nos</span> <span class='ocrx_word' id='word_1_46' title='bbox 403 1057 531 1119; x_wconf 83' lang='lat' dir='ltr'>facilem</span> <span class='ocrx_word' id='word_1_47' title='bbox 548 1058 687 1139; x_wconf 91' lang='lat' dir='ltr'>prebere</span> <span class='ocrx_word' id='word_1_48' title='bbox 701 1079 897 1122; x_wconf 90' lang='lat' dir='ltr'>consensum</span> <span class='ocrx_word' id='word_1_49' title='bbox 914 1068 948 1121; x_wconf 89' lang='lat' dir='ltr'>et</span> <span class='ocrx_word' id='word_1_50' title='bbox 970 1069 1057 1135; x_wconf 89' lang='lat' dir='ltr'>vota,</span> <span class='ocrx_word' id='word_1_51' title='bbox 1074 1079 1138 1140; x_wconf 90' lang='lat' dir='ltr'>que</span> <span class='ocrx_word' id='word_1_52' title='bbox 1155 1079 1174 1121; x_wconf 89' lang='lat' dir='ltr'>a</span> <span class='ocrx_word' id='word_1_53' title='bbox 1189 1059 1323 1121; x_wconf 91' lang='lat' dir='ltr'>rationis</span> <span class='ocrx_word' id='word_1_54' title='bbox 1338 1057 1468 1120; x_wconf 89' lang='lat' dir='ltr'>tramite</span> <span class='ocrx_word' id='word_1_55' title='bbox 1484 1078 1552 1121; x_wconf 91' lang='lat' dir='ltr'>non</span> <span class='ocrx_word' id='word_1_56' title='bbox 1568 1058 1767 1136; x_wconf 78' lang='lat' dir='ltr'>discordant,</span> 
     </span>
     <span class='ocr_line' id='line_1_8' title="bbox 85 1143 1767 1230; baseline 0.002 -22"><span class='ocrx_word' id='word_1_57' title='bbox 85 1145 207 1208; x_wconf 80' lang='lat' dir='ltr'>effectu</span> <span class='ocrx_word' id='word_1_58' title='bbox 231 1156 453 1228; x_wconf 87' lang='lat' dir='ltr'>prosequente</span> <span class='ocrx_word' id='word_1_59' title='bbox 476 1147 651 1227; x_wconf 90' lang='lat' dir='ltr'>complere.</span> <span class='ocrx_word' id='word_1_60' title='bbox 697 1148 893 1229; x_wconf 91' lang='lat' dir='ltr'>Eapropter,</span> <span class='ocrx_word' id='word_1_61' title='bbox 918 1147 1028 1210; x_wconf 90' lang='lat' dir='ltr'>dilecti</span> <span class='ocrx_word' id='word_1_62' title='bbox 1052 1149 1085 1210; x_wconf 92' lang='lat' dir='ltr'>in</span> <span class='ocrx_word' id='word_1_63' title='bbox 1110 1148 1245 1211; x_wconf 91' lang='lat' dir='ltr'>domino</span> <span class='ocrx_word' id='word_1_64' title='bbox 1269 1147 1326 1210; x_wconf 92' lang='lat' dir='ltr'>filii</span> <span class='ocrx_word' id='word_1_65' title='bbox 1346 1143 1382 1230; x_wconf 79' lang='lat' dir='ltr'>b),</span> <span class='ocrx_word' id='word_1_66' title='bbox 1407 1148 1521 1210; x_wconf 87' lang='lat' dir='ltr'>vestris</span> <span class='ocrx_word' id='word_1_67' title='bbox 1542 1149 1632 1210; x_wconf 91' lang='lat' dir='ltr'>iustis</span> <span class='ocrx_word' id='word_1_68' title='bbox 1655 1159 1767 1230; x_wconf 90' lang='lat' dir='ltr'>postu·</span> 
     </span>
     <span class='ocr_line' id='line_1_9' title="bbox 85 1235 1768 1318; baseline 0.002 -21"><span class='ocrx_word' id='word_1_69' title='bbox 85 1235 267 1298; x_wconf 90' lang='lat' dir='ltr'>lationibus</span> <span class='ocrx_word' id='word_1_70' title='bbox 290 1245 385 1318; x_wconf 87' lang='lat' dir='ltr'>grato</span> <span class='ocrx_word' id='word_1_71' title='bbox 410 1243 639 1300; x_wconf 86' lang='lat' dir='ltr'>concurrentes</span> <span class='ocrx_word' id='word_1_72' title='bbox 668 1257 800 1300; x_wconf 90' lang='lat' dir='ltr'>assensu</span> <span class='ocrx_word' id='word_1_73' title='bbox 832 1247 971 1318; x_wconf 91' lang='lat' dir='ltr'>pratum,</span> <span class='ocrx_word' id='word_1_74' title='bbox 1002 1237 1168 1313; x_wconf 88' lang='lat' dir='ltr'>olivetum,</span> <span class='ocrx_word' id='word_1_75' title='bbox 1199 1238 1337 1310; x_wconf 85' lang='lat' dir='ltr'>servitia,</span> <span class='ocrx_word' id='word_1_76' title='bbox 1368 1237 1620 1300; x_wconf 90' lang='lat' dir='ltr'>consuetudines</span> <span class='ocrx_word' id='word_1_77' title='bbox 1647 1245 1681 1300; x_wconf 91' lang='lat' dir='ltr'>et</span> <span class='ocrx_word' id='word_1_78' title='bbox 1704 1239 1768 1302; x_wconf 87' lang='lat' dir='ltr'>alia</span> 
     </span>
     <span class='ocr_line' id='line_1_10' title="bbox 85 1321 1768 1411; baseline 0.003 -25"><span class='ocrx_word' id='word_1_79' title='bbox 85 1325 119 1386; x_wconf 91' lang='lat' dir='ltr'>in</span> <span class='ocrx_word' id='word_1_80' title='bbox 137 1325 286 1406; x_wconf 90' lang='lat' dir='ltr'>Mayano</span> <span class='ocrx_word' id='word_1_81' title='bbox 309 1332 342 1388; x_wconf 91' lang='lat' dir='ltr'>et</span> <span class='ocrx_word' id='word_1_82' title='bbox 357 1322 470 1388; x_wconf 90' lang='lat' dir='ltr'>Rocca</span> <span class='ocrx_word' id='word_1_83' title='bbox 483 1325 568 1388; x_wconf 90' lang='lat' dir='ltr'>villis</span> <span class='ocrx_word' id='word_1_84' title='bbox 584 1344 604 1387; x_wconf 93' lang='lat' dir='ltr'>a</span> <span class='ocrx_word' id='word_1_85' title='bbox 619 1325 720 1389; x_wconf 90' lang='lat' dir='ltr'>nobili</span> <span class='ocrx_word' id='word_1_86' title='bbox 735 1327 806 1388; x_wconf 89' lang='lat' dir='ltr'>viro</span> <span class='ocrx_word' id='word_1_87' title='bbox 823 1321 1036 1410; x_wconf 83' lang='lat' dir='ltr'>W(ilhe1m0)‚</span> <span class='ocrx_word' id='word_1_88' title='bbox 1061 1326 1249 1390; x_wconf 86' lang='lat' dir='ltr'>marchione</span> <span class='ocrx_word' id='word_1_89' title='bbox 1270 1324 1391 1389; x_wconf 91' lang='lat' dir='ltr'>Montis</span> <span class='ocrx_word' id='word_1_90' title='bbox 1415 1323 1522 1388; x_wconf 86' lang='lat' dir='ltr'>ferrati</span> <span class='ocrx_word' id='word_1_91' title='bbox 1539 1324 1573 1411; x_wconf 79' lang='lat'>⁸),</span> <span class='ocrx_word' id='word_1_92' title='bbox 1597 1334 1630 1389; x_wconf 91' lang='lat' dir='ltr'>et</span> <span class='ocrx_word' id='word_1_93' title='bbox 1645 1327 1768 1390; x_wconf 87' lang='lat' dir='ltr'>abbate</span> 
     </span>
     <span class='ocr_line' id='line_1_11' title="bbox 85 1414 1766 1497; baseline 0.002 -21"><span class='ocrx_word' id='word_1_94' title='bbox 85 1414 306 1478; x_wconf 87' lang='lat' dir='ltr'>Fructuriensi</span> <span class='ocrx_word' id='word_1_95' title='bbox 337 1414 394 1495; x_wconf 87' lang='lat' dir='ltr'>pia</span> <span class='ocrx_word' id='word_1_96' title='bbox 415 1414 510 1477; x_wconf 90' lang='lat' dir='ltr'>vobis</span> <span class='ocrx_word' id='word_1_97' title='bbox 538 1415 719 1479; x_wconf 87' lang='lat' dir='ltr'>intentione</span> <span class='ocrx_word' id='word_1_98' title='bbox 751 1415 878 1492; x_wconf 90' lang='lat' dir='ltr'>collata,</span> <span class='ocrx_word' id='word_1_99' title='bbox 911 1416 995 1478; x_wconf 91' lang='lat' dir='ltr'>sicut</span> <span class='ocrx_word' id='word_1_100' title='bbox 1026 1435 1065 1478; x_wconf 92' lang='lat' dir='ltr'>ea</span> <span class='ocrx_word' id='word_1_101' title='bbox 1093 1417 1175 1479; x_wconf 90' lang='lat' dir='ltr'>iuste</span> <span class='ocrx_word' id='word_1_102' title='bbox 1199 1424 1232 1480; x_wconf 91' lang='lat' dir='ltr'>et</span> <span class='ocrx_word' id='word_1_103' title='bbox 1254 1416 1323 1478; x_wconf 92' lang='lat' dir='ltr'>sine</span> <span class='ocrx_word' id='word_1_104' title='bbox 1347 1416 1568 1478; x_wconf 87' lang='lat' dir='ltr'>controversia</span> <span class='ocrx_word' id='word_1_105' title='bbox 1590 1416 1766 1497; x_wconf 91' lang='lat' dir='ltr'>possidetis</span> 
     </span>
     <span class='ocr_line' id='line_1_12' title="bbox 85 1503 1767 1586; baseline 0.002 -21"><span class='ocrx_word' id='word_1_106' title='bbox 85 1513 118 1565; x_wconf 92' lang='lat' dir='ltr'>et</span> <span class='ocrx_word' id='word_1_107' title='bbox 135 1504 171 1565; x_wconf 91' lang='lat' dir='ltr'>in</span> <span class='ocrx_word' id='word_1_108' title='bbox 188 1503 328 1584; x_wconf 89' lang='lat' dir='ltr'>publicis</span> <span class='ocrx_word' id='word_1_109' title='bbox 345 1504 575 1578; x_wconf 83' lang='lat' dir='ltr'>instrumentis,</span> <span class='ocrx_word' id='word_1_110' title='bbox 598 1525 697 1586; x_wconf 88' lang='lat' dir='ltr'>super</span> <span class='ocrx_word' id='word_1_111' title='bbox 711 1503 777 1568; x_wconf 91' lang='lat' dir='ltr'>hoc</span> <span class='ocrx_word' id='word_1_112' title='bbox 793 1505 895 1580; x_wconf 92' lang='lat' dir='ltr'>editis,</span> <span class='ocrx_word' id='word_1_113' title='bbox 916 1505 1044 1586; x_wconf 91' lang='lat' dir='ltr'>plenius</span> <span class='ocrx_word' id='word_1_114' title='bbox 1060 1507 1251 1580; x_wconf 91' lang='lat' dir='ltr'>continetur,</span> <span class='ocrx_word' id='word_1_115' title='bbox 1270 1504 1436 1568; x_wconf 90' lang='lat' dir='ltr'>devotioni</span> <span class='ocrx_word' id='word_1_116' title='bbox 1450 1513 1558 1567; x_wconf 90' lang='lat' dir='ltr'>vestre</span> <span class='ocrx_word' id='word_1_117' title='bbox 1573 1506 1767 1569; x_wconf 88' lang='lat' dir='ltr'>auctoritate</span> 
     </span>
     <span class='ocr_line' id='line_1_13' title="bbox 85 1591 1766 1676; baseline 0.002 -23"><span class='ocrx_word' id='word_1_118' title='bbox 85 1593 274 1672; x_wconf 88' lang='lat' dir='ltr'>apostolica</span> <span class='ocrx_word' id='word_1_119' title='bbox 297 1592 528 1656; x_wconf 88' lang='lat' dir='ltr'>confirmamus</span> <span class='ocrx_word' id='word_1_120' title='bbox 551 1601 584 1656; x_wconf 87' lang='lat' dir='ltr'>et</span> <span class='ocrx_word' id='word_1_121' title='bbox 607 1595 768 1674; x_wconf 90' lang='lat' dir='ltr'>presentis</span> <span class='ocrx_word' id='word_1_122' title='bbox 791 1595 902 1676; x_wconf 91' lang='lat' dir='ltr'>scripti</span> <span class='ocrx_word' id='word_1_123' title='bbox 919 1595 1103 1676; x_wconf 88' lang='lat' dir='ltr'>patrocinio</span> <span class='ocrx_word' id='word_1_124' title='bbox 1125 1595 1373 1658; x_wconf 90' lang='lat' dir='ltr'>communimus.</span> <span class='ocrx_word' id='word_1_125' title='bbox 1418 1591 1615 1667; x_wconf 87' lang='lat' dir='ltr'>Statuentes,</span> <span class='ocrx_word' id='word_1_126' title='bbox 1638 1605 1673 1657; x_wconf 94' lang='lat' dir='ltr'>ut</span> <span class='ocrx_word' id='word_1_127' title='bbox 1689 1595 1766 1656; x_wconf 90' lang='lat' dir='ltr'>nulli</span> 
     </span>
     <span class='ocr_line' id='line_1_14' title="bbox 85 1679 1766 1766; baseline 0.001 -22"><span class='ocrx_word' id='word_1_128' title='bbox 85 1683 226 1745; x_wconf 87' lang='lat' dir='ltr'>omnino</span> <span class='ocrx_word' id='word_1_129' title='bbox 242 1679 413 1744; x_wconf 91' lang='lat' dir='ltr'>hominum</span> <span class='ocrx_word' id='word_1_130' title='bbox 429 1683 535 1758; x_wconf 84' lang='lat' dir='ltr'>liceat,</span> <span class='ocrx_word' id='word_1_131' title='bbox 551 1683 637 1746; x_wconf 90' lang='lat' dir='ltr'>hanc</span> <span class='ocrx_word' id='word_1_132' title='bbox 649 1684 804 1765; x_wconf 86' lang='lat' dir='ltr'>paginam</span> <span class='ocrx_word' id='word_1_133' title='bbox 817 1695 927 1746; x_wconf 91' lang='lat' dir='ltr'>nostre</span> <span class='ocrx_word' id='word_1_134' title='bbox 940 1683 1197 1748; x_wconf 88' lang='lat' dir='ltr'>confirmationis</span> <span class='ocrx_word' id='word_1_135' title='bbox 1209 1684 1383 1766; x_wconf 85' lang='lat' dir='ltr'>infringere</span> <span class='ocrx_word' id='word_1_136' title='bbox 1393 1681 1446 1744; x_wconf 92' lang='lat' dir='ltr'>vel</span> <span class='ocrx_word' id='word_1_137' title='bbox 1462 1683 1491 1744; x_wconf 92' lang='lat' dir='ltr'>ei</span> <span class='ocrx_word' id='word_1_138' title='bbox 1503 1701 1581 1745; x_wconf 91' lang='lat' dir='ltr'>ausu</span> <span class='ocrx_word' id='word_1_139' title='bbox 1595 1685 1766 1746; x_wconf 87' lang='lat' dir='ltr'>temerario</span> 
     </span>
     <span class='ocr_line' id='line_1_15' title="bbox 86 1771 1767 1856; baseline 0.002 -23"><span class='ocrx_word' id='word_1_140' title='bbox 86 1772 262 1834; x_wconf 90' lang='lat' dir='ltr'>contraire.</span> <span class='ocrx_word' id='word_1_141' title='bbox 308 1771 343 1836; x_wconf 89' lang='lat' dir='ltr'>Si</span> <span class='ocrx_word' id='word_1_142' title='bbox 368 1772 441 1851; x_wconf 92' lang='lat' dir='ltr'>quis</span> <span class='ocrx_word' id='word_1_143' title='bbox 464 1782 574 1834; x_wconf 92' lang='lat' dir='ltr'>autem</span> <span class='ocrx_word' id='word_1_144' title='bbox 603 1772 667 1836; x_wconf 94' lang='lat' dir='ltr'>hoc</span> <span class='ocrx_word' id='word_1_145' title='bbox 697 1781 859 1836; x_wconf 87' lang='lat' dir='ltr'>attentare</span> <span class='ocrx_word' id='word_1_146' title='bbox 889 1775 1132 1855; x_wconf 86' lang='lat' dir='ltr'>presumpserit,</span> <span class='ocrx_word' id='word_1_147' title='bbox 1164 1774 1425 1856; x_wconf 90' lang='lat' dir='ltr'>indignationem</span> <span class='ocrx_word' id='word_1_148' title='bbox 1449 1773 1684 1852; x_wconf 91' lang='lat' dir='ltr'>omnipotentis</span> <span class='ocrx_word' id='word_1_149' title='bbox 1715 1773 1767 1836; x_wconf 93' lang='lat' dir='ltr'>dei</span> 
     </span>
     <span class='ocr_line' id='line_1_16' title="bbox 85 1859 1767 1944; baseline 0.002 -22"><span class='ocrx_word' id='word_1_150' title='bbox 85 1867 120 1922; x_wconf 89' lang='lat' dir='ltr'>et</span> <span class='ocrx_word' id='word_1_151' title='bbox 142 1860 319 1924; x_wconf 88' lang='lat' dir='ltr'>beatorum</span> <span class='ocrx_word' id='word_1_152' title='bbox 343 1860 428 1923; x_wconf 89' lang='lat' dir='ltr'>Petri</span> <span class='ocrx_word' id='word_1_153' title='bbox 452 1867 485 1922; x_wconf 91' lang='lat' dir='ltr'>et</span> <span class='ocrx_word' id='word_1_154' title='bbox 499 1861 598 1938; x_wconf 88' lang='lat' dir='ltr'>Pauli,</span> <span class='ocrx_word' id='word_1_155' title='bbox 623 1862 850 1944; x_wconf 91' lang='lat' dir='ltr'>apostolorum</span> <span class='ocrx_word' id='word_1_156' title='bbox 873 1864 950 1940; x_wconf 93' lang='lat' dir='ltr'>eius,</span> <span class='ocrx_word' id='word_1_157' title='bbox 974 1883 1011 1926; x_wconf 93' lang='lat' dir='ltr'>se</span> <span class='ocrx_word' id='word_1_158' title='bbox 1034 1864 1161 1926; x_wconf 90' lang='lat' dir='ltr'>noverit</span> <span class='ocrx_word' id='word_1_159' title='bbox 1183 1863 1393 1927; x_wconf 89' lang='lat' dir='ltr'>incursurum.</span> <span class='ocrx_word' id='word_1_160' title='bbox 1416 1895 1460 1907; x_wconf 92' lang='lat'><em>-</em></span> <span class='ocrx_word' id='word_1_161' title='bbox 1482 1862 1607 1924; x_wconf 92' lang='lat' dir='ltr'>Datum</span> <span class='ocrx_word' id='word_1_162' title='bbox 1622 1859 1767 1938; x_wconf 89' lang='lat' dir='ltr'>Velletri,</span> 
     </span>
     <span class='ocr_line' id='line_1_17' title="bbox 85 1946 516 2014; baseline -0.005 -1"><span class='ocrx_word' id='word_1_163' title='bbox 85 1959 186 2014; x_wconf 81' lang='lat' dir='ltr'>sexto</span> <span class='ocrx_word' id='word_1_164' title='bbox 210 1947 287 2013; x_wconf 92' lang='lat' dir='ltr'>Idus</span> <span class='ocrx_word' id='word_1_165' title='bbox 309 1946 516 2013; x_wconf 90' lang='lat' dir='ltr'>Novembris.</span> 
     </span>
    </p>
   </div>
   <div class='ocr_carea' id='block_1_6' title="bbox 254 2061 1442 2132">
    <p class='ocr_par' dir='ltr' id='par_1_6' title="bbox 254 2061 1442 2132">
     <span class='ocr_line' id='line_1_18' title="bbox 254 2061 1442 2132; baseline 0.001 -18"><span class='ocrx_word' id='word_1_166' title='bbox 254 2063 298 2114; x_wconf 90' lang='lat' dir='ltr'>Or.</span> <span class='ocrx_word' id='word_1_167' title='bbox 316 2063 350 2132; x_wconf 87' lang='lat' dir='ltr'>(l)</span> <span class='ocrx_word' id='word_1_168' title='bbox 370 2063 514 2116; x_wconf 72' lang='lat' dir='ltr'>Pcrcltemr&#39;n</span> <span class='ocrx_word' id='word_1_169' title='bbox 532 2063 566 2117; x_wconf 87' lang='lat' dir='ltr'>H.</span> <span class='ocrx_word' id='word_1_170' title='bbox 585 2065 643 2114; x_wconf 80' lang='grc'><strong><em>160.</em></strong></span> <span class='ocrx_word' id='word_1_171' title='bbox 663 2063 695 2116; x_wconf 82' lang='grc' dir='ltr'>Χ.</span> <span class='ocrx_word' id='word_1_172' title='bbox 713 2064 745 2115; x_wconf 87' lang='lat' dir='ltr'>L.</span> <span class='ocrx_word' id='word_1_173' title='bbox 765 2065 816 2115; x_wconf 84' lang='grc'><strong><em>185</em></strong></span> <span class='ocrx_word' id='word_1_174' title='bbox 834 2061 881 2116; x_wconf 75' lang='lat' dir='ltr'>cdte</span> <span class='ocrx_word' id='word_1_175' title='bbox 898 2065 946 2117; x_wconf 88' lang='lat' dir='ltr'>Nr.</span> <span class='ocrx_word' id='word_1_176' title='bbox 963 2067 1007 2127; x_wconf 73' lang='lat'>29,</span> <span class='ocrx_word' id='word_1_177' title='bbox 1026 2065 1053 2115; x_wconf 82' lang='lat' dir='ltr'>r&#39;rc</span> <span class='ocrx_word' id='word_1_178' title='bbox 1070 2065 1114 2116; x_wconf 84' lang='lat' dir='ltr'>der</span> <span class='ocrx_word' id='word_1_179' title='bbox 1130 2065 1194 2116; x_wconf 82' lang='lat' dir='ltr'>Br&#39;bl.</span> <span class='ocrx_word' id='word_1_180' title='bbox 1212 2066 1285 2114; x_wconf 87' lang='lat' dir='ltr'>Reale</span> <span class='ocrx_word' id='word_1_181' title='bbox 1301 2080 1332 2114; x_wconf 74' lang='lat' dir='ltr'>ue</span> <span class='ocrx_word' id='word_1_182' title='bbox 1353 2064 1442 2115; x_wconf 75' lang='lat' dir='ltr'>Tem&#39;rc</span> 
     </span>
    </p>
   </div>
   <div class='ocr_carea' id='block_1_7' title="bbox 837 2349 1020 2428">
    <p class='ocr_par' dir='ltr' id='par_1_7' title="bbox 837 2349 1020 2428">
     <span class='ocr_line' id='line_1_19' title="bbox 837 2349 1020 2428; baseline -0.005 -2"><span class='ocrx_word' id='word_1_183' title='bbox 837 2349 904 2426; x_wconf 87' lang='lat' dir='ltr'>Nr.</span> <span class='ocrx_word' id='word_1_184' title='bbox 931 2354 1020 2428; x_wconf 81' lang='lat'>325.</span> 
     </span>
    </p>
   </div>
   <div class='ocr_carea' id='block_1_8' title="bbox 87 2481 1770 2658">
    <p class='ocr_par' dir='ltr' id='par_1_8' title="bbox 87 2481 1770 2658">
     <span class='ocr_line' id='line_1_20' title="bbox 87 2481 1770 2567; baseline 0 -19"><span class='ocrx_word' id='word_1_185' title='bbox 87 2481 217 2548; x_wconf 80' lang='lat' dir='ltr'>Lucius</span> <span class='ocrx_word' id='word_1_186' title='bbox 229 2481 296 2546; x_wconf 90' lang='lat' dir='ltr'>III</span> <span class='ocrx_word' id='word_1_187' title='bbox 305 2481 456 2566; x_wconf 72' lang='lat' dir='ltr'>bestdtigt</span> <span class='ocrx_word' id='word_1_188' title='bbox 469 2481 543 2546; x_wconf 86' lang='lat' dir='ltr'>dem</span> <span class='ocrx_word' id='word_1_189' title='bbox 557 2481 694 2567; x_wconf 85' lang='lat' dir='ltr'>Kapitel</span> <span class='ocrx_word' id='word_1_190' title='bbox 704 2503 765 2546; x_wconf 87' lang='lat' dir='ltr'>ven</span> <span class='ocrx_word' id='word_1_191' title='bbox 777 2481 811 2547; x_wconf 87' lang='lat' dir='ltr'>S.</span> <span class='ocrx_word' id='word_1_192' title='bbox 825 2481 956 2546; x_wconf 82' lang='lat' dir='ltr'>Simeon</span> <span class='ocrx_word' id='word_1_193' title='bbox 973 2484 1007 2546; x_wconf 84' lang='lat' dir='ltr'>in</span> <span class='ocrx_word' id='word_1_194' title='bbox 1026 2481 1121 2546; x_wconf 83' lang='lat' dir='ltr'>Trier</span> <span class='ocrx_word' id='word_1_195' title='bbox 1133 2482 1190 2547; x_wconf 87' lang='lat' dir='ltr'>die</span> <span class='ocrx_word' id='word_1_196' title='bbox 1202 2481 1381 2566; x_wconf 82' lang='lat' dir='ltr'>Beilegung</span> <span class='ocrx_word' id='word_1_197' title='bbox 1393 2481 1451 2547; x_wconf 85' lang='lat' dir='ltr'>des</span> <span class='ocrx_word' id='word_1_198' title='bbox 1462 2481 1597 2548; x_wconf 82' lang='lat' dir='ltr'>Stree&#39;tes</span> <span class='ocrx_word' id='word_1_199' title='bbox 1609 2484 1770 2550; x_wconf 70' lang='lat' dir='ltr'>zwisalten</span> 
     </span>
     <span class='ocr_line' id='line_1_21' title="bbox 318 2570 1542 2658; baseline 0.002 -24"><span class='ocrx_word' id='word_1_200' title='bbox 318 2571 388 2635; x_wconf 81' lang='lat' dir='ltr'>ihm</span> <span class='ocrx_word' id='word_1_201' title='bbox 403 2571 477 2638; x_wconf 83' lang='lat' dir='ltr'>und</span> <span class='ocrx_word' id='word_1_202' title='bbox 489 2573 552 2636; x_wconf 87' lang='lat' dir='ltr'>den</span> <span class='ocrx_word' id='word_1_203' title='bbox 567 2573 718 2656; x_wconf 80' lang='lat' dir='ltr'>Br&#39;e&#39;rgern</span> <span class='ocrx_word' id='word_1_204' title='bbox 732 2593 793 2636; x_wconf 84' lang='lat' dir='ltr'>von</span> <span class='ocrx_word' id='word_1_205' title='bbox 814 2570 949 2638; x_wconf 81' lang='lat' dir='ltr'>Coblena</span> <span class='ocrx_word' id='word_1_206' title='bbox 964 2592 1077 2658; x_wconf 78' lang='lat' dir='ltr'>wegen</span> <span class='ocrx_word' id='word_1_207' title='bbox 1092 2571 1150 2636; x_wconf 86' lang='lat' dir='ltr'>des</span> <span class='ocrx_word' id='word_1_208' title='bbox 1166 2571 1255 2636; x_wconf 87' lang='lat' dir='ltr'>Zolls</span> <span class='ocrx_word' id='word_1_209' title='bbox 1270 2593 1331 2636; x_wconf 86' lang='lat' dir='ltr'>von</span> <span class='ocrx_word' id='word_1_210' title='bbox 1352 2570 1487 2638; x_wconf 81' lang='lat' dir='ltr'>Coblena</span> <span class='ocrx_word' id='word_1_211' title='bbox 1504 2573 1542 2657; x_wconf 82' lang='lat'>⁸).</span> 
     </span>
    </p>
   </div>
   <div class='ocr_carea' id='block_1_9' title="bbox 668 2685 1194 2752">
    <p class='ocr_par' dir='ltr' id='par_1_9' title="bbox 668 2685 1194 2752">
     <span class='ocr_line' id='line_1_22' title="bbox 668 2685 1194 2752; baseline 0.002 -1"><span class='ocrx_word' id='word_1_212' title='bbox 668 2689 757 2752; x_wconf 76' lang='lat'><strong><em>1182</em></strong></span> <span class='ocrx_word' id='word_1_213' title='bbox 771 2687 947 2752; x_wconf 81' lang='lat' dir='ltr'>December</span> <span class='ocrx_word' id='word_1_214' title='bbox 959 2691 1015 2752; x_wconf 78' lang='lat'>24.</span> <span class='ocrx_word' id='word_1_215' title='bbox 1056 2685 1194 2752; x_wconf 83' lang='lat' dir='ltr'>Velletri.</span> 
     </span>
    </p>
   </div>
   <div class='ocr_carea' id='block_1_10' title="bbox 89 2802 1772 3952">
    <p class='ocr_par' dir='ltr' id='par_1_10' title="bbox 89 2802 1772 3952">
     <span class='ocr_line' id='line_1_23' title="bbox 251 2802 1772 2886; baseline 0.002 -20"><span class='ocrx_word' id='word_1_216' title='bbox 251 2802 371 2867; x_wconf 89' lang='lat' dir='ltr'>Lucius</span> <span class='ocrx_word' id='word_1_217' title='bbox 403 2805 593 2886; x_wconf 88' lang='lat' dir='ltr'>episcopus,</span> <span class='ocrx_word' id='word_1_218' title='bbox 624 2825 735 2868; x_wconf 89' lang='lat' dir='ltr'>servus</span> <span class='ocrx_word' id='word_1_219' title='bbox 767 2825 934 2869; x_wconf 87' lang='lat' dir='ltr'>servomm</span> <span class='ocrx_word' id='word_1_220' title='bbox 965 2805 1035 2881; x_wconf 91' lang='lat' dir='ltr'>dei,</span> <span class='ocrx_word' id='word_1_221' title='bbox 1074 2805 1201 2868; x_wconf 92' lang='lat' dir='ltr'>dilectis</span> <span class='ocrx_word' id='word_1_222' title='bbox 1236 2803 1326 2880; x_wconf 92' lang='lat' dir='ltr'>filiis,</span> <span class='ocrx_word' id='word_1_223' title='bbox 1358 2803 1505 2868; x_wconf 89' lang='lat' dir='ltr'>Gerardo</span> <span class='ocrx_word' id='word_1_224' title='bbox 1536 2803 1707 2886; x_wconf 91' lang='lat' dir='ltr'>preposito</span> <span class='ocrx_word' id='word_1_225' title='bbox 1737 2814 1772 2869; x_wconf 93' lang='lat' dir='ltr'>et</span> 
     </span>
     <span class='ocr_line' id='line_1_24' title="bbox 89 2892 1771 2976; baseline 0 -20"><span class='ocrx_word' id='word_1_226' title='bbox 89 2892 260 2956; x_wconf 89' lang='lat' dir='ltr'>canonicis</span> <span class='ocrx_word' id='word_1_227' title='bbox 290 2895 394 2956; x_wconf 88' lang='lat' dir='ltr'>sancti</span> <span class='ocrx_word' id='word_1_228' title='bbox 424 2893 618 2976; x_wconf 89' lang='lat' dir='ltr'>Symeonis,</span> <span class='ocrx_word' id='word_1_229' title='bbox 653 2895 792 2958; x_wconf 91' lang='lat' dir='ltr'>salutem</span> <span class='ocrx_word' id='word_1_230' title='bbox 823 2904 857 2958; x_wconf 90' lang='lat' dir='ltr'>et</span> <span class='ocrx_word' id='word_1_231' title='bbox 887 2895 1104 2976; x_wconf 89' lang='lat' dir='ltr'>apostolicam</span> <span class='ocrx_word' id='word_1_232' title='bbox 1135 2895 1410 2958; x_wconf 88' lang='lat' dir='ltr'>benedictionem.</span> <span class='ocrx_word' id='word_1_233' title='bbox 1463 2893 1557 2955; x_wconf 89' lang='lat' dir='ltr'>Iustis</span> <span class='ocrx_word' id='word_1_234' title='bbox 1588 2894 1771 2974; x_wconf 90' lang='lat' dir='ltr'>petentium</span> 
     </span>
     <span class='ocr_line' id='line_1_25' title="bbox 89 2981 1769 3068; baseline 0.001 -24"><span class='ocrx_word' id='word_1_235' title='bbox 89 2981 263 3045; x_wconf 89' lang='lat' dir='ltr'>desideriis</span> <span class='ocrx_word' id='word_1_236' title='bbox 288 2981 416 3045; x_wconf 84' lang='lat' dir='ltr'>facilem</span> <span class='ocrx_word' id='word_1_237' title='bbox 440 3003 502 3047; x_wconf 92' lang='lat' dir='ltr'>nos</span> <span class='ocrx_word' id='word_1_238' title='bbox 518 2984 673 3047; x_wconf 92' lang='lat' dir='ltr'>convenit</span> <span class='ocrx_word' id='word_1_239' title='bbox 687 2984 846 3065; x_wconf 91' lang='lat' dir='ltr'>impertiri</span> <span class='ocrx_word' id='word_1_240' title='bbox 868 2981 895 3068; x_wconf 74' lang='grc' dir='ltr'>ο)</span> <span class='ocrx_word' id='word_1_241' title='bbox 919 3003 1114 3048; x_wconf 89' lang='lat' dir='ltr'>consensum</span> <span class='ocrx_word' id='word_1_242' title='bbox 1131 2990 1164 3047; x_wconf 92' lang='lat' dir='ltr'>et</span> <span class='ocrx_word' id='word_1_243' title='bbox 1178 2995 1265 3058; x_wconf 91' lang='lat' dir='ltr'>vota,</span> <span class='ocrx_word' id='word_1_244' title='bbox 1291 3003 1355 3064; x_wconf 93' lang='lat' dir='ltr'>que</span> <span class='ocrx_word' id='word_1_245' title='bbox 1371 3003 1391 3045; x_wconf 87' lang='lat' dir='ltr'>a</span> <span class='ocrx_word' id='word_1_246' title='bbox 1406 2982 1539 3044; x_wconf 89' lang='lat' dir='ltr'>rationis</span> <span class='ocrx_word' id='word_1_247' title='bbox 1556 2983 1686 3045; x_wconf 89' lang='lat' dir='ltr'>tramite</span> <span class='ocrx_word' id='word_1_248' title='bbox 1702 3003 1769 3045; x_wconf 95' lang='lat' dir='ltr'>non</span> 
     </span>
     <span class='ocr_line' id='line_1_26' title="bbox 89 3070 1770 3155; baseline 0.001 -21"><span class='ocrx_word' id='word_1_249' title='bbox 89 3071 291 3148; x_wconf 87' lang='lat' dir='ltr'>discordant,</span> <span class='ocrx_word' id='word_1_250' title='bbox 316 3071 434 3136; x_wconf 86' lang='lat' dir='ltr'>effectu</span> <span class='ocrx_word' id='word_1_251' title='bbox 450 3072 574 3136; x_wconf 92' lang='lat' dir='ltr'>debent</span> <span class='ocrx_word' id='word_1_252' title='bbox 590 3084 811 3154; x_wconf 90' lang='lat' dir='ltr'>prosequente</span> <span class='ocrx_word' id='word_1_253' title='bbox 826 3072 995 3155; x_wconf 92' lang='lat' dir='ltr'>compleri.</span> <span class='ocrx_word' id='word_1_254' title='bbox 1033 3074 1229 3155; x_wconf 90' lang='lat' dir='ltr'>Eapropter,</span> <span class='ocrx_word' id='word_1_255' title='bbox 1247 3072 1356 3136; x_wconf 89' lang='lat' dir='ltr'>dilecti</span> <span class='ocrx_word' id='word_1_256' title='bbox 1373 3072 1405 3134; x_wconf 92' lang='lat' dir='ltr'>in</span> <span class='ocrx_word' id='word_1_257' title='bbox 1422 3071 1558 3134; x_wconf 91' lang='lat' dir='ltr'>domino</span> <span class='ocrx_word' id='word_1_258' title='bbox 1575 3070 1640 3147; x_wconf 90' lang='lat' dir='ltr'>filii,</span> <span class='ocrx_word' id='word_1_259' title='bbox 1657 3072 1770 3136; x_wconf 90' lang='lat' dir='ltr'>vestris</span> 
     </span>
     <span class='ocr_line' id='line_1_27' title="bbox 89 3159 1770 3244; baseline 0.001 -21"><span class='ocrx_word' id='word_1_260' title='bbox 89 3160 183 3224; x_wconf 88' lang='lat' dir='ltr'>iustis</span> <span class='ocrx_word' id='word_1_261' title='bbox 206 3159 484 3243; x_wconf 90' lang='lat' dir='ltr'>postulationibus</span> <span class='ocrx_word' id='word_1_262' title='bbox 507 3173 602 3244; x_wconf 90' lang='lat' dir='ltr'>grato</span> <span class='ocrx_word' id='word_1_263' title='bbox 626 3169 855 3226; x_wconf 90' lang='lat' dir='ltr'>concurrentes</span> <span class='ocrx_word' id='word_1_264' title='bbox 879 3183 1020 3239; x_wconf 89' lang='lat' dir='ltr'>assensu,</span> <span class='ocrx_word' id='word_1_265' title='bbox 1045 3163 1320 3244; x_wconf 91' lang='lat' dir='ltr'>compositionem</span> <span class='ocrx_word' id='word_1_266' title='bbox 1346 3162 1429 3224; x_wconf 88' lang='lat' dir='ltr'>inter</span> <span class='ocrx_word' id='word_1_267' title='bbox 1443 3180 1503 3223; x_wconf 90' lang='lat' dir='ltr'>vos</span> <span class='ocrx_word' id='word_1_268' title='bbox 1526 3171 1560 3223; x_wconf 90' lang='lat' dir='ltr'>et</span> <span class='ocrx_word' id='word_1_269' title='bbox 1583 3161 1670 3224; x_wconf 87' lang='lat' dir='ltr'>cives</span> <span class='ocrx_word' id='word_1_270' title='bbox 1687 3160 1770 3225; x_wconf 92' lang='lat' dir='ltr'>Con·</span> 
     </span>
     <span class='ocr_line' id='line_1_28' title="bbox 89 3247 1769 3332; baseline 0 -20"><span class='ocrx_word' id='word_1_271' title='bbox 89 3247 269 3313; x_wconf 87' lang='lat' dir='ltr'>fiuentinos</span> <span class='ocrx_word' id='word_1_272' title='bbox 298 3271 397 3332; x_wconf 90' lang='lat' dir='ltr'>super</span> <span class='ocrx_word' id='word_1_273' title='bbox 427 3250 582 3315; x_wconf 89' lang='lat' dir='ltr'>theloneo</span> <span class='ocrx_word' id='word_1_274' title='bbox 607 3250 856 3330; x_wconf 90' lang='lat' dir='ltr'>Confluentino,</span> <span class='ocrx_word' id='word_1_275' title='bbox 891 3254 1058 3316; x_wconf 89' lang='lat' dir='ltr'>mediante</span> <span class='ocrx_word' id='word_1_276' title='bbox 1087 3252 1265 3316; x_wconf 89' lang='lat' dir='ltr'>venerabili</span> <span class='ocrx_word' id='word_1_277' title='bbox 1296 3252 1393 3314; x_wconf 88' lang='lat' dir='ltr'>fratre</span> <span class='ocrx_word' id='word_1_278' title='bbox 1424 3261 1546 3327; x_wconf 92' lang='lat' dir='ltr'>nostro,</span> <span class='ocrx_word' id='word_1_279' title='bbox 1577 3250 1769 3314; x_wconf 89' lang='lat' dir='ltr'>Treverensi</span> 
     </span>
     <span class='ocr_line' id='line_1_29' title="bbox 89 3337 1771 3424; baseline 0.001 -22"><span class='ocrx_word' id='word_1_280' title='bbox 89 3337 361 3422; x_wconf 86' lang='lat' dir='ltr'>archiepiscopo,</span> <span class='ocrx_word' id='word_1_281' title='bbox 392 3340 552 3404; x_wconf 90' lang='lat' dir='ltr'>canonice</span> <span class='ocrx_word' id='word_1_282' title='bbox 582 3341 718 3418; x_wconf 85' lang='lat' dir='ltr'>factam,</span> <span class='ocrx_word' id='word_1_283' title='bbox 749 3342 834 3404; x_wconf 92' lang='lat' dir='ltr'>sicut</span> <span class='ocrx_word' id='word_1_284' title='bbox 864 3341 906 3404; x_wconf 91' lang='lat' dir='ltr'>ab</span> <span class='ocrx_word' id='word_1_285' title='bbox 939 3351 1077 3423; x_wconf 90' lang='lat' dir='ltr'>utraque</span> <span class='ocrx_word' id='word_1_286' title='bbox 1107 3351 1201 3424; x_wconf 89' lang='lat' dir='ltr'>parte</span> <span class='ocrx_word' id='word_1_287' title='bbox 1231 3349 1365 3423; x_wconf 88' lang='lat' dir='ltr'>recepta</span> <span class='ocrx_word' id='word_1_288' title='bbox 1395 3350 1446 3404; x_wconf 89' lang='lat' dir='ltr'>est</span> <span class='ocrx_word' id='word_1_289' title='bbox 1475 3346 1508 3403; x_wconf 89' lang='lat' dir='ltr'>et</span> <span class='ocrx_word' id='word_1_290' title='bbox 1539 3339 1572 3402; x_wconf 90' lang='lat' dir='ltr'>in</span> <span class='ocrx_word' id='word_1_291' title='bbox 1603 3340 1771 3403; x_wconf 92' lang='lat' dir='ltr'>autentico</span> 
     </span>
     <span class='ocr_line' id='line_1_30' title="bbox 89 3429 1772 3514; baseline 0 -22"><span class='ocrx_word' id='word_1_292' title='bbox 89 3429 215 3511; x_wconf 88' lang='lat' dir='ltr'>scripto</span> <span class='ocrx_word' id='word_1_293' title='bbox 231 3429 333 3511; x_wconf 88' lang='lat' dir='ltr'>ipsius</span> <span class='ocrx_word' id='word_1_294' title='bbox 349 3429 589 3513; x_wconf 87' lang='lat' dir='ltr'>archiepiscopi</span> <span class='ocrx_word' id='word_1_295' title='bbox 604 3431 733 3514; x_wconf 88' lang='lat' dir='ltr'>plenius</span> <span class='ocrx_word' id='word_1_296' title='bbox 748 3431 942 3507; x_wconf 88' lang='lat' dir='ltr'>continetur,</span> <span class='ocrx_word' id='word_1_297' title='bbox 965 3441 1069 3494; x_wconf 90' lang='lat' dir='ltr'>ratam</span> <span class='ocrx_word' id='word_1_298' title='bbox 1084 3429 1252 3507; x_wconf 91' lang='lat' dir='ltr'>habentes,</span> <span class='ocrx_word' id='word_1_299' title='bbox 1271 3429 1439 3493; x_wconf 90' lang='lat' dir='ltr'>devotioni</span> <span class='ocrx_word' id='word_1_300' title='bbox 1454 3438 1561 3492; x_wconf 91' lang='lat' dir='ltr'>vestre</span> <span class='ocrx_word' id='word_1_301' title='bbox 1577 3429 1772 3492; x_wconf 88' lang='lat' dir='ltr'>auctoritate</span> 
     </span>
     <span class='ocr_line' id='line_1_31' title="bbox 89 3517 1770 3602; baseline -0.001 -21"><span class='ocrx_word' id='word_1_302' title='bbox 89 3518 278 3600; x_wconf 90' lang='lat' dir='ltr'>apostolica</span> <span class='ocrx_word' id='word_1_303' title='bbox 301 3518 531 3583; x_wconf 88' lang='lat' dir='ltr'>confirmamus</span> <span class='ocrx_word' id='word_1_304' title='bbox 554 3531 587 3584; x_wconf 89' lang='lat' dir='ltr'>et</span> <span class='ocrx_word' id='word_1_305' title='bbox 610 3520 771 3602; x_wconf 89' lang='lat' dir='ltr'>presentis</span> <span class='ocrx_word' id='word_1_306' title='bbox 793 3521 905 3601; x_wconf 88' lang='lat' dir='ltr'>scripti</span> <span class='ocrx_word' id='word_1_307' title='bbox 929 3521 1113 3602; x_wconf 91' lang='lat' dir='ltr'>patrocinio</span> <span class='ocrx_word' id='word_1_308' title='bbox 1138 3520 1395 3592; x_wconf 90' lang='lat' dir='ltr'>communimus;</span> <span class='ocrx_word' id='word_1_309' title='bbox 1422 3528 1611 3594; x_wconf 89' lang='lat' dir='ltr'>statuentes,</span> <span class='ocrx_word' id='word_1_310' title='bbox 1634 3528 1670 3581; x_wconf 89' lang='lat' dir='ltr'>ut</span> <span class='ocrx_word' id='word_1_311' title='bbox 1693 3517 1770 3582; x_wconf 93' lang='lat' dir='ltr'>nulli</span> 
     </span>
     <span class='ocr_line' id='line_1_32' title="bbox 89 3606 1770 3691; baseline 0.001 -22"><span class='ocrx_word' id='word_1_312' title='bbox 89 3609 228 3671; x_wconf 89' lang='lat' dir='ltr'>omnino</span> <span class='ocrx_word' id='word_1_313' title='bbox 262 3607 433 3672; x_wconf 90' lang='lat' dir='ltr'>hominum</span> <span class='ocrx_word' id='word_1_314' title='bbox 464 3609 575 3686; x_wconf 89' lang='lat' dir='ltr'>liceat,</span> <span class='ocrx_word' id='word_1_315' title='bbox 606 3609 692 3672; x_wconf 90' lang='lat' dir='ltr'>hanc</span> <span class='ocrx_word' id='word_1_316' title='bbox 723 3609 880 3691; x_wconf 86' lang='lat' dir='ltr'>paginam</span> <span class='ocrx_word' id='word_1_317' title='bbox 911 3621 1022 3674; x_wconf 90' lang='lat' dir='ltr'>nostre</span> <span class='ocrx_word' id='word_1_318' title='bbox 1053 3608 1311 3672; x_wconf 90' lang='lat' dir='ltr'>confirmationis</span> <span class='ocrx_word' id='word_1_319' title='bbox 1340 3606 1516 3688; x_wconf 83' lang='lat' dir='ltr'>infringere</span> <span class='ocrx_word' id='word_1_320' title='bbox 1545 3606 1598 3670; x_wconf 92' lang='lat' dir='ltr'>vel</span> <span class='ocrx_word' id='word_1_321' title='bbox 1629 3608 1658 3669; x_wconf 94' lang='lat' dir='ltr'>ei</span> <span class='ocrx_word' id='word_1_322' title='bbox 1691 3628 1770 3670; x_wconf 89' lang='lat' dir='ltr'>ausu</span> 
     </span>
     <span class='ocr_line' id='line_1_33' title="bbox 89 3695 1771 3781; baseline -0.001 -22"><span class='ocrx_word' id='word_1_323' title='bbox 89 3699 266 3760; x_wconf 88' lang='lat' dir='ltr'>temerario</span> <span class='ocrx_word' id='word_1_324' title='bbox 289 3699 459 3761; x_wconf 90' lang='lat' dir='ltr'>contraire.</span> <span class='ocrx_word' id='word_1_325' title='bbox 505 3697 540 3762; x_wconf 90' lang='lat' dir='ltr'>Si</span> <span class='ocrx_word' id='word_1_326' title='bbox 566 3700 638 3781; x_wconf 90' lang='lat' dir='ltr'>quis</span> <span class='ocrx_word' id='word_1_327' title='bbox 661 3709 770 3762; x_wconf 91' lang='lat' dir='ltr'>autem</span> <span class='ocrx_word' id='word_1_328' title='bbox 793 3697 858 3760; x_wconf 96' lang='lat' dir='ltr'>hoc</span> <span class='ocrx_word' id='word_1_329' title='bbox 881 3707 1080 3781; x_wconf 86' lang='lat' dir='ltr'>attemptare</span> <span class='ocrx_word' id='word_1_330' title='bbox 1108 3698 1351 3780; x_wconf 90' lang='lat' dir='ltr'>presumpserit,</span> <span class='ocrx_word' id='word_1_331' title='bbox 1383 3695 1644 3776; x_wconf 88' lang='lat' dir='ltr'>indignationem</span> <span class='ocrx_word' id='word_1_332' title='bbox 1668 3698 1771 3759; x_wconf 92' lang='lat' dir='ltr'>omni-</span> 
     </span>
     <span class='ocr_line' id='line_1_34' title="bbox 89 3785 1771 3868; baseline -0.001 -20"><span class='ocrx_word' id='word_1_333' title='bbox 89 3786 238 3867; x_wconf 88' lang='lat' dir='ltr'>potentis</span> <span class='ocrx_word' id='word_1_334' title='bbox 255 3785 308 3848; x_wconf 92' lang='lat' dir='ltr'>dei</span> <span class='ocrx_word' id='word_1_335' title='bbox 325 3796 358 3849; x_wconf 87' lang='lat' dir='ltr'>et</span> <span class='ocrx_word' id='word_1_336' title='bbox 372 3786 545 3850; x_wconf 88' lang='lat' dir='ltr'>beatorum</span> <span class='ocrx_word' id='word_1_337' title='bbox 562 3787 647 3850; x_wconf 91' lang='lat' dir='ltr'>Petri</span> <span class='ocrx_word' id='word_1_338' title='bbox 665 3798 697 3851; x_wconf 92' lang='lat' dir='ltr'>et</span> <span class='ocrx_word' id='word_1_339' title='bbox 712 3787 812 3868; x_wconf 92' lang='lat' dir='ltr'>Pauli,</span> <span class='ocrx_word' id='word_1_340' title='bbox 828 3787 1054 3868; x_wconf 90' lang='lat' dir='ltr'>apostolorum</span> <span class='ocrx_word' id='word_1_341' title='bbox 1071 3789 1149 3863; x_wconf 89' lang='lat' dir='ltr'>eius,</span> <span class='ocrx_word' id='word_1_342' title='bbox 1165 3807 1200 3850; x_wconf 89' lang='lat' dir='ltr'>se</span> <span class='ocrx_word' id='word_1_343' title='bbox 1216 3787 1343 3850; x_wconf 91' lang='lat' dir='ltr'>noverit</span> <span class='ocrx_word' id='word_1_344' title='bbox 1359 3785 1569 3848; x_wconf 91' lang='lat' dir='ltr'>incursurum.</span> <span class='ocrx_word' id='word_1_345' title='bbox 1586 3819 1630 3831; x_wconf 90' lang='lat'><em>-</em></span> <span class='ocrx_word' id='word_1_346' title='bbox 1645 3785 1771 3848; x_wconf 89' lang='lat' dir='ltr'>Datum</span> 
     </span>
     <span class='ocr_line' id='line_1_35' title="bbox 89 3873 705 3952; baseline 0.002 -15"><span class='ocrx_word' id='word_1_347' title='bbox 89 3873 228 3940; x_wconf 89' lang='lat' dir='ltr'>Velletri</span> <span class='ocrx_word' id='word_1_348' title='bbox 249 3873 289 3952; x_wconf 73' lang='lat' dir='ltr'>d),</span> <span class='ocrx_word' id='word_1_349' title='bbox 312 3887 349 3938; x_wconf 80' lang='lat' dir='ltr'>lx</span> <span class='ocrx_word' id='word_1_350' title='bbox 364 3875 534 3940; x_wconf 89' lang='lat' dir='ltr'>Kalendas</span> <span class='ocrx_word' id='word_1_351' title='bbox 557 3875 705 3940; x_wconf 89' lang='lat' dir='ltr'>Ianuarii.</span> 
     </span>
    </p>
   </div>
   <div class='ocr_carea' id='block_1_11' title="bbox 89 3985 1770 4127">
    <p class='ocr_par' dir='ltr' id='par_1_11' title="bbox 89 3985 1770 4127">
     <span class='ocr_line' id='line_1_36' title="bbox 252 3985 1770 4056; baseline -0.002 -18"><span class='ocrx_word' id='word_1_352' title='bbox 252 3989 378 4054; x_wconf 68' lang='lat' dir='ltr'>Abeclmft</span> <span class='ocrx_word' id='word_1_353' title='bbox 399 3989 524 4040; x_wconf 63' lang='lat' dir='ltr'>Eltester&#39;r</span> <span class='ocrx_word' id='word_1_354' title='bbox 543 3991 608 4041; x_wconf 74' lang='lat' dir='ltr'>nacla</span> <span class='ocrx_word' id='word_1_355' title='bbox 630 3991 683 4040; x_wconf 81' lang='lat' dir='ltr'>dem</span> <span class='ocrx_word' id='word_1_356' title='bbox 704 3994 828 4056; x_wconf 72' lang='lat' dir='ltr'>gedsreren</span> <span class='ocrx_word' id='word_1_357' title='bbox 853 3990 879 4041; x_wconf 91' lang='lat' dir='ltr'>S.</span> <span class='ocrx_word' id='word_1_358' title='bbox 905 3989 1028 4040; x_wconf 80' lang='lat' dir='ltr'>Simeoner</span> <span class='ocrx_word' id='word_1_359' title='bbox 1057 3989 1192 4039; x_wconf 79' lang='lat' dir='ltr'>Chartular</span> <span class='ocrx_word' id='word_1_360' title='bbox 1213 3987 1240 4037; x_wconf 80' lang='lat' dir='ltr'>in</span> <span class='ocrx_word' id='word_1_361' title='bbox 1263 3987 1307 4038; x_wconf 81' lang='lat' dir='ltr'>der</span> <span class='ocrx_word' id='word_1_362' title='bbox 1328 3986 1521 4038; x_wconf 71' lang='lat' dir='ltr'>Stadtbr&#39;blrbtlrek</span> <span class='ocrx_word' id='word_1_363' title='bbox 1543 4003 1575 4037; x_wconf 78' lang='lat' dir='ltr'>eu</span> <span class='ocrx_word' id='word_1_364' title='bbox 1595 3985 1673 4038; x_wconf 82' lang='lat' dir='ltr'>Tn&#39;er.</span> <span class='ocrx_word' id='word_1_365' title='bbox 1692 3985 1719 4036; x_wconf 90' lang='lat' dir='ltr'>S.</span> <span class='ocrx_word' id='word_1_366' title='bbox 1738 3985 1770 4035; x_wconf 78' lang='lat'>21</span> 
     </span>
     <span class='ocr_line' id='line_1_37' title="bbox 89 4060 1164 4127; baseline -0.003 -15"><span class='ocrx_word' id='word_1_367' title='bbox 89 4075 144 4112; x_wconf 78' lang='lat' dir='ltr'>vere</span> <span class='ocrx_word' id='word_1_368' title='bbox 162 4064 197 4112; x_wconf 76' lang='grc'><strong><em>14</em></strong></span> <span class='ocrx_word' id='word_1_369' title='bbox 216 4060 396 4126; x_wconf 70' lang='lat' dir='ltr'>Jaartmrdm</span> <span class='ocrx_word' id='word_1_370' title='bbox 412 4061 469 4112; x_wconf 77' lang='lat' dir='ltr'>end</span> <span class='ocrx_word' id='word_1_371' title='bbox 483 4061 594 4112; x_wconf 80' lang='lat' dir='ltr'>reodeme</span> <span class='ocrx_word' id='word_1_372' title='bbox 610 4062 741 4127; x_wconf 76' lang='lat' dir='ltr'>Abschrr&#39;st,</span> <span class='ocrx_word' id='word_1_373' title='bbox 761 4061 795 4112; x_wconf 78' lang='lat' dir='ltr'>irre</span> <span class='ocrx_word' id='word_1_374' title='bbox 811 4061 990 4112; x_wconf 76' lang='lat' dir='ltr'>Stactsarclv&#39;ve</span> <span class='ocrx_word' id='word_1_375' title='bbox 1007 4077 1038 4111; x_wconf 75' lang='lat' dir='ltr'>eu</span> <span class='ocrx_word' id='word_1_376' title='bbox 1059 4061 1164 4112; x_wconf 76' lang='lat' dir='ltr'>Coblm.</span> 
     </span>
    </p>
   </div>
   <div class='ocr_carea' id='block_1_12' title="bbox 837 4347 1024 4424">
    <p class='ocr_par' dir='ltr' id='par_1_12' title="bbox 837 4347 1024 4424">
     <span class='ocr_line' id='line_1_38' title="bbox 837 4347 1024 4424; baseline -0.016 0"><span class='ocrx_word' id='word_1_377' title='bbox 837 4347 904 4424; x_wconf 65' lang='grc' dir='ltr'>ΝΥ.</span> <span class='ocrx_word' id='word_1_378' title='bbox 934 4348 1024 4422; x_wconf 81' lang='grc'><strong><em>326.</em></strong></span> 
     </span>
    </p>
   </div>
   <div class='ocr_carea' id='block_1_13' title="bbox 91 4473 1769 4653">
    <p class='ocr_par' dir='ltr' id='par_1_13' title="bbox 91 4473 1769 4653">
     <span class='ocr_line' id='line_1_39' title="bbox 91 4473 1769 4562; baseline -0.004 -16"><span class='ocrx_word' id='word_1_379' title='bbox 91 4479 216 4547; x_wconf 80' lang='lat' dir='ltr'>Leccr&#39;res</span> <span class='ocrx_word' id='word_1_380' title='bbox 241 4480 307 4546; x_wconf 91' lang='lat' dir='ltr'>III</span> <span class='ocrx_word' id='word_1_381' title='bbox 322 4480 440 4544; x_wconf 81' lang='lat' dir='ltr'>nimmt</span> <span class='ocrx_word' id='word_1_382' title='bbox 467 4478 529 4544; x_wconf 86' lang='lat' dir='ltr'>das</span> <span class='ocrx_word' id='word_1_383' title='bbox 553 4477 683 4544; x_wconf 84' lang='lat' dir='ltr'>Kloster</span> <span class='ocrx_word' id='word_1_384' title='bbox 705 4477 900 4544; x_wconf 73' lang='lat' dir='ltr'>Millenbeck</span> <span class='ocrx_word' id='word_1_385' title='bbox 924 4478 982 4562; x_wconf 91' lang='lat' dir='ltr'>(D.</span> <span class='ocrx_word' id='word_1_386' title='bbox 1005 4475 1158 4562; x_wconf 79' lang='lat' dir='ltr'>llle&#39;nden)</span> <span class='ocrx_word' id='word_1_387' title='bbox 1191 4477 1254 4542; x_wconf 87' lang='lat' dir='ltr'>mit</span> <span class='ocrx_word' id='word_1_388' title='bbox 1282 4475 1391 4542; x_wconf 83' lang='lat' dir='ltr'>seinen</span> <span class='ocrx_word' id='word_1_389' title='bbox 1414 4475 1670 4542; x_wconf 79' lang='lat' dir='ltr'>Besitetln&#39;e&#39;mern</span> <span class='ocrx_word' id='word_1_390' title='bbox 1701 4473 1769 4541; x_wconf 82' lang='lat' dir='ltr'>und</span> 
     </span>
     <span class='ocr_line' id='line_1_40' title="bbox 618 4567 1248 4653; baseline -0.003 -21"><span class='ocrx_word' id='word_1_391' title='bbox 618 4569 759 4633; x_wconf 76' lang='lat' dir='ltr'>Rechtm</span> <span class='ocrx_word' id='word_1_392' title='bbox 775 4570 810 4633; x_wconf 87' lang='lat' dir='ltr'>e&#39;n</span> <span class='ocrx_word' id='word_1_393' title='bbox 824 4567 1057 4653; x_wconf 80' lang='lat' dir='ltr'>apostolischen</span> <span class='ocrx_word' id='word_1_394' title='bbox 1073 4567 1192 4632; x_wconf 76' lang='lat' dir='ltr'>Schute</span> <span class='ocrx_word' id='word_1_395' title='bbox 1208 4571 1248 4644; x_wconf 85' lang='lat'>⁴).</span> 
     </span>
    </p>
   </div>
   <div class='ocr_carea' id='block_1_14' title="bbox 640 4682 1218 4749">
    <p class='ocr_par' dir='ltr' id='par_1_14' title="bbox 640 4682 1218 4749">
     <span class='ocr_line' id='line_1_41' title="bbox 640 4682 1218 4749; baseline -0.003 -1"><span class='ocrx_word' id='word_1_396' title='bbox 640 4687 860 4748; x_wconf 76' lang='lat'><strong><em>1182-1183</em></strong></span> <span class='ocrx_word' id='word_1_397' title='bbox 875 4685 1039 4749; x_wconf 73' lang='lat' dir='ltr'>Marz17.</span> <span class='ocrx_word' id='word_1_398' title='bbox 1079 4682 1218 4748; x_wconf 83' lang='lat' dir='ltr'>Velletri.</span> 
     </span>
    </p>
   </div>
   <div class='ocr_carea' id='block_1_15' title="bbox 90 4795 1769 5062">
    <p class='ocr_par' dir='ltr' id='par_1_15' title="bbox 90 4795 1769 5062">
     <span class='ocr_line' id='line_1_42' title="bbox 252 4795 1768 4884; baseline -0.005 -19"><span class='ocrx_word' id='word_1_399' title='bbox 252 4799 373 4866; x_wconf 91' lang='lat' dir='ltr'>Lucius</span> <span class='ocrx_word' id='word_1_400' title='bbox 403 4802 592 4884; x_wconf 89' lang='lat' dir='ltr'>episcopus,</span> <span class='ocrx_word' id='word_1_401' title='bbox 623 4822 733 4865; x_wconf 91' lang='lat' dir='ltr'>servus</span> <span class='ocrx_word' id='word_1_402' title='bbox 761 4821 928 4866; x_wconf 89' lang='lat' dir='ltr'>servorum</span> <span class='ocrx_word' id='word_1_403' title='bbox 959 4802 1021 4878; x_wconf 89' lang='lat' dir='ltr'>dei,</span> <span class='ocrx_word' id='word_1_404' title='bbox 1052 4801 1179 4864; x_wconf 90' lang='lat' dir='ltr'>dilectis</span> <span class='ocrx_word' id='word_1_405' title='bbox 1211 4799 1245 4861; x_wconf 93' lang='lat' dir='ltr'>in</span> <span class='ocrx_word' id='word_1_406' title='bbox 1268 4797 1397 4863; x_wconf 89' lang='lat' dir='ltr'>Christo</span> <span class='ocrx_word' id='word_1_407' title='bbox 1428 4795 1566 4870; x_wconf 89' lang='lat' dir='ltr'>filiabus,</span> <span class='ocrx_word' id='word_1_408' title='bbox 1598 4795 1768 4859; x_wconf 90' lang='lat' dir='ltr'>Mechtildi</span> 
     </span>
     <span class='ocr_line' id='line_1_43' title="bbox 90 4883 1769 4972; baseline -0.004 -18"><span class='ocrx_word' id='word_1_409' title='bbox 90 4890 281 4955; x_wconf 89' lang='lat' dir='ltr'>abbatissae</span> <span class='ocrx_word' id='word_1_410' title='bbox 297 4912 336 4956; x_wconf 90' lang='lat' dir='ltr'>ac</span> <span class='ocrx_word' id='word_1_411' title='bbox 351 4892 526 4955; x_wconf 90' lang='lat' dir='ltr'>conventui</span> <span class='ocrx_word' id='word_1_412' title='bbox 544 4891 586 4955; x_wconf 89' lang='lat' dir='ltr'>de</span> <span class='ocrx_word' id='word_1_413' title='bbox 602 4891 809 4966; x_wconf 87' lang='lat' dir='ltr'>Molenbelre,</span> <span class='ocrx_word' id='word_1_414' title='bbox 834 4891 972 4955; x_wconf 90' lang='lat' dir='ltr'>salutem</span> <span class='ocrx_word' id='word_1_415' title='bbox 987 4901 1021 4954; x_wconf 90' lang='lat' dir='ltr'>et</span> <span class='ocrx_word' id='word_1_416' title='bbox 1035 4889 1253 4972; x_wconf 88' lang='lat' dir='ltr'>apostolicam</span> <span class='ocrx_word' id='word_1_417' title='bbox 1268 4886 1542 4951; x_wconf 90' lang='lat' dir='ltr'>benedictionem.</span> <span class='ocrx_word' id='word_1_418' title='bbox 1578 4883 1769 4967; x_wconf 86' lang='lat' dir='ltr'>Virginibus</span> 
     </span>
     <span class='ocr_line' id='line_1_44' title="bbox 91 4974 1769 5062; baseline -0.005 -18"><span class='ocrx_word' id='word_1_419' title='bbox 91 4983 200 5056; x_wconf 89' lang='lat' dir='ltr'>sacris,</span> <span class='ocrx_word' id='word_1_420' title='bbox 233 4999 317 5060; x_wconf 89' lang='lat' dir='ltr'>quae</span> <span class='ocrx_word' id='word_1_421' title='bbox 346 4981 407 5045; x_wconf 93' lang='lat' dir='ltr'>sub</span> <span class='ocrx_word' id='word_1_422' title='bbox 431 4980 545 5044; x_wconf 90' lang='lat' dir='ltr'>habitu</span> <span class='ocrx_word' id='word_1_423' title='bbox 574 4981 739 5062; x_wconf 88' lang='lat' dir='ltr'>religionis</span> <span class='ocrx_word' id='word_1_424' title='bbox 764 4981 899 5043; x_wconf 92' lang='lat' dir='ltr'>domino</span> <span class='ocrx_word' id='word_1_425' title='bbox 930 4981 1061 5062; x_wconf 88' lang='lat' dir='ltr'>placere</span> <span class='ocrx_word' id='word_1_426' title='bbox 1085 4979 1286 5052; x_wconf 89' lang='lat' dir='ltr'>desiderant,</span> <span class='ocrx_word' id='word_1_427' title='bbox 1318 4985 1411 5040; x_wconf 92' lang='lat' dir='ltr'>tanto</span> <span class='ocrx_word' id='word_1_428' title='bbox 1443 4974 1638 5056; x_wconf 89' lang='lat' dir='ltr'>propensius</span> <span class='ocrx_word' id='word_1_429' title='bbox 1669 4974 1769 5037; x_wconf 88' lang='lat' dir='ltr'>debet</span> 
     </span>
    </p>
   </div>
   <div class='ocr_carea' id='block_1_16' title="bbox 89 5063 1769 5242">
    <p class='ocr_par' dir='ltr' id='par_1_16' title="bbox 89 5063 1769 5242">
     <span class='ocr_line' id='line_1_45' title="bbox 90 5063 1769 5152; baseline -0.003 -20"><span class='ocrx_word' id='word_1_430' title='bbox 90 5071 208 5134; x_wconf 88' lang='lat' dir='ltr'>adesse</span> <span class='ocrx_word' id='word_1_431' title='bbox 239 5070 443 5152; x_wconf 88' lang='lat' dir='ltr'>apostolicae</span> <span class='ocrx_word' id='word_1_432' title='bbox 471 5069 559 5134; x_wconf 89' lang='lat' dir='ltr'>sedis</span> <span class='ocrx_word' id='word_1_433' title='bbox 591 5070 806 5151; x_wconf 88' lang='lat' dir='ltr'>praesidium,</span> <span class='ocrx_word' id='word_1_434' title='bbox 840 5077 964 5152; x_wconf 90' lang='lat' dir='ltr'>quanto</span> <span class='ocrx_word' id='word_1_435' title='bbox 994 5090 1057 5152; x_wconf 92' lang='lat' dir='ltr'>pro</span> <span class='ocrx_word' id='word_1_436' title='bbox 1089 5069 1263 5150; x_wconf 84' lang='lat' dir='ltr'>fragilitate</span> <span class='ocrx_word' id='word_1_437' title='bbox 1295 5086 1393 5129; x_wconf 89' lang='lat' dir='ltr'>sexus</span> <span class='ocrx_word' id='word_1_438' title='bbox 1424 5066 1530 5127; x_wconf 90' lang='lat' dir='ltr'>minus</span> <span class='ocrx_word' id='word_1_439' title='bbox 1553 5063 1704 5125; x_wconf 90' lang='lat' dir='ltr'>videntur</span> <span class='ocrx_word' id='word_1_440' title='bbox 1732 5083 1769 5127; x_wconf 91' lang='lat' dir='ltr'>se</span> 
     </span>
     <span class='ocr_line' id='line_1_46' title="bbox 89 5150 1767 5242; baseline -0.005 -19"><span class='ocrx_word' id='word_1_441' title='bbox 89 5179 191 5242; x_wconf 84' lang='lat' dir='ltr'>posse</span> <span class='ocrx_word' id='word_1_442' title='bbox 214 5160 305 5222; x_wconf 87' lang='lat' dir='ltr'>tueri</span> <span class='ocrx_word' id='word_1_443' title='bbox 351 5159 554 5242; x_wconf 87' lang='lat' dir='ltr'>Eapropter,</span> <span class='ocrx_word' id='word_1_444' title='bbox 587 5158 726 5222; x_wconf 88' lang='lat' dir='ltr'>dilectae</span> <span class='ocrx_word' id='word_1_445' title='bbox 748 5159 782 5221; x_wconf 91' lang='lat' dir='ltr'>in</span> <span class='ocrx_word' id='word_1_446' title='bbox 806 5158 942 5223; x_wconf 89' lang='lat' dir='ltr'>domino</span> <span class='ocrx_word' id='word_1_447' title='bbox 966 5157 1067 5235; x_wconf 86' lang='lat' dir='ltr'>filiae,</span> <span class='ocrx_word' id='word_1_448' title='bbox 1097 5158 1213 5221; x_wconf 91' lang='lat' dir='ltr'>vestris</span> <span class='ocrx_word' id='word_1_449' title='bbox 1243 5156 1334 5220; x_wconf 92' lang='lat' dir='ltr'>iustis</span> <span class='ocrx_word' id='word_1_450' title='bbox 1365 5150 1642 5236; x_wconf 88' lang='lat' dir='ltr'>postulationibus</span> <span class='ocrx_word' id='word_1_451' title='bbox 1672 5163 1767 5234; x_wconf 90' lang='lat' dir='ltr'>grato</span> 
     </span>
    </p>
   </div>
   <div class='ocr_carea' id='block_1_17' title="bbox 90 5322 1768 5830">
    <p class='ocr_par' dir='ltr' id='par_1_17' title="bbox 90 5322 1768 5830">
     <span class='ocr_line' id='line_1_47' title="bbox 251 5322 1768 5398; baseline -0.006 -14"><span class='ocrx_word' id='word_1_452' title='bbox 251 5337 278 5398; x_wconf 85' lang='lat' dir='ltr'>a)</span> <span class='ocrx_word' id='word_1_453' title='bbox 296 5335 329 5386; x_wconf 81' lang='lat' dir='ltr'>Ire</span> <span class='ocrx_word' id='word_1_454' title='bbox 346 5334 390 5385; x_wconf 84' lang='lat' dir='ltr'>der</span> <span class='ocrx_word' id='word_1_455' title='bbox 410 5333 527 5386; x_wconf 74' lang='lat' dir='ltr'>Urrlurde</span> <span class='ocrx_word' id='word_1_456' title='bbox 543 5345 599 5382; x_wconf 78' lang='lat' dir='ltr'>verr</span> <span class='ocrx_word' id='word_1_457' title='bbox 617 5335 641 5381; x_wconf 79' lang='grc'>4.</span> <span class='ocrx_word' id='word_1_458' title='bbox 660 5330 724 5380; x_wconf 82' lang='lat' dir='ltr'>Neu.</span> <span class='ocrx_word' id='word_1_459' title='bbox 744 5329 843 5380; x_wconf 88' lang='lat' dir='ltr'>dilectis</span> <span class='ocrx_word' id='word_1_460' title='bbox 860 5329 886 5380; x_wconf 88' lang='lat' dir='ltr'>in</span> <span class='ocrx_word' id='word_1_461' title='bbox 904 5329 1004 5380; x_wconf 87' lang='lat' dir='ltr'>Christo</span> <span class='ocrx_word' id='word_1_462' title='bbox 1023 5328 1128 5392; x_wconf 84' lang='lat' dir='ltr'>filiabus,</span> <span class='ocrx_word' id='word_1_463' title='bbox 1148 5345 1168 5379; x_wconf 89' lang='lat' dir='ltr'>s.</span> <span class='ocrx_word' id='word_1_464' title='bbox 1185 5327 1305 5393; x_wconf 85' lang='lat' dir='ltr'>priorisse</span> <span class='ocrx_word' id='word_1_465' title='bbox 1324 5337 1349 5377; x_wconf 87' lang='lat' dir='ltr'>et</span> <span class='ocrx_word' id='word_1_466' title='bbox 1366 5326 1493 5376; x_wconf 85' lang='lat' dir='ltr'>sororibus</span> <span class='ocrx_word' id='word_1_467' title='bbox 1565 5325 1592 5390; x_wconf 93' lang='lat' dir='ltr'>b)</span> <span class='ocrx_word' id='word_1_468' title='bbox 1612 5323 1703 5374; x_wconf 61' lang='lat' dir='ltr'>(Nea.</span> <span class='ocrx_word' id='word_1_469' title='bbox 1716 5322 1768 5375; x_wconf 84' lang='lat' dir='ltr'>filie</span> 
     </span>
     <span class='ocr_line' id='line_1_48' title="bbox 90 5395 1768 5472; baseline -0.005 -16"><span class='ocrx_word' id='word_1_470' title='bbox 90 5407 113 5468; x_wconf 81' lang='lat' dir='ltr'>c)</span> <span class='ocrx_word' id='word_1_471' title='bbox 131 5405 263 5471; x_wconf 82' lang='lat' dir='ltr'>impertire</span> <span class='ocrx_word' id='word_1_472' title='bbox 282 5407 312 5456; x_wconf 91' lang='lat' dir='ltr'>B.</span> <span class='ocrx_word' id='word_1_473' title='bbox 385 5405 413 5472; x_wconf 93' lang='lat' dir='ltr'>d)</span> <span class='ocrx_word' id='word_1_474' title='bbox 432 5406 567 5456; x_wconf 84' lang='lat' dir='ltr'>Vellencce</span> <span class='ocrx_word' id='word_1_475' title='bbox 585 5403 616 5462; x_wconf 85' lang='lat' dir='ltr'>A,</span> <span class='ocrx_word' id='word_1_476' title='bbox 634 5403 739 5452; x_wconf 88' lang='lat' dir='ltr'>Vellens</span> <span class='ocrx_word' id='word_1_477' title='bbox 757 5400 788 5450; x_wconf 91' lang='lat' dir='ltr'>B.</span> <span class='ocrx_word' id='word_1_478' title='bbox 807 5440 861 5447; x_wconf 84' lang='grc'>-</span> <span class='ocrx_word' id='word_1_479' title='bbox 879 5405 915 5466; x_wconf 74' lang='grc'>,1)</span> <span class='ocrx_word' id='word_1_480' title='bbox 935 5401 983 5450; x_wconf 77' lang='lat' dir='ltr'>Die</span> <span class='ocrx_word' id='word_1_481' title='bbox 1000 5400 1125 5466; x_wconf 75' lang='lat' dir='ltr'>Abseln&#39;ft</span> <span class='ocrx_word' id='word_1_482' title='bbox 1146 5401 1220 5449; x_wconf 80' lang='lat' dir='ltr'>dieser</span> <span class='ocrx_word' id='word_1_483' title='bbox 1240 5398 1357 5449; x_wconf 74' lang='lat' dir='ltr'>Urhmde</span> <span class='ocrx_word' id='word_1_484' title='bbox 1381 5398 1501 5448; x_wconf 68' lang='lat' dir='ltr'>vnderke</span> <span class='ocrx_word' id='word_1_485' title='bbox 1524 5397 1562 5446; x_wconf 75' lang='lat' dir='ltr'>ich</span> <span class='ocrx_word' id='word_1_486' title='bbox 1580 5395 1666 5446; x_wconf 77' lang='lat' dir='ltr'>Heme</span> <span class='ocrx_word' id='word_1_487' title='bbox 1683 5395 1768 5447; x_wconf 76' lang='lat' dir='ltr'>aaron</span> 
     </span>
     <span class='ocr_line' id='line_1_49' title="bbox 90 5467 1766 5543; baseline -0.006 -15"><span class='ocrx_word' id='word_1_488' title='bbox 90 5477 211 5529; x_wconf 77' lang='lat' dir='ltr'>Mam</span> <span class='ocrx_word' id='word_1_489' title='bbox 236 5478 263 5528; x_wconf 83' lang='lat' dir='ltr'>irc</span> <span class='ocrx_word' id='word_1_490' title='bbox 293 5476 381 5528; x_wconf 80' lang='lat' dir='ltr'>Trerirr.</span> <span class='ocrx_word' id='word_1_491' title='bbox 407 5505 440 5515; x_wconf 90' lang='lat'>-</span> <span class='ocrx_word' id='word_1_492' title='bbox 472 5477 550 5543; x_wconf 82' lang='lat' dir='ltr'>Vergl.</span> <span class='ocrx_word' id='word_1_493' title='bbox 575 5475 612 5524; x_wconf 84' lang='lat' dir='ltr'>dr&#39;e</span> <span class='ocrx_word' id='word_1_494' title='bbox 642 5473 759 5523; x_wconf 79' lang='lat' dir='ltr'>Urkunde</span> <span class='ocrx_word' id='word_1_495' title='bbox 782 5487 837 5522; x_wconf 81' lang='lat' dir='ltr'>vom</span> <span class='ocrx_word' id='word_1_496' title='bbox 861 5475 878 5522; x_wconf 79' lang='lat'><strong><em>4</em></strong></span> <span class='ocrx_word' id='word_1_497' title='bbox 897 5473 1030 5523; x_wconf 77' lang='lat' dir='ltr'>November</span> <span class='ocrx_word' id='word_1_498' title='bbox 1057 5474 1132 5534; x_wconf 78' lang='grc'><strong><em>1100,</em></strong></span> <span class='ocrx_word' id='word_1_499' title='bbox 1156 5471 1266 5521; x_wconf 74' lang='lat' dir='ltr'>Momm.</span> <span class='ocrx_word' id='word_1_500' title='bbox 1286 5470 1350 5519; x_wconf 74' lang='lat' dir='ltr'>Scor.</span> <span class='ocrx_word' id='word_1_501' title='bbox 1371 5469 1473 5519; x_wconf 71' lang='lat' dir='ltr'>Patrrhe.</span> <span class='ocrx_word' id='word_1_502' title='bbox 1497 5469 1579 5522; x_wconf 72' lang='lat' dir='ltr'>Chore.</span> <span class='ocrx_word' id='word_1_503' title='bbox 1600 5467 1634 5516; x_wconf 88' lang='lat' dir='ltr'>II</span> <span class='ocrx_word' id='word_1_504' title='bbox 1644 5474 1671 5530; x_wconf 87' lang='lat' dir='ltr'>p.</span> <span class='ocrx_word' id='word_1_505' title='bbox 1692 5468 1766 5518; x_wconf 78' lang='lat'>1103.</span> 
     </span>
     <span class='ocr_line' id='line_1_50' title="bbox 91 5538 1768 5614; baseline -0.007 -15"><span class='ocrx_word' id='word_1_506' title='bbox 91 5552 117 5614; x_wconf 81' lang='lat' dir='ltr'>a)</span> <span class='ocrx_word' id='word_1_507' title='bbox 134 5552 217 5598; x_wconf 84' lang='lat' dir='ltr'>Rocec</span> <span class='ocrx_word' id='word_1_508' title='bbox 233 5551 279 5614; x_wconf 74' lang='lat' dir='ltr'>lag</span> <span class='ocrx_word' id='word_1_509' title='bbox 294 5551 327 5600; x_wconf 81' lang='lat' dir='ltr'>im</span> <span class='ocrx_word' id='word_1_510' title='bbox 343 5547 433 5598; x_wconf 82' lang='lat' dir='ltr'>Gebr&#39;ete</span> <span class='ocrx_word' id='word_1_511' title='bbox 444 5547 618 5614; x_wconf 78' lang='lat' dir='ltr'>Monteferrato</span> <span class='ocrx_word' id='word_1_512' title='bbox 636 5544 701 5595; x_wconf 73' lang='lat' dir='ltr'>alicae</span> <span class='ocrx_word' id='word_1_513' title='bbox 715 5561 757 5594; x_wconf 80' lang='lat' dir='ltr'>cnr</span> <span class='ocrx_word' id='word_1_514' title='bbox 777 5543 818 5594; x_wconf 82' lang='lat' dir='ltr'>Po.</span> <span class='ocrx_word' id='word_1_515' title='bbox 896 5547 924 5609; x_wconf 85' lang='lat'>3)</span> <span class='ocrx_word' id='word_1_516' title='bbox 941 5545 989 5594; x_wconf 87' lang='lat' dir='ltr'>Die</span> <span class='ocrx_word' id='word_1_517' title='bbox 1006 5544 1130 5609; x_wconf 72' lang='lat' dir='ltr'>Absctnyt</span> <span class='ocrx_word' id='word_1_518' title='bbox 1149 5543 1224 5592; x_wconf 79' lang='lat' dir='ltr'>dieser</span> <span class='ocrx_word' id='word_1_519' title='bbox 1244 5542 1360 5592; x_wconf 77' lang='lat' dir='ltr'>Urkeucde</span> <span class='ocrx_word' id='word_1_520' title='bbox 1382 5540 1502 5591; x_wconf 76' lang='lat' dir='ltr'>verdarrke</span> <span class='ocrx_word' id='word_1_521' title='bbox 1524 5541 1561 5589; x_wconf 79' lang='lat' dir='ltr'>ich</span> <span class='ocrx_word' id='word_1_522' title='bbox 1587 5539 1666 5588; x_wconf 76' lang='lat' dir='ltr'>durch</span> <span class='ocrx_word' id='word_1_523' title='bbox 1683 5538 1768 5588; x_wconf 82' lang='lat' dir='ltr'>Herm</span> 
     </span>
     <span class='ocr_line' id='line_1_51' title="bbox 90 5610 1768 5682; baseline -0.006 -12"><span class='ocrx_word' id='word_1_524' title='bbox 90 5621 288 5672; x_wconf 62' lang='lat' dir='ltr'>melnae</span> <span class='ocrx_word' id='word_1_525' title='bbox 304 5621 353 5671; x_wconf 87' lang='lat' dir='ltr'>Dr.</span> <span class='ocrx_word' id='word_1_526' title='bbox 374 5621 464 5670; x_wconf 76' lang='lat' dir='ltr'>Becker</span> <span class='ocrx_word' id='word_1_527' title='bbox 485 5621 539 5671; x_wconf 81' lang='lat' dir='ltr'>dem</span> <span class='ocrx_word' id='word_1_528' title='bbox 557 5619 640 5668; x_wconf 79' lang='lat' dir='ltr'>Herm</span> <span class='ocrx_word' id='word_1_529' title='bbox 658 5617 781 5667; x_wconf 76' lang='lat' dir='ltr'>Aeclrivar</span> <span class='ocrx_word' id='word_1_530' title='bbox 798 5617 847 5666; x_wconf 90' lang='lat' dir='ltr'>Dr.</span> <span class='ocrx_word' id='word_1_531' title='bbox 863 5615 992 5666; x_wconf 69' lang='lat' dir='ltr'>Pariter.</span> <span class='ocrx_word' id='word_1_532' title='bbox 1098 5619 1126 5680; x_wconf 82' lang='lat'>4)</span> <span class='ocrx_word' id='word_1_533' title='bbox 1149 5612 1223 5682; x_wconf 79' lang='lat' dir='ltr'>Jaffe&#39;</span> <span class='ocrx_word' id='word_1_534' title='bbox 1238 5616 1295 5679; x_wconf 83' lang='lat' dir='ltr'>Reg.</span> <span class='ocrx_word' id='word_1_535' title='bbox 1315 5615 1393 5674; x_wconf 72' lang='lat'>9504,</span> <span class='ocrx_word' id='word_1_536' title='bbox 1415 5613 1471 5662; x_wconf 73' lang='lat' dir='ltr'>sehr</span> <span class='ocrx_word' id='word_1_537' title='bbox 1486 5613 1585 5662; x_wconf 78' lang='lat' dir='ltr'>seltercer</span> <span class='ocrx_word' id='word_1_538' title='bbox 1603 5610 1698 5669; x_wconf 77' lang='lat' dir='ltr'>Dneck,</span> <span class='ocrx_word' id='word_1_539' title='bbox 1717 5617 1768 5660; x_wconf 76' lang='lat' dir='ltr'>eert-</span> 
     </span>
     <span class='ocr_line' id='line_1_52' title="bbox 90 5681 1766 5758; baseline -0.008 -15"><span class='ocrx_word' id='word_1_540' title='bbox 90 5704 218 5743; x_wconf 74' lang='lat' dir='ltr'>mm:</span> <span class='ocrx_word' id='word_1_541' title='bbox 235 5691 323 5758; x_wconf 83' lang='lat' dir='ltr'>Heyer,</span> <span class='ocrx_word' id='word_1_542' title='bbox 342 5692 435 5742; x_wconf 79' lang='lat' dir='ltr'>Relatio</span> <span class='ocrx_word' id='word_1_543' title='bbox 452 5691 563 5744; x_wconf 66' lang='lat' dir='ltr'>inimica</span> <span class='ocrx_word' id='word_1_544' title='bbox 580 5691 609 5740; x_wconf 89' lang='lat' dir='ltr'>de</span> <span class='ocrx_word' id='word_1_545' title='bbox 619 5688 768 5754; x_wconf 70' lang='lat' dir='ltr'>fimdctr&#39;one</span> <span class='ocrx_word' id='word_1_546' title='bbox 785 5687 923 5737; x_wconf 70' lang='lat' dir='ltr'>monasterii</span> <span class='ocrx_word' id='word_1_547' title='bbox 939 5685 1123 5746; x_wconf 66' lang='lat' dir='ltr'>mahumet,</span> <span class='ocrx_word' id='word_1_548' title='bbox 1141 5685 1242 5736; x_wconf 75' lang='lat' dir='ltr'>Rinteln</span> <span class='ocrx_word' id='word_1_549' title='bbox 1262 5685 1345 5745; x_wconf 58' lang='lat' dir='ltr'>162ae</span> <span class='ocrx_word' id='word_1_550' title='bbox 1354 5686 1424 5749; x_wconf 81' lang='lat' dir='ltr'>fehlt</span> <span class='ocrx_word' id='word_1_551' title='bbox 1440 5685 1467 5734; x_wconf 82' lang='lat' dir='ltr'>r&#39;rr</span> <span class='ocrx_word' id='word_1_552' title='bbox 1485 5683 1569 5752; x_wconf 79' lang='lat' dir='ltr'>Migne</span> <span class='ocrx_word' id='word_1_553' title='bbox 1590 5681 1679 5731; x_wconf 79' lang='lat' dir='ltr'>Patrae.</span> <span class='ocrx_word' id='word_1_554' title='bbox 1702 5681 1766 5730; x_wconf 86' lang='lat' dir='ltr'>CCI.</span> 
     </span>
     <span class='ocr_line' id='line_1_53' title="bbox 91 5752 1765 5830; baseline -0.007 -16"><span class='ocrx_word' id='word_1_555' title='bbox 91 5791 122 5802; x_wconf 92' lang='grc'>-</span> <span class='ocrx_word' id='word_1_556' title='bbox 136 5765 186 5814; x_wconf 87' lang='lat' dir='ltr'>Die</span> <span class='ocrx_word' id='word_1_557' title='bbox 195 5764 321 5830; x_wconf 75' lang='lat' dir='ltr'>Absclcrr&#39;ft</span> <span class='ocrx_word' id='word_1_558' title='bbox 337 5764 413 5814; x_wconf 85' lang='lat' dir='ltr'>dr&#39;eser</span> <span class='ocrx_word' id='word_1_559' title='bbox 427 5763 543 5815; x_wconf 74' lang='lat' dir='ltr'>Urkrotde</span> <span class='ocrx_word' id='word_1_560' title='bbox 560 5759 680 5812; x_wconf 70' lang='lat' dir='ltr'>verdcrcke</span> <span class='ocrx_word' id='word_1_561' title='bbox 698 5761 736 5811; x_wconf 73' lang='lat' dir='ltr'>iel</span> <span class='ocrx_word' id='word_1_562' title='bbox 747 5759 832 5810; x_wconf 79' lang='lat' dir='ltr'>Herm</span> <span class='ocrx_word' id='word_1_563' title='bbox 842 5759 991 5810; x_wconf 74' lang='lat' dir='ltr'>Archivrctk</span> <span class='ocrx_word' id='word_1_564' title='bbox 1002 5759 1052 5810; x_wconf 85' lang='lat' dir='ltr'>Dr.</span> <span class='ocrx_word' id='word_1_565' title='bbox 1065 5759 1148 5808; x_wconf 76' lang='lat' dir='ltr'>Albert</span> <span class='ocrx_word' id='word_1_566' title='bbox 1164 5773 1213 5808; x_wconf 74' lang='lat' dir='ltr'>vora</span> <span class='ocrx_word' id='word_1_567' title='bbox 1225 5757 1352 5807; x_wconf 79' lang='lat' dir='ltr'>Strauss</span> <span class='ocrx_word' id='word_1_568' title='bbox 1370 5757 1426 5806; x_wconf 71' lang='lat' dir='ltr'>med</span> <span class='ocrx_word' id='word_1_569' title='bbox 1445 5756 1470 5805; x_wconf 90' lang='lat' dir='ltr'><em>T</em></span> <span class='ocrx_word' id='word_1_570' title='bbox 1469 5768 1559 5824; x_wconf 75' lang='lat' dir='ltr'>erney</span> <span class='ocrx_word' id='word_1_571' title='bbox 1576 5754 1603 5803; x_wconf 81' lang='lat' dir='ltr'>r&#39;rc</span> <span class='ocrx_word' id='word_1_572' title='bbox 1614 5752 1765 5819; x_wconf 74' lang='lat' dir='ltr'>Biickeburg.</span> 
     </span>
    </p>
   </div>
   <div class='ocr_carea' id='block_1_18' title="bbox 142 5837 1564 5910">
    <p class='ocr_par' dir='ltr' id='par_1_18' title="bbox 142 5837 1564 5910">
     <span class='ocr_line' id='line_1_54' title="bbox 142 5837 1564 5910; baseline -0.011 -9"><span class='ocrx_word' id='word_1_573' title='bbox 142 5873 163 5901; x_wconf 84' lang='lat' dir='ltr'>r.</span> <span class='ocrx_word' id='word_1_574' title='bbox 177 5859 468 5910; x_wconf 65' lang='lat' dir='ltr'>Plluflkdlcrltnnss,</span> <span class='ocrx_word' id='word_1_575' title='bbox 482 5859 540 5900; x_wconf 72' lang='lat' dir='ltr'>Acta</span> <span class='ocrx_word' id='word_1_576' title='bbox 553 5858 595 5898; x_wconf 86' lang='lat' dir='ltr'>m.</span> <span class='ocrx_word' id='word_1_577' title='bbox 1530 5837 1564 5901; x_wconf 86' lang='lat'>38</span> 
     </span>
    </p>
   </div>
   <div class='ocr_carea' id='block_1_19' title="bbox 0 0 2081 6356">
    <p class='ocr_par' dir='ltr' id='par_1_19' title="bbox 0 0 2081 6356">
     <span class='ocr_line' id='line_1_55' title="bbox 0 0 2081 6356; baseline 0 0"><span class='ocrx_word' id='word_1_578' title='bbox 0 0 2081 6356; x_wconf 95' lang='lat' dir='ltr'> </span> 
     </span>
    </p>
   </div>
  </div>
 </body>
</html>
