4142 6366
1706 307 1767 371 281
1810 269 1814 278 ⁸

82 495 186 561 sancti
205 489 366 578 Stephani
383 493 566 578 presbitero
579 493 612 582 ¹),
628 505 661 561 et
677 491 823 570 Iohanni,
838 495 941 559 sancti
958 493 1079 578 Angeli
1096 499 1238 562 diacono
1250 493 1274 582 ²)
1299 497 1527 572 cardinalibus,
1552 496 1595 561 de
1612 497 1771 561 mandato

83 607 200 650 eorum
226 589 410 668 redegisset
440 588 471 649 in
502 587 659 668 scriptum
695 596 728 649 et
751 605 899 648 seorsum
925 588 987 661 uni,
1022 606 1170 651 seorsum
1201 586 1293 650 alteri
1330 588 1530 651 ostendisset
1563 607 1623 651 nec
1646 586 1768 668 aliquid

82 677 325 752 immutassent,
358 696 432 739 cum
464 675 645 740 cardinales
668 675 805 738 tandem
829 694 927 757 super
950 675 1164 753 confessione,
1195 677 1339 740 deducta
1370 679 1402 740 in
1427 678 1593 752 iudicium,
1624 677 1772 740 dicentes

83 785 198 830 coram
223 764 320 829 nobis
344 775 378 829 et
401 764 555 828 fratribus
579 766 707 838 nostris,
739 765 831 846 quod
861 764 955 828 aliter
985 765 1150 830 confessio
1181 775 1294 829 sancta
1318 774 1351 828 et
1382 766 1476 830 aliter
1505 766 1627 848 scripta
1650 766 1771 840 fuisset,

82 876 102 918 a
125 855 236 919 iudice
260 855 496 929 discordarent,
520 875 597 937 pars
620 863 759 936 utraque
782 875 817 918 se
841 854 1054 918 assertionem
1077 875 1168 918 suam
1194 856 1406 937 probaturam
1428 857 1587 938 promisit
1626 856 1774 936 Ideoque

84 944 235 1027 partibus
255 943 282 1030 ιΙ
295 965 394 1026 super
406 944 612 1008 confessione
625 945 841 1027 probationes
853 963 928 1006 suas
940 943 1116 1008 inducendi
1128 945 1341 1008 concedimus
1351 944 1550 1008 facultatem.
1566 944 1722 1009 Vestrum
1742 940 1772 1029 b)

82 1035 197 1115 itaque
221 1033 375 1110 intererit,
400 1034 572 1116 diligenter
595 1034 776 1108 attendere,
808 1041 969 1115 quatenus
992 1043 1061 1096 tum
1084 1034 1254 1097 assertioni
1284 1034 1495 1097 cardinalium
1520 1035 1610 1098 credi
1641 1034 1773 1108 debeat,

84 1132 118 1186 et
149 1131 313 1204 quatenus
345 1122 429 1186 fides
459 1124 584 1205 scripto
615 1124 705 1187 facto
737 1143 797 1206 per
821 1142 954 1186 manum
987 1123 1156 1204 publicam
1186 1133 1219 1186 et
1249 1122 1347 1186 iudici
1371 1123 1494 1188 debeat
1517 1121 1667 1188 adhiberi
1691 1172 1698 1186 .
1721 1122 1774 1185 De

83 1214 353 1277 attestationibus
377 1233 465 1287 vero,
497 1233 562 1294 que
592 1233 611 1276 a
644 1212 835 1276 consulibus
865 1212 1062 1276 Placentinis
1094 1233 1154 1276 nec
1186 1213 1371 1288 ordinariis,
1405 1233 1466 1276 nec
1499 1213 1677 1296 delegatis,
1712 1232 1774 1276 nec

83 1302 218 1366 arbitris
242 1310 276 1366 et
292 1311 370 1386 post
385 1302 640 1386 publicationem
657 1299 781 1387 alia(m)
805 1322 871 1365 non
895 1309 1030 1384 recepte
1053 1301 1192 1378 fuerunt,
1216 1302 1401 1366 interlocuti
1424 1323 1544 1378 sumus,
1575 1323 1631 1366 eas
1657 1301 1773 1365 nullius

84 1412 158 1456 asse
183 1394 352 1468 momenti,
383 1411 444 1455 nec
467 1393 687 1475 permisimus,
710 1411 766 1455 eas
790 1392 822 1454 in
845 1391 998 1454 iudicium
1025 1390 1182 1456 exhiberi.
1221 1390 1383 1456 Volumus
1404 1388 1410 1475 Ι
1430 1400 1559 1468 autem,
1583 1400 1633 1468 ut,
1657 1395 1683 1456 si
1708 1391 1775 1474 epi·

83 1502 209 1564 scopus
229 1480 257 1566 εΙ
281 1482 515 1565 compositioni
539 1489 626 1545 stare
651 1481 799 1557 noluerit,
833 1501 930 1544 causa
954 1500 1014 1563 per
1038 1483 1146 1545 omnia
1177 1483 1208 1546 in
1240 1502 1280 1546 eo
1308 1483 1352 1545 sit
1374 1489 1470 1559 statu,
1502 1502 1600 1564 quem
1623 1491 1775 1566 tempore

84 1572 339 1655 compositionis
362 1569 518 1635 habebat.
543 1607 586 1616 —
610 1571 687 1634 Dat.
709 1569 715 1656 Ι
735 1569 920 1646 Tusculani,
943 1585 969 1634 x
991 1569 1045 1633 Kl.
1069 1570 1161 1635 Iunii.

252 1687 294 1736 Or.
314 1685 347 1736 r'm
367 1686 481 1736 Archr'vio
502 1686 637 1750 capitolare
655 1686 682 1734 di
699 1686 770 1736 Sant'
788 1685 911 1736 Aruouluo
927 1701 958 1734 ru
979 1686 1103 1736 Piaceuua.

252 1759 322 1824 Perg.
341 1758 402 1819 ital,
421 1759 457 1810 ir.
478 1760 548 1822 0,18,
573 1760 635 1824 lang
651 1761 738 1818 0,195,
757 1766 830 1808 urum
856 1759 1039 1825 umgerchlagrn
1057 1758 1143 1819 0,013,
1163 1758 1242 1810 durch
1260 1761 1276 1810 2
1295 1758 1388 1809 Licha
1409 1757 1472 1825 gurg
1494 1757 1531 1808 die
1549 1758 1663 1819 Schuur,
1690 1757 1777 1810 welche

83 1829 131 1880 nrt
147 1829 204 1880 dem
221 1829 348 1897 Blelriegel
361 1832 479 1882 vertum.
517 1829 630 1895 Fallung
646 1830 690 1880 der
706 1830 809 1880 Breom.

839 2007 907 2084 Nr.
937 2012 1026 2084 304.

85 2141 275 2208 Alexander
294 2142 359 2206 III
369 2141 560 2224 beaustragt
572 2140 628 2205 die
643 2140 796 2223 Barchose
819 2161 880 2204 vou
904 2132 1047 2221 Tortonu,
1063 2141 1231 2221 Piacenuu
1258 2139 1416 2206 Cremona
1439 2139 1508 2206 uud
1521 2141 1654 2220 Parma,
1676 2142 1780 2224 dashr

85 2253 127 2296 su
142 2253 269 2316 surgen,
284 2231 362 2296 dass
379 2232 451 2296 ihre
467 2227 801 2314 Pfarrangehhregeu
816 2230 933 2294 welche
950 2231 1187 2296 Besituthr'c'mer
1199 2231 1258 2295 des
1275 2228 1422 2296 Klosters
1453 2231 1483 2296 T
1477 2232 1587 2297 eodota
1609 2230 1649 2295 di
1670 2232 1778 2297 Paula

568 2319 844 2399 zurhckbehulten,
859 2319 1019 2385 dieselbeu
1034 2320 1250 2404 herousgeben
1268 2321 1300 2407 ΒΙ.

688 2438 773 2499 1180
787 2435 866 2511 Julc'
879 2440 930 2500 13.
969 2436 1138 2501 Tusculum
1154 2435 1191 2523 ⁴).

251 2541 442 2606 Alexander
458 2544 644 2625 episcopus,
668 2563 782 2607 servus
797 2562 966 2606 servorum
983 2543 1046 2618 dei,
1061 2542 1302 2607 venerabilibus
1318 2543 1473 2608 fratribus
1497 2592 1504 2606 .
1528 2593 1535 2606 .
1559 2543 1777 2620 Terdonensi,

87 2629 279 2718 .T(edaldo)
298 2631 327 2716 d)
357 2631 545 2695 Placentino
561 2631 595 2718 ὁΙ,
636 2629 810 2718 .O(ffredo)
842 2628 1067 2718 Cremolnensi
1086 2633 1111 2718 6Ι
1143 2640 1178 2695 et
1223 2631 1426 2720 .B(ernardo)
1446 2634 1481 2721 e),
1515 2631 1681 2697 Parmensi
1712 2636 1778 2716 epi·

86 2722 199 2804 scopis
217 2717 251 2806 ⁷),
276 2728 309 2784 et
331 2719 458 2785 dilectis
481 2721 552 2784 filiis
575 2723 741 2786 canonicis
757 2723 861 2786 sancti
878 2723 1033 2799 Donnini,
1057 2721 1248 2786 salutemet
1269 2723 1485 2805 apostolicam
1501 2723 1777 2787 benedictionem.

16 2835 22 2846 ·
87 2809 221 2873 Dilecta
247 2809 271 2888 s)
292 2807 297 2896 Ι
318 2811 350 2874 in
374 2809 505 2874 Christo
530 2810 593 2874 filia
616 2820 728 2875 nostra
775 2809 833 2886 .U.,
856 2811 1024 2875 abbatissa
1049 2814 1233 2876 monasterii
1257 2811 1444 2890 Theodote,
1467 2816 1657 2876 transmissa
1680 2813 1777 2876 nobis

87 2898 252 2963 relatione
276 2901 477 2975 monstravit,
508 2902 758 2981 quodquidam
783 2899 989 2985 parrochiani
1013 2903 1112 2965 vestri
1136 2904 1365 2984 possessiones
1389 2905 1562 2986 prescripti
1587 2904 1777 2966 monasterii

87 3009 150 3072 per
175 2990 334 3069 quasdam
360 3009 528 3072 personas,
553 2991 722 3073 quondam
747 2993 895 3066 intrusas,
928 3011 993 3053 non
1016 2998 1091 3054 sunt
1112 2992 1207 3055 veriti
1232 3012 1404 3075 occupare.
1451 2989 1538 3074 Quia
1562 2995 1667 3074 igitur,
1697 2993 1776 3055 dum

88 3098 198 3142 essem
222 3078 370 3142 Venetiis
388 3079 421 3164 ΙΙΙ,
445 3080 651 3143 venditiones
672 3079 710 3166 ε),
733 3079 973 3144 infeudationes
998 3101 1058 3144 nec
1090 3101 1156 3143 non
1180 3083 1279 3144 etiam
1303 3081 1517 3146 alienationes
1541 3082 1619 3145 alias
1636 3083 1678 3145 de
1702 3101 1777 3164 pos·

86 3168 289 3232 sessionibus
314 3168 539 3243 ecclesiarum,
571 3172 807 3234 ascismaticis
831 3169 932 3246 factis,
963 3171 1006 3234 de
1029 3170 1165 3234 consilio
1195 3172 1329 3235 fratrum
1363 3181 1548 3236 nostrorum
1579 3179 1613 3235 et
1642 3191 1776 3234 assensu

87 3256 254 3322 karissimi
285 3258 317 3320 in
348 3257 479 3324 Christo
510 3256 565 3321 filii
599 3262 700 3323 nostri
740 3255 941 3346 .F(riderici),
972 3259 1102 3323 illustris
1132 3259 1273 3324 Romani
1306 3257 1555 3349 [impera]toris,
1594 3261 1778 3344 apostolica

86 3349 288 3412 auctoritate
320 3347 534 3424 cassavimus,
566 3349 756 3413 discretioni
787 3358 897 3414 vestre
924 3369 984 3431 per
1012 3349 1195 3432 apostolica
1216 3351 1339 3432 scripta
1363 3353 1556 3415 mandamus
1580 3358 1681 3433 atque
1704 3369 1777 3433 pre·

87 3439 245 3520 cipimus,
280 3439 434 3520 quatinus
465 3438 688 3519 parrochianis
719 3441 844 3514 vestris,
877 3459 961 3519 quos
992 3439 1086 3502 vobis
1126 3441 1307 3503 constiterit
1344 3443 1573 3524 possessiones
1606 3439 1778 3524 prescripti

88 3528 280 3590 monasterii
304 3547 365 3609 per
394 3529 535 3590 intrusos
559 3526 721 3602 habuisse,
753 3526 806 3592 vel
834 3525 913 3591 alias
936 3528 1049 3592 illicite
1072 3529 1228 3604 detinere,
1254 3530 1399 3594 districte
1428 3530 1600 3605 mandetis,
1632 3538 1667 3592 ut
1691 3531 1779 3611 ipsas

87 3624 277 3679 memorato
302 3619 502 3680 monasterio
525 3618 596 3679 sine
620 3615 814 3682 difficultate
838 3620 1009 3680 restituant
1033 3619 1121 3680 etin
1146 3637 1228 3700 pace
1257 3619 1433 3684 dimittant.
1480 3616 1590 3701 Quod,
1621 3620 1648 3681 si
1672 3619 1780 3682 facere

87 3705 178 3768 forte
213 3704 392 3783 noluerint,
431 3725 506 3782 eos,
537 3715 666 3770 remoto
699 3706 929 3790 appellationis
962 3705 1152 3781 obstaculo,
1190 3710 1540 3772 excommunicationis
1568 3705 1573 3791 Ι
1600 3707 1730 3771 vinculo
1749 3705 1780 3792 h)

87 3794 278 3876 astringatis
314 3802 348 3858 et
387 3814 490 3875 usque
529 3796 571 3866 ad
603 3796 734 3878 dignam
764 3795 1019 3859 satisfactionem
1053 3795 1181 3859 faciatis
1214 3797 1256 3860 ab
1286 3798 1440 3862 omnibus
1471 3799 1595 3862 evitari.
1627 3833 1672 3845 -
1702 3796 1779 3859 Dat.

87 3883 280 3960 Tusculani,
300 3881 306 3970 Ι
327 3897 365 3947 111
389 3884 466 3946 Idus
489 3884 570 3949 Iulii.

257 3999 300 4048 Or.
320 3999 354 4048 im
371 3998 487 4048 Archr'vr‘o
505 3998 532 4048 di
548 3999 618 4048 Stato
634 4015 665 4048 uu
685 3999 809 4050 Mallaud.

256 4069 326 4136 Perg.
346 4071 407 4132 ital,
426 4071 461 4121 br.
482 4073 549 4131 0,1o,
569 4073 629 4137 tang
647 4074 734 4134 0,135,
754 4079 828 4121 mum
846 4073 926 4132 0,orr
945 4073 1135 4137 umgeschlagen,
1155 4073 1233 4123 durch
1251 4073 1309 4124 cnoel
1326 4074 1419 4126 Licher
1433 4074 1496 4140 giug
1513 4073 1550 4124 die
1568 4073 1674 4137 Schuur,
1693 4073 1780 4126 welche

88 4143 135 4191 nrt
152 4143 207 4192 drot
225 4143 353 4208 Bleisiegel
367 4144 484 4202 volorm,
504 4143 614 4209 Fallung
630 4143 673 4192 der
692 4145 795 4194 Brevm.

842 4321 909 4396 Nr.
936 4324 1025 4398 305.

87 4453 278 4519 Alexander
293 4453 358 4518 III
368 4453 500 4536 befiehlt
512 4452 574 4517 deu
590 4454 804 4518 Kanonihem
818 4474 880 4517 von
895 4454 1017 4536 Poggr'o
1034 4453 1213 4537 Imperiale
1235 4455 1274 4518 di
1289 4455 1433 4536 Fireuue,
1448 4455 1554 4521 davou
1576 4455 1777 4540 clausulam,

87 4545 145 4609 die
161 4545 269 4623 ceute,
283 4543 402 4607 welche
416 4565 460 4607 an
475 4543 640 4629 gecou’sseu
656 4545 826 4626 Festlagen
841 4564 915 4607 eum
940 4542 1071 4606 Kloster
1093 4544 1215 4627 Poggio
1241 4543 1419 4628 Imperiale
1440 4544 1587 4610 hommeu
1611 4551 1690 4614 oder
1708 4551 1777 4615 sich

87 4635 165 4698 dort
177 4633 336 4717 degrubeu
351 4633 465 4711 lasseu,
481 4652 525 4696 uu
540 4630 1151 4788 emmmunimnhhnihhherlhnKloster
1165 4635 1252 4698 seiue
1271 4633 1497 4700 Gerechtsume
1513 4636 1582 4700 und
1595 4635 1778 4705 Frer'her'teu

826 4839 1047 4901 1159-1161.

252 4943 445 5008 Alexander
468 4946 654 5029 episcopus,
678 4965 791 5008 servus
814 4965 982 5009 servorum
1007 4945 1068 5019 dei,
1092 4946 1221 5010 dilectis
1244 4945 1315 5011 filiis
1332 4956 1365 5011 et
1381 4949 1545 5012 canonicis
1561 4949 1603 5012 de
1621 4949 1775 5028 Martura,

88 5034 229 5098 salutem
260 5042 293 5097 et
325 5032 542 5116 apostolicam
573 5035 847 5099 benedictionem.
895 5034 1029 5116 Quanto
1052 5055 1112 5098 vos
1144 5037 1282 5100 umiliori
1316 5038 1450 5102 caritate
1480 5039 1651 5122 diligimus,
1683 5047 1776 5104 tanto

253 5175 279 5237 a)
292 5173 310 5221 ti
330 5173 383 5236 auf
397 5175 482 5224 Rasur
553 5174 580 5240 b)
599 5178 708 5222 vestram
781 5177 806 5236 c)
817 5189 865 5222 von
886 5188 940 5222 mus
961 5189 995 5223 au
1013 5173 1157 5236 auflfasur
1240 5174 1267 5239 d)
1280 5176 1304 5225 T
1323 5191 1372 5225 von
1390 5177 1608 5230 durrklererDr'rrle
1625 5178 1777 5244 eingrtrageu

88 5249 114 5311 e)
135 5243 178 5296 .G.
251 5243 271 5304 fi
291 5243 410 5294 dilectam
483 5247 511 5310 g)
530 5261 546 5294 v
559 5281 649 5295 .....
669 5245 740 5294 iones
758 5245 904 5308 aufRasur
919 5261 968 5294 uon
985 5245 1116 5295 drorklerer
1125 5247 1202 5296 Dintr
1272 5246 1300 5308 h)
1320 5248 1399 5312 vaus
1407 5251 1499 5299 Rarur.
1519 5288 1571 5295 -.
1591 5257 1626 5314 ,1)
1650 5249 1775 5311 Vivr'auus,

83 5317 203 5380 presbiter
219 5315 355 5364 cardinalis
372 5317 408 5366 tit.
428 5317 454 5365 S.
468 5317 585 5380 Stephani
600 5315 627 5366 iu
643 5317 705 5368 Celio
722 5325 807 5376 moute,
819 5317 862 5366 seit
875 5319 948 5366 1173.
1022 5329 1048 5373 2)
1070 5317 1207 5382 Johaurres,
1227 5318 1361 5368 cardinalis
1371 5321 1487 5370 diaconus
1499 5321 1526 5370 S.
1538 5322 1632 5388 Angeli,
1644 5323 1688 5371 seit
1703 5324 1775 5372 1178.

90 5391 117 5452 31
143 5387 222 5453 Vergl.
242 5387 279 5436 die
299 5387 417 5438 Urhroude
433 5403 489 5438 vom
508 5391 539 5436 17
559 5387 616 5438 Mal
635 5389 811 5438 trau-1183.
907 5391 935 5449 4)
962 5387 1047 5453 Wegrn
1065 5389 1109 5438 der
1128 5391 1277 5454 Jahrenaht
1292 5393 1367 5457 vrrgl.
1386 5395 1461 5445 Aum.
1481 5395 1505 5445 l.
1606 5396 1633 5456 5)
1655 5393 1777 5442 Tedaldus

89 5458 254 5524 (Theebald),
273 5458 379 5525 Br'sehos
390 5475 438 5510 von
452 5460 576 5520 Rucuma,
598 5461 776 5510 1167-1192.
886 5459 912 5524 6)
934 5459 1055 5526 Offredus,
1088 5460 1228 5526 Umsredus,
1257 5463 1361 5528 Br'schof
1374 5479 1422 5515 vau
1445 5463 1569 5522 Cremona,
1596 5467 1776 5515 1168-1186.

91 5537 117 5596 7)
137 5531 258 5580 Beneard
266 5530 302 5591 II,
322 5531 427 5596 Br'schos
443 5547 491 5582 von
510 5532 609 5590 Fama,
625 5532 805 5581 ratu-1194.
825 5558 858 5568 -
878 5531 1079 5582 Kalteubruuuer
1104 5533 1307 5584 Pnbsturhundm
1331 5535 1379 5586 Nr.
1397 5539 1467 5586 8124
1490 5553 1507 5584 a
1527 5536 1592 5600 gicht
1608 5534 1775 5600 B(ernordus)

88 5617 131 5661 arr,
151 5602 189 5651 ich
207 5604 246 5652 las
264 5601 296 5662 G,
315 5603 354 5652 riu
372 5603 476 5668 Bisrhof
490 5603 513 5654 G
534 5604 565 5652 ist
582 5604 639 5652 aber
654 5603 722 5653 nicht
738 5603 848 5654 hehaurrl.
879 5605 927 5652 Am
945 5611 1021 5652 ersten
1038 5604 1125 5654 hirsute
1144 5621 1203 5655 maru
1219 5607 1281 5656 noch
1302 5623 1336 5656 au
1361 5608 1406 5657 dm
1428 5607 1603 5673 Gegmbirchof
1631 5609 1671 5658 des
1688 5609 1777 5658 kaiser-

87 5675 167 5724 llcheu
192 5674 299 5723 Aicardo
323 5673 430 5734 deum,
456 5676 534 5740 vergl.
563 5675 699 5739 Coppelletti
727 5675 807 5725 Chiese
824 5673 878 5723 XV
896 5683 921 5739 p.
942 5677 999 5725 162.
1126 5677 1153 5743 8)
1171 5678 1311 5729 Alexander
1333 5696 1390 5730 war
1413 5680 1439 5729 iu
1468 5679 1571 5744 Verudrg
1592 5695 1648 5728 vom
1670 5686 1700 5730 11
1723 5680 1778 5730 Mol

91 5774 120 5784 -
144 5761 164 5797 c.
185 5749 217 5795 15
241 5746 339 5795 October
357 5749 433 5797 1177.

143 5855 163 5883 ι.
178 5843 473 5894 erim-nuum,
492 5843 551 5884 neta
565 5845 608 5884 ιιι.
1530 5832 1565 5894 36
