4126 6366
302 335 372 444 338Ι

302 535 334 586 et
367 523 533 586 canonicis
563 523 666 585 sancti
689 521 857 596 Domnini‚
885 517 890 605 Ι
917 521 1054 584 salutem
1087 531 1121 583 et
1148 520 1365 602 apostolicam
1395 519 1672 583 benedictionem.
1718 521 1923 584 Dilectarum
1948 520 1979 582 in

302 612 431 676 Christo
462 612 601 675 tiliarum
631 619 846 674 nostrarum.
870 657 878 672 .
902 610 1070 673 abbatisse
1100 621 1134 672 et
1164 628 1312 672 sororum
1342 619 1456 672 sancte
1479 609 1583 672 Marie
1605 609 1759 674 Teodote
1789 611 1979 672 transmissa

302 702 399 764 nobis
422 702 536 764 relatio
559 700 725 782 patefecit,
750 699 839 782 quod
886 697 946 775 .D.,
972 698 1140 780 quondam
1164 699 1287 762 intrusa
1305 695 1328 782 ¹)
1352 699 1453 780 ipsius
1477 699 1676 774 monasterii,
1701 699 1743 762 de
1765 698 1890 780 prediis
1911 699 1980 760 eius

301 793 371 853 sine
394 791 594 853 conscientia
617 799 650 852 et
674 809 807 852 assensu
830 799 1010 852 conventus
1034 787 1232 869 quibusdam
1254 787 1431 851 vendendo
1455 799 1488 850 et
1520 787 1721 852 infeudando
1752 788 1917 852 concessit
1947 797 1980 850 et

302 879 430 956 Cecilia,
462 899 526 961 que
549 879 595 942 illi
618 879 782 954 successit,
813 877 961 942 similiter
983 877 1092 958 aliqua
1116 876 1208 938 dedit
1230 887 1271 952 et,
1296 897 1361 958 que
1385 877 1427 940 ab
1452 877 1507 940 illa
1530 876 1607 940 data
1637 877 1773 953 fuerant,
1798 888 1834 939 ut
1861 877 1979 958 potuit,

303 969 515 1031 confirmavit.
562 967 727 1048 Quocirca
749 968 937 1031 discretioni
960 977 1067 1029 vestre
1089 986 1150 1048 per
1171 966 1356 1048 apostolica
1377 967 1499 1049 scripta
1529 966 1744 1048 precipiendo
1776 967 1979 1032 mandamus

303 1059 455 1139 quatinus
478 1057 711 1138 parrochianos
725 1067 860 1133 vestros,
884 1067 928 1132 ut,
954 1076 1017 1138 que
1041 1055 1102 1118 illis
1126 1075 1146 1117 a
1168 1055 1297 1136 prefata
1340 1055 1392 1118 .D.
1416 1057 1486 1118 sine
1509 1076 1641 1118 assensu
1666 1056 1800 1138 capituli
1824 1075 1981 1118 concessa

302 1157 378 1210 sunt
399 1147 452 1210 vel
482 1146 525 1209 ab
549 1146 651 1208 altera
673 1146 875 1221 confirmata,
898 1147 1097 1208 monasterio
1113 1145 1184 1207 sine
1201 1143 1393 1206 difficultate
1414 1146 1593 1218 restituant,
1618 1145 1793 1208 districtius
1809 1144 1981 1207 moneatis.

303 1235 405 1316 Quod
428 1236 453 1298 si
485 1235 591 1299 facere
624 1235 708 1298 forte
738 1236 908 1311 noluerint,
942 1255 1009 1308 eos
1040 1233 1265 1315 appellatione
1295 1245 1437 1310 remota,
1469 1235 1819 1297 excommunicationis
1849 1233 1981 1296 vinculo

303 1325 467 1387 innodetis
490 1336 523 1386 et
539 1324 674 1399 faciatis,
697 1325 781 1387 sicut
797 1318 1122 1408 excommulnicatos,
1146 1342 1250 1403 usque
1265 1322 1308 1384 ad
1324 1324 1583 1386 satisfactionem
1598 1342 1779 1404 congruam
1798 1325 1922 1386 evitari.
1939 1358 1982 1366 —

303 1449 347 1460 —
370 1415 447 1476 Dat
471 1413 612 1489 Verone,
636 1427 661 1476 x
683 1414 737 1476 Kl.
760 1413 853 1476 Iunii.

467 1527 510 1578 Or.
530 1527 562 1577 r'm
580 1527 694 1578 Archriu'o
711 1528 739 1577 di
754 1527 822 1577 staro
838 1544 868 1576 zu
887 1525 1010 1578 Mor'land.

466 1598 536 1663 Perg.
555 1599 616 1659 ital,
635 1599 670 1649 br.
689 1600 774 1660 0,166‚
794 1601 855 1666 lang
871 1601 956 1659 0,148,
974 1607 1048 1650 urrten
1067 1601 1144 1660 0,018
1162 1599 1355 1664 remgesclrlagen,
1379 1599 1458 1648 durch
1482 1599 1541 1648 swer‘
1557 1599 1650 1650 Liclrer
1672 1599 1729 1664 gelo
1751 1597 1789 1646 dle
1807 1597 1983 1662 Harrfsclrmrr‚

303 1687 390 1720 woran
409 1671 454 1718 das
472 1671 597 1735 Bleisr'egel
611 1673 694 1736 hunge,
713 1671 820 1736 Faltrorg
837 1671 880 1720 der
896 1671 999 1721 Breverr.

1050 1957 1117 2032 Nr.
1145 1961 1235 2034 384.

314 2087 422 2154 Urban
436 2088 500 2153 III
509 2087 647 2153 schreibt
660 2088 722 2152 den
734 2087 910 2169 Bisclrofen
922 2111 983 2153 von
993 2089 1099 2172 Aequi
1112 2089 1185 2153 und
1201 2088 1338 2169 Sooorra,
1349 2089 1429 2153 dass
1443 2109 1481 2152 er
1497 2089 1531 2152 in
1545 2088 1607 2152 der
1617 2085 1813 2152 Strer'tsaclre
1824 2086 1986 2150 awischerr

306 2179 380 2243 dem
395 2177 607 2260 Domkapr'tel
617 2199 678 2241 oon
697 2176 808 2240 Genua
824 2179 896 2241 und
908 2179 981 2242 dem
998 2178 1098 2243 Prior
1110 2200 1171 2243 von
1192 2177 1279 2243 Colle
1294 2178 1367 2242 dem
1384 2178 1538 2264 Brscluy‘e
1552 2198 1614 2240 von
1628 2175 1767 2258 Savono,
1791 2177 1853 2240 der
1874 2175 1987 2239 bether

492 2268 543 2330 als
558 2263 816 2332 Sclrr'edsrr'clrter
828 2267 953 2332 bestellt
965 2290 1047 2348 war,
1062 2270 1140 2332 noclz
1154 2268 1215 2332 den
1231 2268 1374 2349 Bisaltas
1382 2289 1443 2332 von
1457 2267 1567 2350 Aequi
1580 2267 1743 2331 berordnet
1757 2268 1791 2350 Ι).

875 2385 960 2447 1186
967 2386 1092 2447 -1187
1104 2383 1183 2458 Julr'
1194 2387 1243 2447 19.
1285 2381 1414 2448 Verona.

467 2499 622 2563 Urbanus
645 2501 829 2583 episcopus,
860 2521 970 2564 servus
994 2520 1160 2563 servorum
1185 2501 1246 2577 dei,
1277 2500 1519 2564 venerabilibus
1543 2499 1704 2572 fratribus,
1734 2497 1929 2581 Aquensir)
1952 2509 1986 2560 et

308 2589 490 2652 Savonensi
507 2587 534 2674 4)
566 2591 748 2672 episcopis,
780 2590 918 2653 salutem
950 2599 984 2652 et
1011 2590 1229 2671 apostolicam
1258 2589 1534 2654 benedictionem.
1579 2589 1820 2670 Receptionem
1842 2589 1985 2661 testium,

311 2679 365 2759 qui
382 2699 481 2760 supra
497 2699 603 2754 causa,
628 2699 692 2760 que
706 2679 790 2742 inter
809 2679 947 2742 dilectos
970 2677 1055 2740 filios
1079 2724 1274 2740 .......
1299 2679 1567 2742 archidiaconum
1582 2686 1616 2740 et
1630 2677 1810 2759 capitulum
1825 2675 1986 2740 Ianuense

310 2777 342 2830 et
365 2787 407 2830 ex
431 2768 533 2831 altera
555 2779 649 2850 parte
673 2768 828 2832 dilectum
856 2768 958 2831 filium
982 2814 989 2829 .
1012 2814 1020 2828 .
1044 2814 1051 2829 .
1076 2813 1082 2828 .
1106 2769 1249 2848 priorem
1280 2768 1321 2832 de
1345 2767 1438 2833 Colle
1455 2765 1480 2851 6)
1502 2769 1644 2842 vertitur,
1677 2767 1718 2830 de
1748 2786 1836 2829 novo
1867 2765 1986 2828 fuerint

309 2857 523 2938 producendi,
555 2857 624 2932 tibi,
657 2857 755 2920 frater
776 2857 985 2931 Savonensis,
1008 2856 1180 2920 recolimus
1204 2858 1414 2934 commisisse,
1443 2865 1569 2920 uttam
1592 2877 1704 2932 novas,
1737 2875 1837 2937 quarn
1858 2865 1986 2918 veteres

309 2946 441 3008 testium
464 2946 688 3029 depositiones
712 2947 754 3009 ad
778 2953 924 3010 nostram
947 2946 1008 3009 sub
1032 2955 1090 3009 tuo
1110 2946 1218 3028 sigillo
1241 2942 1380 3010 haberes
1400 2947 1600 3028 presentiam
1624 2946 1813 3008 destinatas.
1852 2943 1985 3018 Verum,

311 3035 396 3116 quia,
427 3036 511 3098 sicut
534 3035 643 3099 dilecti
675 3035 731 3098 filii
763 3036 865 3098 nostri
895 3081 1084 3098 ......
1113 3037 1269 3117 magister
1294 3034 1479 3098 scholarum
1511 3045 1544 3099 et
1566 3029 1779 3118 Ricardus(?),
1807 3033 1986 3096 canonicus

309 3123 484 3200 lanuensis,
509 3135 759 3207 proposuerunt,
790 3145 852 3207 pro
884 3145 982 3187 causa
1004 3125 1078 3205 ipsa
1099 3125 1169 3187 sine
1199 3126 1327 3206 magnis
1350 3125 1505 3206 expensis
1535 3134 1570 3188 et
1598 3124 1767 3187 laboribus
1797 3122 1841 3185 ad
1872 3122 1987 3185 sedern

311 3214 527 3294 apostolicam
552 3234 619 3277 non
636 3222 775 3296 possunt
789 3214 948 3290 laborare,
972 3223 1014 3288 te,
1038 3213 1138 3276 frater
1159 3207 1339 3299 [episcope]
1356 3213 1531 3295 Aquensis,
1555 3213 1707 3276 duximus
1731 3211 1986 3293 adiungendum,

310 3322 370 3383 per
393 3302 576 3382 apostolica
599 3304 722 3386 scripta
743 3303 946 3379 mandantes,
971 3313 1131 3384 quatenus
1147 3302 1189 3364 ad
1213 3303 1322 3366 locum
1338 3304 1466 3385 utrique
1482 3303 1566 3384 parti
1583 3320 1774 3383 congruum,
1791 3301 1987 3363 accedentes

311 3392 479 3474 accipiatis
503 3400 610 3469 testes,
635 3394 690 3474 qui
715 3392 833 3456 fuerint
856 3392 1036 3474 recipiendi
1060 3401 1102 3468 et,
1127 3393 1294 3474 utriusque
1309 3393 1411 3474 partis
1427 3392 1608 3456 rationibus
1623 3391 1743 3454 auditis
1757 3386 1817 3474 (et)
1837 3389 1987 3472 cognitis,

310 3479 462 3543 timorem
485 3481 609 3544 domini
633 3501 691 3563 pre
715 3482 817 3545 oculis
848 3482 1022 3556 habentes
1056 3501 1186 3544 causam
1218 3483 1324 3564 ipsam
1354 3482 1425 3545 sine
1456 3480 1688 3564 appellationis
1719 3479 1895 3543 obstaculo
1923 3478 1988 3542 fine

312 3569 426 3633 debito
450 3569 639 3634 terminatis.
662 3607 705 3616 -
728 3572 805 3634 Dat.
830 3572 971 3647 Verone,
994 3583 1057 3633 xlv
1080 3571 1154 3633 Kal.
1180 3568 1267 3652 Aug.

470 3683 621 3749 Absclrrrflen
647 3685 691 3734 der
708 3683 812 3734 Miscell.
841 3685 868 3733 di
884 3685 946 3734 Stor.
971 3685 1026 3751 Lr'g.
1051 3685 1076 3733 V
1083 3691 1110 3749 p.
1129 3687 1189 3745 358,
1214 3685 1254 3734 des
1279 3685 1414 3750 Schiaffirro
1440 3683 1474 3732 II
1482 3689 1509 3748 p.
1536 3685 1594 3744 397,
1619 3683 1646 3734 r‘rr
1669 3683 1714 3734 der
1739 3683 1802 3732 Br'bl.
1834 3683 1924 3742 Civica,
1950 3683 1991 3732 der

311 3755 446 3822 Sclu'asſsrro
463 3755 497 3804 ΙΙ
507 3761 533 3819 p.
552 3755 609 3816 533,
628 3757 654 3806 r'rr
673 3757 717 3806 der
733 3756 797 3806 Bibl.
815 3756 874 3805 dell’
896 3754 1033 3807 Unr'versitia
1050 3773 1080 3805 ore
1103 3757 1196 3808 Germa.

1052 4041 1119 4116 Nr.
1151 4045 1240 4118 385.

318 4171 426 4239 Urbon
443 4173 508 4237 III
518 4173 642 4238 erkllr'rt
666 4174 740 4238 dem
755 4173 909 4253 Bisclrofe
932 4193 993 4236 von
1025 4172 1168 4253 Vercellr',
1190 4173 1270 4238 dass
1291 4173 1358 4236 alle
1378 4173 1490 4237 bislzer
1509 4173 1792 4257 vorgekommenen
1817 4173 1990 4238 Griteroer-

758 4261 992 4345 mindemngen
1007 4264 1116 4327 seiner
1129 4261 1253 4327 Kirelze
1267 4262 1418 4347 ungr'lltig
1432 4263 1529 4328 seien.

868 4379 1084 4441 1186-1187
1095 4377 1228 4462 August
1239 4380 1269 4442 9.
1308 4376 1439 4442 Verona.

470 4493 643 4558 URBANUS
673 4494 862 4576 episcopus,
893 4516 1004 4559 servus
1034 4515 1202 4560 servorum
1234 4495 1301 4572 dei,
1332 4495 1511 4559 venerabili
1544 4493 1633 4558 fratri
1677 4492 1891 4558 .Vercellensi
1923 4495 1988 4577 epi·

310 4603 414 4665 scopo
427 4580 461 4667 ὅ),
475 4585 613 4646 salutem
631 4589 664 4644 et
679 4583 896 4664 apostolicam
912 4583 1185 4648 benedictionem.
1220 4584 1321 4661 Sicut,
1346 4606 1410 4667 que
1426 4607 1445 4647 a
1460 4584 1536 4646 viris
1553 4581 1736 4666 cathollicis
1751 4584 1990 4648 rationabiliter

310 4679 502 4749 statuuntur,
527 4673 713 4735 firmitatem
738 4672 862 4735 debent
884 4693 944 4754 per
961 4671 989 4758 ει)
1012 4674 1125 4737 sedem
1149 4674 1367 4756 apostolicam
1386 4673 1414 4760 ΙΙ)
1434 4673 1660 4737 omnimodam
1676 4673 1837 4750 obtinere,
1853 4673 1909 4748 ita,
1927 4695 1989 4758 que

312 4761 354 4823 ab
379 4761 508 4824 intrusis
532 4772 565 4824 et
588 4761 631 4824 ab
654 4761 791 4824 ecclesie
815 4757 952 4840 uniltate
976 4762 1084 4826 divisis
1115 4782 1290 4845 perperam
1314 4774 1347 4825 et
1380 4763 1557 4826 enormiter
1587 4770 1834 4843 attemptantur,
1866 4765 1989 4829 debent

310 4849 342 4911 in
366 4849 489 4912 irritum
513 4851 708 4914 auctoritate
730 4850 914 4933 apostolica
941 4853 1094 4916 revocari.
1141 4852 1287 4934 Ideoque
1310 4872 1379 4926 nos,
1411 4853 1466 4934 qui
1497 4872 1540 4915 ex
1571 4851 1713 4933 suscepti
1748 4851 1849 4918 officii
1875 4855 1987 4918 debito

312 4938 518 5002 indemnitati
536 4936 565 5025 b)
594 4952 744 5003 tenemur
770 4941 978 5004 ecclesiarum
1009 4942 1207 5024 prospicere,
1239 4941 1452 5018 investituras,
1483 4941 1704 5016 alienationes,
1737 4941 1986 5017 infeudationes

310 5029 556 5105 concessiones,
589 5029 808 5110 obligationes
839 5037 872 5092 et
904 5031 1162 5112 permutationes
1186 5031 1218 5092 in
1242 5030 1457 5112 preludicium
1489 5041 1524 5094 et
1552 5049 1729 5112 gravamen
1761 5033 1902 5096 ecclesie
1930 5033 1986 5095 tibi

610 5189 736 5196 .—...——

472 5253 497 5301 al
516 5264 583 5314 per.
603 5285 610 5300 .
630 5285 637 5300 .
656 5264 697 5298 em
716 5285 934 5304 .........
954 5265 994 5300 am
1012 5250 1065 5314 ares
1079 5251 1163 5300 llo-rur
1178 5265 1227 5300 oon
1244 5250 1374 5300 drmklerer
1390 5251 1466 5300 Dinte
1538 5250 1566 5316 b)
1585 5250 1630 5300 das
1646 5258 1704 5300 erste
1721 5252 1729 5300 i
1748 5261 1799 5316 aeq
1821 5253 1909 5302 Roseae
1929 5253 1987 5302 einer

310 5323 400 5386 langen
425 5322 594 5370 Buclulabens.
614 5357 666 5366 „-
685 5325 722 5388 .1)
747 5321 826 5386 Vergl.
850 5323 887 5371 die
915 5321 1033 5372 Urlermde
1053 5326 1142 5371 vomo
1165 5321 1262 5370 October
1290 5323 1463 5372 1167-1269.
1573 5325 1600 5384 a)
1624 5322 1700 5387 Vergl.
1726 5323 1764 5372 die
1791 5323 1912 5374 Urkrerrde
1935 5339 1986 5374 verr

313 5395 345 5442 12
364 5395 460 5458 Augrest
477 5394 655 5444 riso-118⁷.
729 5401 756 5456 3)
778 5392 886 5453 Uberius,
906 5393 1011 5458 Bisclrof
1023 5409 1071 5442 von
1090 5394 1174 5458 Aequi,
1194 5408 1215 5444 c.
1234 5395 1410 5442 nra-1181.
1483 5395 1511 5456 4)
1531 5393 1677 5456 Ambrosios,
1697 5394 1804 5460 Bischof
1814 5411 1864 5445 vore
1882 5397 1984 5452 Saena,

311 5481 330 5512 e.
354 5466 533 5516 noa-1192.
626 5471 652 5532 5)
676 5465 739 5514 Colle
762 5465 793 5512 ist
818 5465 856 5514 ein
879 5465 1024 5514 nomerrtlr'clr
1048 5466 1082 5514 irre
1104 5463 1276 5514 Toscorrisclren
1293 5464 1349 5513 selrr
1364 5465 1451 5531 hdufig
1472 5464 1669 5515 vorkorermerrder
1684 5465 1772 5526 Nareae,
1800 5469 1901 5516 welches
1927 5468 1985 5516 Colle

308 5537 413 5600 gemer'rrl
429 5537 466 5594 ist,
483 5551 584 5600 vermog
594 5535 632 5585 r'cle
649 5537 716 5586 rriclrt
732 5536 809 5586 sicher
824 5537 966 5601 onsugelm,
985 5552 1045 5586 mon
1061 5537 1147 5586 kim
1157 5535 1248 5586 denkerr
1265 5547 1314 5586 oro:
1334 5537 1408 5595 Colla,
1428 5537 1497 5585 Fros.
1517 5537 1560 5584 del
1568 5553 1627 5587 com.
1639 5537 1667 5586 di
1680 5537 1787 5586 Cosserr'o
1798 5541 1866 5588 roella
1878 5539 1983 5606 Quia

307 5614 377 5670 prov.
396 5607 423 5655 di
437 5607 540 5666 Genova,
560 5608 664 5658 circond.
683 5609 711 5656 dl
720 5607 825 5664 Savono,
843 5609 927 5657 nrond.
947 5607 974 5655 di
984 5607 1123 5666 Millesr'mo,
1141 5607 1181 5658 ein
1197 5607 1297 5657 crederes
1317 5608 1385 5657 Colla
1403 5607 1461 5672 liegl
1476 5609 1513 5656 bei
1526 5608 1650 5670 Chiavorr,
1664 5608 1702 5658 er'n
1714 5610 1847 5660 drirresler'
1860 5609 1982 5675 Turpia,

310 5681 358 5726 alle
373 5679 466 5742 unsem
488 5679 580 5728 Genua.
600 5706 633 5715 -
653 5681 684 5730 ln
701 5679 745 5727 der
759 5679 875 5728 Urkunde
892 5695 947 5728 vom
971 5679 1001 5726 lli
1018 5681 1114 5744 August
1132 5681 1146 5726 1
1153 5681 1303 5728 roo-1187
1321 5680 1352 5727 ist
1368 5680 1412 5728 der
1432 5679 1478 5728 Ort
1495 5679 1567 5729 collis
1580 5681 1673 5730 Montis
1687 5690 1806 5746 genam,
1824 5682 1886 5732 doct
1902 5681 1986 5732 schah!

310 5751 348 5799 ein
369 5751 508 5800 Collemonte
525 5749 593 5800 nicht
610 5751 800 5805 omommm,
874 5752 901 5820 6)
920 5751 1026 5800 Domols
1043 5766 1099 5800 war
1115 5751 1198 5800 Allert
1214 5751 1342 5816 Avogadro
1360 5751 1465 5816 Bis-elios
1477 5767 1525 5800 von
1548 5753 1652 5812 Vercelli,
1673 5754 1856 5804 troo—1205.
