4142 6366
1701 371 1760 436 Ι97

90 541 204 605 casalis
228 543 280 606 cui
305 563 426 606 nomen
450 541 669 626 Capharabra,
694 565 842 608 necnon
867 555 900 608 et
923 544 1084 608 decimam
1108 553 1185 607 octo
1208 563 1410 608 carrucarum
1433 553 1517 608 terre
1541 545 1573 608 in
1597 545 1761 609 montanis

89 631 238 713 Sarepte,
261 633 294 695 in
317 633 480 696 territorio
503 633 630 696 Baruch
654 633 814 697 decimam
838 635 980 697 viridarii
1004 645 1038 698 et
1061 635 1197 696 duarum
1220 629 1450 717 [carruca]rum
1473 645 1565 711 terre,
1597 636 1629 698 in
1652 644 1760 698 castro

89 719 247 803 Thymini
271 723 369 784 aliam
393 722 562 786 ecclesiam
586 742 661 786 cum
684 723 857 805 parrochia
880 732 913 786 et
929 725 1096 800 cimiterio,
1120 724 1152 786 in
1169 722 1265 786 casali
1281 724 1431 787 Bethalla
1453 744 1551 787 unam
1567 723 1760 806 cappellam,

90 811 123 872 in
145 809 301 892 Saphiria
329 811 425 874 aliam
449 813 490 875 de
514 812 610 875 donis
633 812 803 877 Godesridi
832 823 866 876 et
895 833 1007 894 regum
1030 812 1204 876 Ierusalem
1234 813 1445 895 eiusdemque
1477 823 1560 876 terre
1590 814 1760 888 baronum,

89 899 173 962 infra
203 919 315 964 muros
338 900 512 964 Ierusalem
540 897 680 988 [fumum
709 922 810 964 unum
834 896 878 988 et]
911 902 1106 976 molendina,
1140 902 1256 964 domos
1288 911 1320 966 et
1342 902 1464 977 hortos,
1497 912 1589 966 extra
1618 923 1697 967 vero
1728 903 1762 965 in

89 989 159 1051 eius
182 991 346 1053 territorio
370 997 479 1067 terras,
503 991 623 1066 vineas,
648 991 782 1066 iontem,
810 992 901 1073 sylve
925 1001 958 1054 et
981 990 1176 1066 molendina,
1199 989 1320 1054 fossam
1336 1002 1370 1054 et
1385 999 1482 1066 ortos,
1507 1001 1541 1056 et
1556 992 1636 1055 duas
1651 1002 1761 1074 partes

89 1077 132 1140 de
164 1078 265 1142 casali
288 1078 432 1142 Bethsau
463 1089 496 1142 et
527 1079 634 1143 casale
667 1081 757 1161 quod
788 1081 906 1144 dicitur
933 1079 1173 1156 Darchiboam,
1205 1080 1237 1142 in
1267 1081 1428 1143 territorio
1452 1076 1624 1165 Nea[polis
1655 1081 1761 1144 casale

88 1186 191 1230 unum
216 1169 306 1248 quod
330 1163 457 1254 dicitur]
481 1167 595 1246 Ascar,
627 1179 659 1233 et
690 1168 777 1232 aliud
808 1169 897 1252 quod
923 1169 1039 1232 dicitur
1060 1169 1173 1251 Bytiri,
1205 1178 1238 1232 et
1269 1170 1356 1232 aliud
1380 1170 1470 1251 quod
1502 1171 1618 1234 dicitur
1639 1169 1759 1252 Saphe,

88 1257 122 1318 in
145 1257 310 1320 territorio
334 1258 437 1340 Ioppe
461 1259 542 1321 duas
565 1267 748 1322 carrucatas
779 1269 871 1335 terre,
903 1265 936 1321 et
959 1268 1077 1321 terram
1106 1254 1184 1342 [que
1208 1257 1281 1343 suit]
1303 1260 1511 1340 Fragmerici,
1543 1261 1575 1322 in
1598 1260 1760 1323 territorio

87 1344 230 1428 Cayphe
253 1348 360 1409 casale
383 1367 483 1410 unum
507 1349 597 1429 quod
621 1347 739 1410 dicitur
760 1343 930 1434 Tym[ini],
962 1348 995 1410 in
1018 1347 1136 1411 eodem
1161 1357 1266 1410 castro
1298 1349 1431 1411 nomine
1454 1347 1608 1430 Cayphas
1632 1349 1759 1424 domos,

88 1434 221 1498 furnum
244 1446 278 1498 et
298 1443 400 1499 terras
431 1437 517 1500 intus
548 1446 581 1500 et
611 1448 711 1512 extra,
743 1437 775 1499 in
806 1437 968 1499 territorio
998 1436 1112 1499 Ebron
1148 1437 1255 1500 casale
1285 1457 1384 1500 unum
1415 1439 1547 1502 nomine
1568 1437 1760 1512 lamarvara,

87 1523 182 1588 iuxta
197 1524 367 1608 Sydonem
392 1525 500 1589 casale
523 1547 622 1589 unum
645 1523 793 1608 [nomine
809 1523 1042 1610 Capha]rabra,
1066 1535 1101 1589 et
1123 1526 1310 1589 viridarium
1332 1536 1365 1590 et
1387 1534 1497 1601 terras,
1520 1527 1553 1590 in
1569 1523 1761 1611 [montanis]

86 1612 231 1695 Sarepte
255 1625 331 1677 octo
356 1624 537 1679 carrucatas
559 1623 652 1690 terre,
680 1616 713 1678 in
735 1614 862 1678 Baruch
892 1616 1019 1691 domos,
1046 1614 1182 1691 furnum,
1215 1616 1440 1680 molendinum
1464 1623 1497 1678 et
1518 1617 1705 1679 viridarium
1728 1625 1761 1679 et

86 1712 185 1766 extra
208 1703 290 1766 duas
313 1712 494 1768 carrucatas
517 1714 610 1781 terre,
635 1705 667 1767 in
693 1702 900 1768 Ptolomaida
923 1705 1041 1768 domos
1065 1704 1154 1779 duas,
1186 1705 1274 1767 etin
1298 1700 1491 1789 [montanis]
1523 1705 1630 1768 casale
1660 1725 1760 1768 unum

86 1793 224 1856 nomine
239 1792 384 1868 Cassera,
404 1794 437 1856 ln
453 1783 615 1858 territorio
632 1788 841 1880 [Cesa]riensi
857 1794 963 1856 casale
979 1813 1079 1856 unum
1095 1789 1251 1878 [nomine]
1267 1793 1426 1868 Bethalla,
1449 1804 1482 1857 et
1497 1794 1581 1857 Infra
1596 1795 1760 1859 civitatem

85 1880 228 1944 domum
251 1902 359 1962 unam,
381 1893 415 1946 et
430 1883 521 1946 iuxta
535 1884 621 1945 viam
646 1904 710 1965 que
734 1883 824 1946 ducit
839 1883 882 1946 ad
906 1883 1034 1955 flumen,
1059 1882 1165 1945 casale
1186 1877 1298 1967 [unum
1314 1879 1416 1970 quod]
1438 1884 1555 1947 dicitur
1569 1883 1760 1959 Meschium,

84 1979 119 2033 et
141 1978 235 2034 trans
257 1969 377 2034 flumen
403 1967 574 2058 [Iordanis]
599 1971 705 2035 casale
727 1993 827 2035 unum
852 1973 942 2054 quod
967 1973 1084 2034 dicitur
1099 1972 1256 2048 ‘Bethura
1289 1973 1321 2035 in
1353 1983 1438 2036 terra
1468 1972 1598 2055 ligionis
1622 1984 1762 2055 quatuor

85 2054 298 2144 [carrucatas]
321 2071 405 2124 terre
428 2071 462 2124 et
485 2063 603 2124 domos
627 2062 659 2124 in
684 2062 791 2138 casali,
822 2063 854 2124 in
877 2062 1040 2124 territorio
1062 2061 1188 2123 Toroni
1212 2061 1318 2125 casale
1341 2083 1440 2125 unam
1472 2063 1605 2126 nomine
1629 2062 1759 2138 Corath,

86 2150 120 2211 in
150 2150 314 2212 territorio
346 2145 566 2236 [Tyberia]dis
597 2151 704 2214 casale
734 2171 833 2213 unum
866 2151 956 2232 quod
988 2150 1106 2214 dicitur
1128 2145 1324 2234 Cas[rielme‚
1359 2147 1403 2237 in]
1432 2162 1517 2214 terra
1540 2152 1630 2216 Sueti
1654 2153 1761 2215 casale

84 2258 187 2301 unum
213 2239 303 2319 quod
334 2240 452 2302 dicitur
474 2239 640 2316 Zebezeb,
671 2250 705 2304 et
736 2240 824 2302 aliud
856 2241 946 2322 quod
978 2239 1095 2302 dicitur
1122 2249 1254 2302 sanctus
1285 2239 1445 2322 Georgius
1474 2241 1516 2303 de
1541 2240 1696 2317 Chaman,
1727 2251 1761 2304 et

83 2321 187 2477 [aliud
212 2327 304 2409 quod
327 2325 455 2414 dicitur]
479 2340 610 2392 sanctus
625 2329 686 2392 Iob
703 2349 778 2392 cum
794 2329 947 2392 omnibus
962 2329 1171 2410 pertinenciis
1187 2349 1308 2404 eorum,
1333 2340 1366 2393 et
1381 2330 1488 2392 casale
1505 2329 1595 2412 quod
1611 2327 1743 2413 [dicitur

111 2435 233 2492 uesme,
264 2417 297 2479 in
319 2419 481 2482 territorio
505 2418 575 2483 Gor
597 2419 704 2482 casale
727 2419 860 2481 nomine
883 2414 1017 2502 [Iarraz,
1050 2419 1082 2481 in
1113 2418 1219 2481 casale
1242 2418 1361 2481 luberti
1395 2420 1436 2482 de
1460 2417 1566 2482 Pazeo
1600 2420 1744 2502 qulnque

83 2517 270 2569 carrucatas
292 2516 376 2570 terre
399 2517 433 2570 et
455 2508 620 2585 olivetum,
644 2519 677 2571 et
699 2508 782 2570 Infra
805 2508 911 2570 casale
935 2506 1070 2570 domum
1086 2526 1184 2570 unam
1204 2502 1249 2593 [et
1272 2503 1375 2592 extra]
1399 2517 1513 2583 ortum,
1539 2509 1572 2571 in
1595 2509 1757 2572 territorio

83 2594 165 2675 Tyri
182 2596 290 2658 casale
302 2617 403 2659 unum
425 2599 558 2660 nomine
573 2597 742 2672 Bethsella,
767 2607 800 2660 et
816 2593 932 2679 [aliud]
949 2597 1081 2659 nomine
1096 2592 1286 2682 [Sardanas]
1304 2606 1337 2659 et
1352 2597 1434 2659 inira
1451 2598 1616 2660 clvitatem
1632 2597 1759 2672 domos

81 2685 274 2748 viridarium
296 2694 331 2749 et
354 2695 468 2760 ortum,
494 2688 526 2748 in
551 2681 742 2770 [territorio]
764 2685 937 2748 Ascalonis
952 2684 1060 2748 casale
1074 2706 1175 2748 unum
1191 2687 1324 2748 nomine
1340 2687 1488 2762 Machoz,
1513 2706 1586 2749 cum
1603 2687 1756 2749 omnibus

81 2773 291 2855 pertinentiis
313 2775 379 2838 suis
401 2785 436 2838 et
457 2776 617 2838 maiorem
640 2774 896 2838 Machomeriam
928 2775 961 2837 in
992 2774 1109 2836 eadem
1140 2775 1270 2837 civitate
1301 2785 1334 2838 et
1365 2795 1465 2838 unum
1497 2775 1539 2838 de
1570 2775 1757 2839 melioribus

81 2863 252 2939 viridariis,
277 2873 310 2927 et
333 2865 449 2927 iterum
471 2873 561 2927 trans
585 2864 705 2927 flumen
728 2864 876 2927 Iordanis
900 2863 966 2926 duo
990 2863 1109 2926 casalia
1131 2863 1292 2926 Bethsura
1314 2872 1347 2926 et
1369 2859 1464 2948 La(?),
1489 2865 1522 2927 in
1546 2865 1635 2928 omni
1659 2874 1757 2946 portu

81 2963 169 3015 terre
192 2952 366 3017 Ierusalem
388 2954 458 3017 sine
481 2954 587 3017 navali
611 2951 807 3017 exhactione
830 2953 932 3016 libere
955 2953 1073 3016 intrare
1097 2962 1130 3016 et
1152 2954 1242 3016 exite
1265 2947 1362 3038 [cum]
1387 2953 1524 3016 navibus
1548 2963 1581 3016 et
1604 2953 1758 3017 omnibus

79 3043 200 3105 vestris
224 3043 320 3105 rebus
347 3052 380 3106 et
403 3044 522 3106 intrare
545 3043 577 3106 ln
601 3043 766 3107 civitatem
788 3041 1030 3105 Ptolomaidam
1062 3049 1095 3105 et
1118 3043 1206 3104 exire
1236 3062 1310 3104 cum
1333 3042 1487 3105 omnibus
1516 3042 1612 3106 rebus
1643 3043 1759 3106 vestris

80 3131 153 3194 sine
177 3131 288 3214 aliqua
310 3132 455 3195 tributali
478 3132 721 3196 consuetudine.
767 3131 855 3195 Sane
877 3131 1044 3194 novalium
1062 3129 1090 3217 ²)
1112 3141 1302 3206 vestrorum,
1335 3151 1418 3212 quos
1440 3132 1582 3213 propriis
1605 3131 1757 3195 manibus

81 3231 139 3284 aut
162 3221 348 3302 sumptibus
372 3221 487 3298 colitis,
518 3222 570 3285 vel
601 3223 644 3285 de
667 3221 871 3285 nutrimentis
893 3230 1075 3284 vestrorum
1099 3219 1287 3282 animalium
1317 3220 1359 3282 ab
1391 3221 1556 3303 episcopis
1588 3221 1658 3284 sive
1691 3222 1758 3303 epi·

80 3329 262 3392 scoporum
294 3311 448 3374 minIstris
484 3332 542 3374 seu
572 3312 614 3376 ab
646 3311 716 3374 aliis
747 3310 885 3373 ubilibet
912 3330 932 3372 a
961 3310 1058 3372 vobis
1090 3310 1235 3372 decimas
1264 3309 1350 3391 exigi
1382 3309 1602 3391 prohibemus
1659 3310 1758 3374 Inter·

81 3399 224 3462 dicimus
246 3399 360 3477 eciam,
391 3398 479 3485 neb)
500 3421 560 3482 per
581 3401 715 3465 alicuius
738 3398 965 3462 sollemnitatIs
989 3399 1197 3461 occasionem
1226 3398 1258 3460 in
1290 3399 1432 3461 cenobio
1454 3409 1564 3463 vestro
1588 3420 1671 3462 cena
1704 3399 1759 3462 vel

81 3488 260 3570 prandium
288 3488 588 3554 aIerosolimitane
618 3489 754 3553 ecclesie
784 3489 942 3570 episcopo
976 3487 1028 3550 vel
1059 3487 1182 3551 clericis
1213 3487 1377 3568 exigatur,
1409 3508 1450 3550 ne
1483 3483 1677 3574 [servorum]
1704 3488 1757 3552 dei

84 3577 180 3660 quies
201 3575 389 3642 huiusmodi
412 3580 640 3644 occasionibus
663 3573 901 3660 [per]turbetur.
932 3573 979 3639 Ut
1001 3587 1109 3640 autem
1126 3577 1158 3638 in
1175 3577 1288 3639 maiori
1306 3578 1415 3658 quiete
1430 3579 1563 3658 possitis
1586 3577 1627 3640 de
1651 3588 1760 3642 cetero

85 3667 226 3730 domiuo
249 3663 458 3750 [propensius
489 3665 672 3750 deservire]
703 3667 881 3730 adicientes
912 3667 1055 3748 presenti
1086 3666 1218 3729 decreto
1249 3667 1378 3747 penitus
1409 3666 1630 3748 prohibemus,
1662 3677 1698 3730 ut
1727 3669 1760 3730 in

84 3756 205 3819 eadem
228 3756 366 3820 ecclesia
390 3757 441 3820 dei
465 3758 630 3839 genitricis
654 3758 813 3838 episcopo
837 3755 1094 3818 lerosolimitane
1125 3754 1260 3818 ecclesie
1291 3754 1446 3818 cathedra
1476 3755 1658 3819 nullatenus
1681 3751 1761 3840 [exi-

83 3856 190 3927 gatur.
236 3841 338 3931 Nulli]
368 3846 468 3909 etiam
498 3867 558 3910 nec
581 3846 841 3910 lerosolimitano
866 3840 1047 3929 [episcopo]
1077 3845 1180 3919 liceat,
1214 3843 1385 3906 ecclesiam
1407 3852 1549 3907 vestram
1574 3840 1760 3930 [Interdicto

84 3934 256 3998 subiacere
277 3934 330 3997 vel
355 3935 465 3998 divina
488 3937 532 3998 ibi
557 3931 678 4021 officia]
702 3934 866 4008 celebrari,
890 3933 1049 3997 ullatenus
1077 3932 1252 4015 prohibere
1270 3931 1308 4018 ο).
1353 3933 1476 3996 Verum
1499 3934 1525 3996 si
1556 3954 1617 4015 pro
1649 3935 1759 4016 aliquo

85 4044 225 4086 excessu
256 4043 395 4087 comune
431 4019 661 4110 [interdictum]
701 4024 743 4086 ab
783 4023 921 4086 ecclesia
950 4022 1208 4087 lerosolimitane
1239 4017 1462 4107 [processerit,
1493 4023 1609 4085 clausis
1648 4023 1759 4099 ianuis,

86 4107 241 4197 exclusis]
265 4114 557 4176 excommunicatis
581 4123 614 4176 et
637 4112 826 4189 Interdictis,
855 4112 964 4175 divina
994 4111 1104 4174 officia
1127 4112 1292 4174 celebrare
1313 4112 1409 4174 vobis
1443 4106 1553 4196 [sedis]
1577 4111 1760 4194 apostolice

86 4202 283 4264 auctoritate
318 4203 538 4266 concedImus
584 4203 745 4266 Redditus
774 4221 871 4276 vero,
905 4201 959 4283 qui
992 4201 1034 4263 de
1065 4201 1257 4263 rusticorum
1288 4196 1480 4285 [vestrorum
1512 4221 1610 4264 censu
1639 4197 1759 4287 vestro]

85 4284 314 4376 mona[sterio]
346 4293 514 4355 constituti
545 4287 634 4376 [sunt
664 4292 716 4354 vel
747 4291 780 4353 in
811 4290 966 4364 futurum,
999 4300 1195 4372 procurante
1225 4290 1370 4366 domino,
1403 4289 1619 4368 conseruntur,
1652 4287 1760 4376 vo]bis

86 4381 234 4460 integros
257 4399 390 4444 manere
412 4401 591 4444 censemus.
636 4381 738 4443 Porro
760 4380 959 4462 sepulturam
984 4380 1130 4443 eiusdem
1154 4379 1217 4443 loci
1242 4379 1377 4442 liberam
1401 4399 1472 4442 esse
1489 4379 1700 4454 decernimus,
1724 4389 1762 4442 ut

87 4487 211 4544 eorum,
241 4469 296 4550 qui
328 4489 363 4532 se
396 4470 460 4533 illic
490 4470 618 4552 sepeliri
651 4469 914 4546 deliberaverint,
947 4469 1115 4532 devotioni
1146 4476 1179 4531 et
1208 4477 1354 4531 extreme
1375 4468 1551 4544 voluntati,
1585 4469 1644 4532 nisi
1676 4467 1760 4532 sorte

86 4553 387 4643 [exeommunicati]
411 4559 484 4632 sint,
508 4559 613 4622 nullus
637 4559 784 4622 obsistat.
830 4554 1054 4644 [Mortuorum]
1078 4567 1188 4621 autem
1215 4552 1526 4643 [parrochianorum]
1558 4557 1760 4632 elemosinas,

85 4647 128 4709 de
152 4646 272 4726 quibus
295 4648 507 4729 parrochialis
522 4648 660 4712 ecclesia
674 4667 767 4710 suam
783 4648 944 4710 iusticiam
958 4645 1116 4722 habuerit,
1140 4649 1249 4730 quiete
1265 4667 1304 4710 ac
1319 4655 1428 4729 preter
1443 4647 1577 4709 alicuius
1593 4647 1759 4710 molestias

86 4757 107 4798 a
138 4735 235 4798 vobis
265 4737 369 4818 accipi
400 4747 435 4800 et
463 4736 576 4800 haberi
609 4738 779 4801 sancimus
835 4731 967 4822 [Laicos
998 4757 1078 4800 sane
1108 4732 1239 4821 liberos]
1278 4756 1335 4800 seu
1368 4736 1502 4800 clericos
1543 4735 1758 4818 irregulariter

84 4825 234 4888 viventes
258 4826 300 4888 ad
330 4827 578 4890 conversionem
602 4827 766 4908 suscipere
797 4825 915 4888 nullius
945 4827 1102 4908 episcopi,
1126 4821 1298 4910 [propositi
1321 4819 1392 4911 seu]
1417 4824 1589 4890 cuiuslibet
1618 4825 1759 4889 hominis

86 4913 304 4977 contradictio
327 4935 388 4977 vos
411 4915 567 4980 inhibeat.
600 4915 815 4978 Decemimus
837 4934 926 4996 erg0,
949 4925 986 4977 ut
1008 4914 1085 4977 nulli
1109 4915 1245 4978 omnino
1269 4912 1439 4978 hominum
1462 4914 1566 4988 liceat,
1595 4915 1759 4997 prefatum

87 5004 323 5065 monasterium
339 5012 462 5067 temere
478 5005 670 5087 perturbare
683 5013 739 5067 aut
755 4999 835 5088 [eius
850 4999 1086 5090 possessiones]
1101 5004 1226 5067 auferre
1241 5005 1293 5066 vel
1309 5003 1436 5066 ablatas
1452 5004 1598 5080 retinere,
1615 5005 1760 5068 miuuere

86 5112 143 5154 seu
168 5091 371 5172 quibuslibet
393 5093 549 5157 molestiis
576 5094 721 5175 fatigare,
745 5093 804 5155 sed
828 5092 953 5156 illibata
976 5095 1087 5155 omnia
1109 5103 1143 5156 et
1166 5094 1292 5174 integra
1307 5102 1538 5155 conserventur
1552 5113 1674 5168 eorum,
1698 5114 1760 5175 pro

87 5175 252 5266 [quorum]
267 5182 511 5262 gubemacione
527 5203 566 5246 ac
581 5183 847 5246 substentacIone
863 5201 1018 5244 concessa
1033 5191 1116 5258 sunt,
1133 5181 1244 5244 usibus
1267 5182 1419 5244 omnibus
1435 5182 1646 5263 profuturam,
1671 5182 1762 5246 salva

86 5269 175 5332 sedis
206 5271 389 5351 apostolice
421 5273 623 5336 auctoritate.
674 5270 732 5334 Ad
761 5272 917 5335 indicium
950 5265 1071 5355 [autern
1101 5266 1205 5356 huius]
1234 5279 1391 5352 percepte
1421 5291 1441 5334 a
1470 5273 1548 5334 sede
1579 5272 1760 5354 apostolica

86 5353 274 5446 [libertatis]
299 5360 396 5423 nobis
419 5361 604 5442 nostrisque
627 5361 867 5424 successoribus
890 5359 958 5422 auri
981 5361 1110 5423 unciam
1132 5361 1226 5424 annis
1248 5360 1382 5442 singulis
1397 5361 1598 5442 persolvetis.
1644 5361 1762 5443 Siqua

87 5449 215 5530 igitur.
240 5498 246 5513 .
272 5497 279 5512 .
303 5447 436 5514 Cunctis
459 5459 569 5514 autem
593 5499 600 5513 .
627 5499 633 5513 .
659 5499 665 5513 .
690 5444 877 5533 in[veniant.
916 5447 1037 5512 Amen.
1060 5449 1179 5512 Arnen.
1202 5445 1335 5536 Amen]

87 5609 163 5616 .........
167 5608 513 5620 —————-----———..

245 5669 272 5724 a]
300 5667 396 5718 Wieder
410 5669 455 5718 wie
472 5672 515 5731 D,
534 5671 592 5720 doch
609 5670 723 5719 laborum
741 5676 799 5719 stau
815 5671 940 5721 novalium
1012 5668 1039 5731 b)
1057 5683 1106 5716 von
1123 5665 1175 5718 hier
1190 5684 1224 5717 nn
1241 5665 1328 5717 under
1337 5667 1490 5720 abtveichend
1504 5667 1539 5718 bei
1549 5670 1584 5720 D.
1656 5672 1681 5732 c)
1699 5669 1760 5719 thn-

83 5741 142 5790 lidre
160 5739 335 5806 Bestimmung
350 5742 387 5790 bei
404 5742 450 5801 D,
468 5759 494 5791 so
512 5742 580 5792 mehr
596 5743 654 5792 oder
668 5742 774 5808 corniger
789 5742 898 5790 w'o'rtliclr
915 5739 978 5790 auch
988 5741 1084 5805 semer.
