4126 6366
309 335 374 413 326

309 525 351 587 de
374 525 476 595 terris,
500 523 542 585 ad
565 523 613 586 ius
636 525 685 586 sui
711 527 922 608 episcopatus
938 525 1186 607 pertinentibus
1209 525 1345 589 fratrum
1363 545 1495 589 suorum
1513 525 1655 590 concilio
1676 527 1704 604 ³)
1720 527 1817 591 vobis
1833 529 1991 590 concessit

310 622 343 676 et
366 615 489 693 scripto
514 615 648 694 proprio
673 615 848 678 roboravit.
895 613 1044 678 Confinia
1068 634 1211 695 quoque,
1243 634 1308 695 que
1332 616 1499 697 predictus
1522 614 1725 679 Pelavicinus
1757 614 1902 680 marchio
1931 637 1992 679 una

309 724 382 766 cum
408 722 511 765 uxore
533 723 592 764 sua
615 703 658 765 de
681 707 774 767 terris
807 706 856 767 sui
889 705 965 766 iuris
989 724 1050 784 pro
1081 705 1227 766 remedio
1258 707 1437 768 animarum
1469 725 1600 768 suarum
1632 705 1760 786 prefato
1793 707 1991 769 monasterio

310 793 352 855 de
375 789 538 856 Columba
562 800 793 856 concesserunt
832 801 865 856 et
888 794 955 856 suis
979 795 1121 875 propriis
1147 793 1294 856 manibus
1319 802 1499 877 posuerunt
1529 801 1562 882 et
1591 796 1703 876 scripti
1735 795 1785 858 sui
1818 795 1991 860 munimine

310 880 552 954 confirmarunt,
584 901 643 943 nos
668 902 802 964 quoqne
825 885 1020 945 auctoritate
1043 883 1227 964 apostolica
1250 884 1444 946 roboramus
1468 891 1524 972 et,5
1542 903 1583 946 ne
1616 885 1687 963 quis
1719 903 1757 946 ea
1790 892 1916 948 mutare
1940 883 1988 948 vel

308 970 482 1033 transferre
506 980 682 1052 presumat,
706 971 929 1054 prohibemus
953 971 1104 1035 videlicet
1127 973 1211 1034 sicut
1234 975 1321 1035 rivus
1344 974 1387 1035 de
1404 973 1560 1036 Pontiore
1583 975 1708 1046 transit,
1731 993 1837 1054 usque
1857 975 1989 1036 inviam

310 1080 374 1144 quq
397 1059 488 1121 vadit
511 1061 553 1122 ad
578 1056 720 1135 Seolum,
752 1071 786 1124 et
808 1064 892 1124 sicut
916 1061 985 1143 ipsa
1009 1060 1150 1124 confinia
1181 1062 1288 1144 posita
1321 1071 1395 1124 sunt
1432 1063 1575 1145 desuper
1612 1061 1789 1126 salecetum
1822 1063 1990 1143 usquead

309 1151 396 1211 viam
420 1167 483 1234 que
508 1149 598 1210 vadit
621 1151 663 1212 ad
688 1148 930 1224 Castellionem,
954 1159 987 1213 et
1010 1151 1092 1214 sicut
1120 1151 1236 1213 eadem
1254 1152 1312 1214 ‘via
1334 1151 1425 1214 vadit
1458 1154 1601 1233 desuper
1624 1150 1738 1215 Canda
1768 1153 1812 1215 de
1834 1152 1990 1216 Luxerdo

310 1257 413 1320 usque
436 1239 467 1300 in
492 1237 593 1300 rivum
610 1234 792 1324 (Veterem)
816 1237 847 1324 ¹),
872 1247 905 1302 et
927 1240 1009 1302 sicut
1033 1241 1102 1321 ipse
1127 1233 1213 1302 rivus
1230 1240 1320 1303 vadit
1336 1241 1498 1322 usquead
1516 1241 1711 1317 Budracum,
1735 1249 1769 1304 et
1783 1243 1868 1304 sicut
1884 1243 1989 1324 ipsum

310 1328 497 1391 Budracum
521 1328 610 1389 vadit
634 1347 737 1408 usque
761 1329 803 1391 ad
828 1325 1006 1414 canale(m)
1024 1330 1066 1392 de
1082 1329 1320 1412 Bergundione,
1343 1339 1378 1393 et
1401 1332 1484 1392 sicut
1508 1332 1616 1412 ipsum
1640 1330 1752 1394 canale
1774 1331 1865 1394 vadit
1888 1349 1990 1413 usque

311 1417 352 1480 ad
377 1417 497 1479 clusam
523 1416 669 1480 eiusdem
687 1418 935 1500 Bergundionis,
958 1427 992 1481 et
1015 1419 1097 1481 sicut
1121 1421 1205 1482 rivus
1228 1420 1271 1482 de
1287 1419 1482 1482 Frasseneto
1505 1419 1597 1482 vadit
1620 1420 1663 1482 ab
1685 1419 1757 1502 ipsa
1772 1419 1863 1489 clusa
1887 1439 1990 1501 usque

311 1507 353 1569 ad
378 1507 561 1590 predictum
587 1506 694 1570 locum
719 1508 761 1570 de
782 1507 942 1570 Pontiore.
988 1505 1075 1571 Sane
1098 1508 1248 1571 laborum
1271 1516 1464 1583 vestrorum,
1488 1528 1572 1589 quos
1596 1510 1738 1591 propriis
1762 1510 1914 1572 manibus
1938 1517 1992 1572 aut

312 1597 497 1678 sumptibus
528 1595 649 1670 colitis,
687 1599 755 1659 sive
786 1597 828 1659 de
862 1599 1069 1660 nutrimentis
1097 1596 1282 1660 animalium
1315 1606 1498 1661 vestrorum
1533 1597 1637 1660 nullus
1667 1619 1686 1660 a
1717 1598 1813 1660 vobis
1845 1599 1990 1662 decimas

312 1688 444 1768 exigere
467 1684 519 1748 vel
548 1694 745 1766 extorquere
778 1694 953 1768 presumat.
998 1686 1113 1750 Liceat
1145 1705 1278 1768 quoque
1308 1686 1419 1761 vobis,
1453 1686 1588 1750 clericos
1615 1686 1668 1748 vel
1700 1687 1800 1752 laicos
1831 1707 1849 1750 e
1880 1688 1989 1751 seculo

312 1775 479 1857 fugientes,
503 1774 623 1837 liberos
647 1784 679 1839 et
703 1775 883 1850 absolutos,
914 1776 956 1838 ad
981 1777 1227 1838 conversionem
1254 1777 1400 1857 recipere
1432 1784 1546 1839 et·eos
1569 1776 1697 1858 absque
1729 1778 1991 1840 contradictione

313 1865 422 1945 aliqua
445 1865 590 1927 retinere.
636 1865 852 1928 Prohibemus
873 1867 1013 1948 insuper,
1041 1873 1076 1928 ut
1099 1863 1176 1927 nulli
1199 1864 1335 1927 fratrum
1360 1873 1542 1929 vestrorum
1567 1873 1646 1948 post
1669 1864 1791 1928 factam
1816 1866 1990 1930 intendem

313 1955 550 2037 professionem
576 1953 624 2015 sas
647 1957 690 2015 sit
712 1954 838 2035 absque
861 1955 989 2017 abbatis
1012 1955 1061 2016 sui
1083 1953 1220 2018 licencia
1242 1955 1285 2017 de
1302 1954 1421 2017 eodem
1443 1955 1631 2032 discedere;
1671 1955 1899 2018 discedentem
1914 1975 1990 2018 vero

312 2045 439 2126 absque
462 2045 684 2106 communium
709 2043 887 2106 litterarum
912 2046 1063 2107 cautione
1087 2042 1191 2107 nullus
1215 2044 1335 2108 audeat
1357 2045 1504 2107 retinere.
1550 2042 1633 2106 Illud
1649 2043 1783 2126 insuper
1799 2046 1992 2108 auctoritate

313 2133 495 2216 apostolica
518 2131 741 2214 prohibemus,
772 2141 807 2195 ut
837 2132 919 2196 infra
949 2133 1118 2196 dimidium
1151 2128 1347 2218 milia[rium]
1372 2153 1479 2216 prope
1502 2135 1652 2215 grangias
1675 2130 1801 2196 vestras
1831 2134 1875 2197 de
1906 2139 1990 2197 novd

314 2223 398 2287 nulla
429 2221 622 2285 secularium
655 2221 814 2284 habitatio
843 2221 915 2296 fiat,
948 2218 1003 2307 dle
1035 2242 1099 2302 qua
1127 2219 1234 2308 vobis]
1266 2222 1393 2286 debeat
1420 2230 1548 2286 servate
1578 2221 1736 2285 hactenus
1767 2221 1929 2286 libertatis
1960 2231 1991 2286 et

313 2310 428 2400 plalcis
461 2311 594 2390 aliquod
626 2313 835 2394 preiuditium
866 2313 1023 2394 generari.
1077 2311 1151 2374 Paci
1189 2305 1346 2396 [quoique
1385 2320 1418 2374 et
1455 2310 1678 2391 tranquillitati
1709 2319 1817 2398 vestre
1856 2321 1990 2394 paterna

313 2402 532 2465 sollicitudine
563 2402 737 2482 providere
768 2400 929 2476 volentes,
961 2403 1155 2464 auctoritate
1187 2400 1373 2482 apostolica
1404 2401 1633 2484 prohibemus,
1666 2409 1701 2463 ut
1723 2401 1803 2464 inira
1827 2401 1990 2466 clausuras

313 2491 462 2555 locorum
486 2510 543 2553 seu
567 2494 773 2572 grangiarum
797 2499 976 2552 vestrarum
1001 2490 1104 2553 nullus
1128 2490 1315 2553 violentiam
1333 2490 1384 2553 vel
1401 2491 1546 2574 rapinam
1563 2509 1621 2552 seu
1636 2491 1757 2553 lurtum
1775 2493 1989 2566 committere,

314 2585 422 2664 ignem
447 2598 623 2662 apponere,
647 2579 815 2642 hominem
839 2587 956 2662 capere
973 2579 1024 2642 vel
1041 2579 1221 2643 interficere
1236 2578 1345 2661 aliqua
1360 2581 1546 2643 temeritate
1563 2590 1739 2661 presumat.
1777 2579 1989 2644 Decernimus

314 2691 402 2752 ergo,
428 2680 462 2731 ut
485 2668 559 2731 nulli
584 2671 717 2731 omnino
742 2667 909 2730 hominum
934 2669 983 2731 fas
1006 2671 1059 2742 sit,
1091 2669 1256 2751 prefatum
1282 2671 1515 2732 monasterium
1549 2677 1673 2731 temere
1705 2669 1991 2751 perturbare...

316 2760 510 2823 omnimodis
542 2757 730 2840 profutura,
770 2757 859 2820 salva
889 2759 977 2820 sedis
1009 2757 1192 2840 apostolice
1223 2760 1427 2822 auctoritate.
1481 2755 1517 2821 Si
1548 2778 1613 2838 qua
1646 2758 1772 2840 igitur.
1799 2807 1806 2820 .
1830 2807 1837 2821 .
1862 2757 1991 2824 Cunctis

314 2857 432 2912 autem.
458 2900 463 2913 .
488 2899 494 2912 .
519 2850 691 2910 inveniant.
739 2845 859 2909 Amen.
884 2845 1014 2910 Amen.
1491 2904 1496 2915 ,

527 2933 582 3021 (R)
606 2936 678 3018 Ego
702 2934 856 2999 Urbanus
880 2934 1042 2999 catholice
1066 2935 1202 3000 ecclesie
1227 2937 1404 3018 episcopus
1427 2955 1470 2998 ss.
1495 2930 1557 3020 (M)

527 3029 548 3104 's
571 3025 643 3106 Ego
667 3025 857 3090 Theodinus
880 3026 1065 3089 Portuensis
1089 3033 1122 3088 et
1145 3033 1258 3088 sancte
1281 3024 1397 3088 Rufine
1420 3026 1507 3087 sedis
1531 3025 1709 3107 episcopus
1731 3045 1773 3088 ss.

529 3114 549 3198 †
572 3113 645 3195 Ego
670 3115 830 3178 Henricus
854 3114 1053 3178 Albanensis
1077 3118 1253 3198 episcopus
1277 3135 1318 3178 ss

529 3202 549 3286 †
574 3202 646 3286 Ego
670 3203 884 3268 Theobaldus
908 3205 1095 3267 Hostiensis
1120 3213 1152 3266 et
1175 3202 1386 3267 Velletrensis
1410 3203 1587 3284 episcopus
1611 3221 1652 3265 ss.

529 3329 573 3339 —
596 3291 616 3375 †
640 3293 712 3376 Ego
736 3291 896 3356 lohannes
920 3294 1083 3374 presbiter
1107 3293 1279 3356 cardinalis
1301 3293 1348 3355 tit.
1371 3294 1476 3354 sancti
1500 3291 1603 3354 Marci
1627 3311 1667 3353 ss.

530 3380 550 3465 †
573 3380 647 3464 Ego
669 3383 840 3446 Laborans
864 3383 1025 3466 presbiter
1049 3383 1221 3446 cardinalis
1244 3391 1356 3445 sancte
1375 3381 1480 3444 Marie
1503 3380 1721 3444 transtiberim
1745 3381 1792 3443 tit
1810 3380 1927 3445 Calixti
1949 3400 1986 3443 ss.

530 3470 550 3554 †
575 3469 647 3552 Ego
670 3470 847 3535 Pandullus
871 3473 1035 3555 presbiter
1058 3473 1228 3535 cardinalis
1251 3472 1299 3535 tit.
1322 3484 1373 3534 xli
1396 3469 1639 3552 Apostolorum
1662 3489 1704 3531 ss

530 3563 550 3638 †
573 3560 646 3642 Ego
670 3560 813 3624 Albinus
837 3562 885 3624 tit.
908 3571 1021 3625 sancte
1046 3562 1157 3627 Crucis
1181 3563 1213 3624 in
1236 3559 1410 3624 Ierusalem
1435 3559 1597 3641 presbiter
1621 3557 1792 3622 cardinalis
1815 3579 1857 3622 ss.

529 3652 550 3730 †
573 3647 646 3732 Ego
671 3649 788 3713 Melior
811 3653 858 3712 tit
882 3659 1070 3713 sanctorum
1095 3649 1246 3714 iohannis
1270 3659 1303 3714 et
1325 3649 1414 3712 Pauli
1439 3648 1602 3730 presbiter
1624 3647 1797 3711 cardinalis
1820 3667 1863 3711 ss.

522 3736 566 3823 (†)
590 3739 663 3822 Ego
687 3737 873 3802 Adelardus
897 3741 944 3803 tit.
969 3742 1073 3803 sancti
1099 3740 1244 3804 Marcelli
1267 3739 1430 3822 presbiter
1452 3738 1626 3802 cardinalis
1648 3759 1690 3801 ss.

530 3865 573 3874 —-
595 3829 616 3907 †
640 3829 712 3910 Ego
736 3829 873 3892 Ardicio
897 3829 1054 3893 diaconus
1078 3829 1249 3892 cardinalis
1272 3829 1377 3891 sancti
1401 3825 1572 3890 Theodori
1596 3847 1637 3888 ss.

529 3917 549 3999 †
572 3918 646 3998 Ego
671 3916 845 3980 Gratianus
868 3927 1055 3982 sanctorum
1079 3918 1200 3983 Cosme
1223 3927 1256 3980 et
1279 3918 1431 3980 Damiani
1454 3918 1614 3979 diaconus
1638 3915 1810 3980 cardinalis
1833 3935 1875 3978 ss.

529 4008 550 4086 †
573 4007 646 4088 Ego
669 4006 840 4071 Suffredus
862 4017 975 4070 sancte
998 4008 1100 4071 Marie
1123 4009 1155 4071 in
1179 4006 1243 4070 Via
1264 4006 1331 4070 lata
1354 4007 1510 4070 diaconus
1533 4005 1703 4069 cardinalis
1726 4026 1768 4068 ss.

531 4094 551 4178 †
574 4097 648 4177 Ego
671 4096 840 4158 Rolandus
864 4107 976 4160 sancte
1000 4098 1103 4160 Marie
1127 4098 1159 4160 in
1182 4097 1312 4160 Porticu
1338 4097 1495 4159 diaconus
1518 4096 1692 4159 cardinalis
1715 4117 1756 4159 ss.

529 4182 549 4267 †
571 4185 645 4266 Ego
668 4185 781 4248 Petrus
803 4187 906 4250 sancti
930 4185 1082 4249 Nicholai
1106 4188 1138 4250 in
1163 4206 1291 4249 carcere
1314 4185 1466 4249 Tulliano
1492 4185 1650 4248 diaconus
1674 4183 1847 4248 cardinalis
1871 4203 1911 4246 ss.

528 4272 548 4354 †
572 4274 644 4354 Ego
670 4273 828 4338 Radulius
851 4277 955 4338 sancti
973 4274 1106 4358 Georgii
1131 4276 1172 4338 ad
1190 4274 1310 4338 Velum
1334 4294 1467 4338 aureum
1493 4273 1650 4337 diaconus
1674 4273 1847 4337 cardinalis
1871 4291 1912 4333 ss.

476 4360 553 4425 Dat.
580 4361 719 4441 Verone,
744 4384 803 4446 per
826 4385 958 4428 manum
982 4365 1189 4439 Trasmundi,
1213 4372 1325 4427 sancte
1348 4363 1498 4427 Romane
1523 4361 1663 4426 ecclesie
1686 4364 1815 4427 notarii.
1860 4375 1886 4424 ΙΙ
1908 4357 1987 4422 Non.

316 4448 463 4512 Ianuarii.
517 4452 699 4515 indictione
731 4467 790 4517 1111.
846 4454 1078 4518 lncamationis
1116 4455 1281 4518 dominice
1317 4473 1403 4516 anno
1436 4463 1619 4516 Mchxlw.
1673 4451 1887 4516 Pontificatns
1918 4468 1988 4511 vero

316 4537 431 4602 domni
454 4539 594 4603 URBAM
619 4563 665 4624 pp
688 4556 727 4606 111
751 4563 837 4606 anno
861 4545 977 4625 primo.
1196 4541 1197 4544 '

482 4655 532 4706 Van
549 4657 595 4705 den
612 4657 766 4707 Kardinir'len
785 4659 872 4708 Petms
896 4659 932 4718 (S.
955 4659 1037 4709 cecilie
1049 4661 1115 4724 pbr.)
1132 4657 1189 4708 und
1204 4657 1329 4722 Soffredus
1347 4656 1384 4718 (S.
1405 4654 1484 4704 Mara
1501 4653 1528 4704 in
1552 4653 1599 4703 Via
1617 4656 1669 4703 lata
1692 4653 1767 4716 diac.)
1784 4653 1931 4720 beglarsbr'gre
1946 4651 1988 4701 Ab·

315 4727 410 4789 schrift,
430 4726 457 4776 in
474 4727 519 4776 der
535 4729 663 4778 Biblrbteca
682 4732 755 4779 lt'eale
772 4747 803 4779 ru
823 4731 923 4780 Parma.

476 4799 524 4848 Die
542 4801 623 4865 Siegel
635 4802 711 4851 haben
729 4819 763 4851 an
785 4801 1025 4867 Pergammtstreifen
1039 4803 1173 4866 gehangen,
1199 4801 1285 4850 welche
1302 4799 1381 4848 durch
1398 4800 1414 4846 2
1433 4797 1583 4848 Einscbm'tte
1599 4798 1632 4846 im
1653 4796 1800 4862 Pergameo(
1815 4796 1861 4845 der
1881 4793 1989 4845 trasmae

313 4870 413 4935 girrgrn,
432 4869 464 4918 sie
481 4871 540 4921 sind
554 4873 612 4921 aber
627 4873 672 4922 mit
690 4875 736 4922 den
755 4873 861 4934 Sareisen
878 4875 995 4922 uerloren.
1028 4873 1076 4922 Die
1097 4873 1298 4938 Ualerfertrgung
1314 4872 1403 4920 laum:
1420 4870 1478 4934 Ego
1498 4871 1584 4918 Petrus
1601 4874 1619 4919 t.
1638 4884 1690 4918 sce.
1711 4867 1807 4918 Ceciiie
1825 4883 1852 4932 p.
1871 4883 1893 4918 c.
1912 4873 1987 4916 auteu-

317 4942 392 4991 ticum
411 4940 482 4992 huius
501 4945 689 4994 instmmentum
708 4944 767 5008 vidi,
787 4946 812 4993 in
831 4960 880 5010 quo
899 4945 976 4993 nichil
994 4945 1050 5008 plus
1069 4945 1110 4992 vel
1128 4946 1217 5005 minus,
1236 4958 1311 5007 quarn
1330 4941 1355 4990 in
1373 4942 1421 4990 isto
1434 4940 1606 4990 continebatur
1625 4947 1657 5002 et,
1681 4946 1707 4990 ut
1724 4940 1772 5005 ipsi
1791 4938 1856 4989 fides
1868 4939 1986 4994 habeatnr,

316 5029 399 5063 meum
414 5014 524 5078 sigillum
538 5017 658 5080 apposui;
680 5016 760 5064 chorso
778 5016 815 5064 die
833 5015 947 5083 Soffredq
965 5032 1017 5065 nur
1033 5016 1078 5065 mr't
1094 5017 1208 5065 auderem
1227 5015 1323 5064 Numen
1340 5013 1396 5062 und
1416 5013 1495 5072 Tilel‚·
1521 5011 1584 5061 bade
1607 5012 1717 5062 schemen
1735 5027 1783 5062 von
1799 5011 1903 5078 gleicher
1918 5007 1988 5059 Hand

317 5086 373 5134 und
389 5085 464 5135 Dinte
481 5088 634 5151 gesrhrieben
651 5104 681 5136 su
699 5087 758 5136 sein.

478 5372 504 5444 a)
523 5379 547 5421 et
567 5371 627 5424 filiu.
647 5411 699 5418 -
720 5371 756 5439 ,1)
781 5371 857 5436 Vergl.
878 5370 915 5419 die
936 5369 1054 5419 Urkunde
1072 5369 1216 5418 Anastasius
1235 5369 1279 5417 IV.
