4126 6366
1677 316 1741 378 309

63 487 127 550 loci
152 487 224 550 eius
247 488 394 551 ministro
418 486 555 550 facultas
583 487 634 562 sit,
667 487 804 550 ecclesie
826 488 916 550 bona
938 488 971 551 in
996 487 1128 551 feudum
1152 486 1308 550 militibus
1330 487 1382 550 vel
1406 485 1570 568 aliquibus
1592 488 1742 568 personis

61 576 267 640 secularibus
290 576 457 658 impertiri.
501 575 601 640 Unde
633 587 740 639 autem
774 577 806 639 in
834 597 926 641 sacre
948 577 1113 659 religionis
1137 577 1365 640 observatione
1390 577 1490 658 quieti
1514 587 1547 639 et
1570 577 1673 639 seduli
1698 576 1740 639 ab

63 667 155 729 omni
190 667 356 729 mundane
379 667 603 747 oppressionis
625 667 814 746 gravamine
842 668 1009 742 maneatis,
1043 667 1120 729 nulli
1152 667 1214 742 alii,
1246 667 1305 728 nisi
1329 664 1480 730 Romane
1503 676 1536 729 et
1558 665 1741 748 apostolice

61 755 145 829 sedi,
169 757 261 818 cuius
284 755 360 818 iuris
382 756 468 831 estis,
502 754 612 836 aliqua
634 756 810 818 teneamini
842 757 1016 819 occasione
1038 756 1185 818 subiecti.
1230 754 1288 818 Ad
1312 755 1461 818 inditium
1492 765 1618 830 autem,
1650 755 1740 836 quod

62 845 182 907 eadem
215 845 353 909 ecclesia
385 844 571 927 specialiter
600 844 689 907 beati
711 844 797 908 Petri
829 845 905 908 iuris
936 845 1056 920 existit,
1087 844 1264 907 duodecim
1295 844 1446 907 denarios
1476 844 1741 907 Mediolanenses

62 935 163 998 nobis
193 935 379 1016 nostrisque
408 933 650 997 successoribus
680 935 773 996 annis
802 934 936 1017 singulis
968 934 1169 1016 persolvetis.
1220 934 1435 996 Decemimus
1467 953 1561 1015 ergo,
1597 941 1633 996 ut
1661 931 1739 996 nulli

62 1024 201 1087 omnino
231 1022 403 1087 hominum
431 1022 546 1098 liceat,
576 1022 739 1103 prefatam
768 1022 940 1087 ecclesiam
970 1070 976 1084 .
1002 1022 1174 1086 ..usibus
1205 1023 1405 1085 omnimodis
1434 1021 1619 1105 profutura,
1651 1023 1741 1086 salva

62 1113 153 1178 sedis
184 1112 368 1196 apostolice
397 1112 599 1175 auctoritate.
646 1108 681 1174 Si
711 1133 777 1195 qua
799 1113 896 1194 igitur
919 1163 925 1177 .
951 1162 957 1176 .
982 1159 989 1173 .
1014 1111 1147 1175 Cunctis
1171 1123 1279 1175 autem
1303 1158 1310 1172 .
1334 1158 1342 1175 .
1367 1161 1373 1175 .
1398 1112 1572 1175 inveniant
1618 1110 1738 1176 Amen.

279 1199 335 1287 (R)
357 1202 431 1283 Ego
453 1201 574 1264 Lucius
597 1201 759 1265 catholice
782 1202 919 1266 ecclesie
943 1206 1118 1284 episcopus
1141 1223 1181 1264 ss.
1204 1197 1266 1286 (M)

279 1291 300 1373 †
321 1293 395 1374 Ego
418 1289 610 1354 Tbeodinus
633 1292 818 1356 Portuensis
841 1303 875 1356 et
897 1301 1009 1356 sancte
1033 1291 1152 1356 Rufine
1174 1293 1262 1356 sedis
1285 1292 1461 1374 episcopus
1484 1314 1524 1356 ss.

280 1378 300 1462 †
323 1381 397 1462 Ego
421 1381 581 1443 Henricus
603 1379 804 1445 Albanensis
827 1381 1001 1464 episcopus
1023 1403 1063 1446 ss.

279 1472 300 1549 †
323 1469 397 1552 Ego
420 1469 583 1534 lohannes
606 1471 768 1553 presbiter
790 1472 963 1535 cardinalis
986 1473 1035 1536 tit.
1058 1471 1161 1534 sancti
1187 1470 1290 1533 Marci
1313 1490 1354 1532 ss.

278 1557 395 1640 †=Ego
418 1559 530 1622 Petrus
553 1560 716 1642 presbiter
738 1561 911 1624 cardinalis
934 1561 980 1624 tit.
1003 1571 1115 1624 sancte
1139 1559 1287 1624 Susanne
1310 1580 1353 1622 ss.

279 1646 300 1726 †
322 1648 396 1730 Ego
418 1645 578 1712 Vivianus
600 1649 649 1712 tit.
671 1651 775 1712 sancti
799 1650 959 1733 Stephani
987 1652 1020 1713 in
1043 1648 1135 1714 Celio
1160 1658 1273 1712 monte
1296 1669 1337 1711 ss.

278 1734 300 1817 †
321 1736 394 1819 Ego
418 1736 590 1801 Laborans
612 1739 775 1821 presbiter
797 1741 969 1803 cardinalis
990 1747 1102 1801 sancte
1125 1737 1228 1801 Marie
1251 1737 1470 1800 transtiberim
1493 1739 1540 1800 tit.
1557 1736 1675 1801 Calixti
1697 1759 1738 1800 ss,

278 1828 299 1905 †
321 1827 395 1908 Ego
418 1826 595 1890 Pandulsus
619 1828 779 1909 presbiter
802 1829 972 1892 cardinalis
994 1830 1044 1903 tit.
1068 1828 1201 1891 basilice
1224 1841 1275 1890 ΧΠ
1297 1825 1538 1909 Apostolorum
1561 1847 1601 1889 ss.

279 1913 300 2000 †
323 1915 396 1997 Ego
419 1914 561 1979 lacintus
586 1917 742 1980 diaconus
765 1919 937 1981 cardinalis
960 1925 1071 1980 sancte
1095 1917 1198 1980 Marie
1220 1917 1253 1978 in
1277 1915 1459 1998 Cosmidyn
1482 1937 1522 1979 ss.

278 2003 300 2083 †
322 2003 396 2087 Ego
419 2004 593 2069 Gratianus
616 2017 803 2070 sanctorum
826 2007 947 2072 Cosme
971 2017 1004 2070 et
1026 2005 1178 2069 Damiani
1204 2006 1361 2070 diaconus
1384 2004 1555 2068 cardinalis
1578 2025 1620 2068 ss.

279 2095 300 2173 †
322 2093 396 2176 Ego
413 2095 614 2159 Octavianus
639 2095 793 2159 diaconus
817 2097 991 2161 cardinalis
1013 2106 1201 2159 sanctorum
1224 2094 1327 2177 Sergii
1352 2101 1385 2157 et
1407 2093 1510 2158 Bachi
1532 2113 1575 2157 ss.

280 2180 301 2261 †
323 2184 397 2264 Ego
421 2179 590 2246 Soffredus
614 2183 770 2248 diaconus
793 2186 966 2249 cardinalis
988 2193 1102 2248 sancte
1126 2184 1228 2247 Marie
1251 2184 1283 2246 in
1305 2182 1369 2247 Via
1392 2184 1459 2247 lata
1481 2203 1523 2246 ss.

278 2269 299 2352 †
320 2272 394 2355 Ego
418 2271 561 2336 Albinus
583 2284 697 2337 sancte
721 2276 825 2338 Marie
848 2295 934 2338 nove
958 2276 1114 2338 diaconus
1139 2273 1311 2337 cardinalis
1333 2294 1375 2336 ss.

224 2359 302 2423 Dat.
325 2361 495 2443 Anagnis,
526 2382 586 2444 per
616 2383 749 2427 manum
775 2363 912 2446 Ugonis,
945 2373 1057 2428 sancte
1086 2365 1237 2426 Romane
1270 2363 1406 2426 ecclesie
1429 2359 1554 2425 notarii.
1599 2362 1737 2424 xv1Kl.

62 2443 247 2511 Novembr.
300 2450 483 2514 lndictione
513 2465 534 2514 1.
588 2452 821 2516 lncarnationis
852 2454 1015 2518 dominice
1051 2473 1137 2516 anno
1169 2463 1365 2515 MCLXXXIII.
1418 2451 1630 2514 Pontificatus
1659 2471 1737 2514 vero

64 2536 177 2599 domni
202 2537 296 2601 Lucii
319 2560 377 2622 pp.
400 2553 439 2604 111
463 2560 550 2603 anno
573 2555 608 2605 11.

222 2653 348 2717 AbsrlmJt
364 2669 419 2703 vom
437 2653 509 2704 Eride
526 2654 566 2704 des
587 2657 618 2705 12
634 2656 737 2720 Jahra,
757 2656 798 2705 des
819 2657 897 2708 Codes
906 2656 1004 2707 Sicardi
1018 2665 1044 2722 p.
1057 2659 1099 2718 98,
1110 2655 1144 2708 im
1158 2656 1325 2706 Ρνὲυαέύιείῐιι
1342 2655 1387 2704 der
1403 2655 1472 2720 Siga.
1484 2655 1553 2705 nott.
1572 2654 1601 2703 F.
1613 2654 1737 2712 Robalotti,

61 2724 219 2790 merram
235 2725 270 2774 im
289 2726 389 2775 Palarao
408 2725 516 2776 Ροηωκι
532 2743 562 2775 ru
583 2727 708 2778 Cremona.

806 3118 873 3194 Nr.
901 3123 991 3194 340.

61 3251 181 3314 Lucius
198 3250 266 3314 III
274 3249 400 3313 erkla'rt
412 3249 487 3314 dem
502 3251 658 3332 Bischofe
672 3273 733 3314 von
748 3251 867 3331 Alatri,
881 3273 919 3315 er
940 3251 1054 3316 nehme
1074 3252 1184 3316 reinen
1199 3252 1359 3331 frthereu
1375 3248 1501 3332 Spruclr
1525 3248 1645 3312 aecrzick
1669 3249 1740 3312 und

53 3349 195 3423 gestam
210 3339 290 3420 tam,
304 3339 367 3403 den
375 3338 567 3422 geruohnten
583 3340 711 3405 Zurritt
723 3362 798 3406 aum
815 3339 946 3405 Kloster
960 3341 1027 3405 San
1044 3340 1244 3404 Bartolomea
1265 3341 1305 3404 di
1326 3339 1356 3404 T
1351 3337 1463 3403 risulti
1477 3338 1535 3420 (D.
1551 3337 1680 3415 Alatri)
1699 3339 1735 3422 ¹).

662 3460 748 3521 1163
762 3455 947 3541 September
959 3460 989 3522 5.
1022 3456 1130 3539 Segni.

220 3573 341 3637 Lucius
349 3574 533 3656 episcopus,
544 3596 654 3639 servus
662 3595 828 3639 servorum
838 3575 1084 3652 dei,venerabili
1097 3573 1184 3635 fratri
1203 3621 1209 3635 .
1226 3619 1232 3633 .
1249 3571 1400 3635 Aletrino
1411 3571 1579 3652 episcopo,
1595 3570 1735 3634 salutem

59 3671 92 3726 et
105 3663 328 3744 apostolicam
344 3664 619 3728 benedictionem.
650 3662 812 3746 Quotiens
832 3661 837 3748 )
858 3665 918 3727 sub
935 3665 1117 3746 apostolice
1133 3661 1221 3724 sedis
1237 3662 1389 3724 examine
1405 3662 1437 3723 in
1463 3659 1662 3722 discussione
1684 3659 1734 3722 vel

61 3752 230 3816 decisione
261 3772 429 3815 causarum
456 3754 566 3835 aliqua
596 3761 795 3830 statuuntur,
827 3754 1005 3817 memoriali
1029 3763 1104 3816 sunt
1123 3749 1128 3835 1
1148 3751 1268 3833 pagine
1291 3749 1563 3824 commendanda,
1592 3750 1735 3830 nequid

61 3850 211 3924 emergat
234 3841 456 3924 ambiguitatis
480 3844 512 3904 in
535 3851 713 3925 posterum,
743 3844 770 3904 si
794 3844 873 3924 quid
896 3844 940 3905 de
963 3844 1077 3906 ordine
1101 3841 1144 3903 rei
1167 3847 1260 3922 geste
1283 3859 1342 3921 per
1364 3839 1610 3919 subreptionem
1642 3837 1736 3900 fuerit

60 3931 205 3995 labentis
228 3933 385 3993 memorie
407 3934 660 4013 pretermissum.
706 3933 893 4013 Eapropter
920 3933 1126 4014 presentibus
1157 3929 1271 3992 litteris
1295 3927 1505 4002 declaramus,
1538 3928 1637 4008 quod,
1661 3947 1735 3990 cum

61 4022 146 4083 inter
177 4027 211 4081 te
241 4027 275 4082 et
304 4019 461 4083 abbatem
499 4041 537 4083 ac
569 4022 683 4085 fratres
712 4021 815 4084 sancti
845 4021 1068 4084 Bartholomei
1100 4039 1198 4101 super
1228 4017 1347 4080 eodem
1377 4017 1576 4079 monasterio
1607 4018 1735 4096 questio

60 4120 242 4172 verteretur
272 4117 305 4171 et
327 4119 372 4185 tu,
403 4111 524 4173 exinde
553 4111 735 4192 requisitus,
768 4111 900 4191 copiam
932 4112 979 4173 tui
1010 4110 1117 4173 facere
1148 4126 1346 4186 recusasses,
1377 4105 1560 4188 apostolica
1593 4105 1653 4167 tibi
1677 4104 1736 4169 fuit

60 4199 256 4262 auctoritate
272 4197 483 4279 prohibitum,
508 4219 549 4262 ne
565 4200 608 4261 ad
624 4200 857 4263 monasterium
874 4198 952 4262 illud
969 4206 1160 4263 consuetum
1184 4192 1332 4280 habe(a)s
1351 4192 1378 4280 ει)
1395 4214 1571 4258 accessum.
1616 4194 1736 4257 Postea

60 4308 150 4362 ver0,
182 4306 256 4350 cum
279 4287 310 4349 in
335 4295 446 4350 nostra
463 4287 493 4373 b)
524 4309 611 4352 esses
641 4289 807 4371 presentia
837 4290 1031 4352 constitutus
1061 4299 1095 4352 et
1126 4287 1268 4350 rationes
1298 4295 1381 4358 tuas,
1412 4293 1564 4366 presente
1582 4281 1612 4368 ο)
1642 4291 1735 4365 parte

61 4378 173 4452 altera,
205 4377 412 4452 declarasses,
446 4397 506 4440 nos
538 4399 637 4441 causa
663 4379 797 4460 cognita
819 4378 861 4440 ad
885 4379 927 4452 id,
960 4378 1050 4459 quod
1073 4376 1132 4441 tibi
1155 4375 1261 4440 fuerat
1291 4373 1464 4438 occasione
1487 4372 1635 4436 absentie
1659 4393 1734 4436 con·

60 4466 202 4530 tumacis
226 4465 408 4540 inhibitum,
432 4476 465 4529 te
488 4468 521 4529 in
545 4469 706 4549 integrum
729 4468 926 4530 restituimus
949 4468 1002 4543 ita,
1027 4475 1063 4529 ut
1086 4488 1127 4530 ex
1151 4466 1266 4528 eadem
1291 4461 1513 4545 prohibitione
1528 4462 1651 4524 nullum
1673 4461 1733 4525 tibi

60 4556 112 4619 vel
145 4555 281 4618 ecclesie
314 4565 369 4617 tue
401 4556 617 4636 preiudicium
648 4559 680 4618 in
713 4564 882 4638 posterum
913 4564 1098 4637 generetur,
1134 4562 1224 4618 certa
1245 4561 1356 4616 tamen
1381 4553 1435 4614 die
1466 4552 1498 4613 in
1523 4551 1606 4614 festo
1630 4553 1734 4615 sancti

61 4644 235 4708 Michaelis
250 4641 276 4727 ²)
300 4644 360 4706 tibi
384 4655 417 4706 et
439 4647 524 4725 parti
549 4647 640 4709 alteri
664 4646 849 4722 constituta,
884 4665 949 4727 qua
981 4645 1101 4726 pan'ter
1123 4663 1234 4706 coram
1258 4642 1355 4705 nobis
1378 4640 1526 4704 debeatis
1550 4641 1699 4704 assistere
1726 4635 1731 4722 )

60 4745 101 4811 et,
136 4735 163 4796 si
188 4733 382 4814 litigandum
410 4733 452 4796 de
483 4735 685 4818 proprietate
716 4736 881 4809 duxeritis,
912 4735 1055 4798 rationes
1076 4743 1199 4796 vestras
1223 4733 1255 4794 in
1288 4731 1408 4793 iudicio
1432 4730 1666 4793 demonstrare.
1690 4765 1734 4775 —

61 4823 137 4886 Dat
161 4821 281 4904 Signie,
305 4822 391 4884 Non.
416 4821 507 4905 Sept.

225 4935 268 4984 Or.
287 4935 321 4984 ina
339 4935 452 4986 Archino
474 4936 608 5000 capitolare
625 4953 656 4986 ru
672 4937 761 4986 Alatri.

224 5007 294 5072 Perg.
313 5007 373 5067 ital,
392 5007 429 5057 br.
442 5008 624 5070 0,186-0,19,
643 5012 703 5074 lang
712 5011 797 5069 0,185,
816 5017 891 5059 auten
903 5009 983 5068 0,oa3
1000 5009 1190 5074 umgeschlagen,
1210 5008 1288 5056 durch
1306 5008 1322 5056 2
1335 5005 1428 5054 L‘o'cher
1441 5004 1498 5070 gel!
1514 5002 1551 5054 die
1562 5003 1733 5068 Haassrlmur,

61 5079 133 5129 dem
150 5079 276 5144 Bler'n'egel
289 5081 406 5138 verlorerr,
425 5079 537 5146 Faltung
552 5080 596 5130 der
606 5081 709 5132 Brevm.
738 5081 787 5130 Die
794 5097 871 5147 gama
880 5081 1009 5146 Dalimrg
1019 5081 1072 5145 aus
1079 5081 1170 5138 Rasur,
1190 5079 1248 5130 doch
1260 5080 1327 5128 wohl
1334 5093 1383 5127 uon
1394 5076 1438 5126 der
1448 5076 1527 5126 Hand
1536 5075 1576 5126 des
1586 5077 1733 5140 chm'pts.

5 5423 6 5426 Ἴ
220 5368 246 5430 a)
263 5382 276 5415 s
294 5367 347 5432 auf
361 5368 446 5416 Rasur
533 5364 561 5428 b)
581 5362 706 5414 tluilwa‘se
722 5365 775 5430 aas
787 5367 872 5415 Rauur
947 5365 972 5430 c)
990 5362 1111 5414 himerte
1129 5365 1221 5413 Rasar.
1241 5401 1292 5410 ,-
1311 5363 1347 5429 .ι)
1371 5362 1451 5428 Vergl.
1475 5360 1513 5410 die
1540 5359 1656 5410 Urkunde
1679 5374 1735 5410 vom

62 5439 208 5503 magma
226 5439 303 5488 1158.
377 5443 403 5506 2)
425 5436 557 5502 September
571 5439 617 5489 ἓν.
