4126 6356
516 510 536 594 †
559 508 631 590 Ego
655 504 825 592 [Henricus
849 501 1022 592 presbite]r
1053 499 1224 570 cardinalis
1254 503 1301 570 tit.
1326 499 1535 594 [sanctorum]
1558 501 1657 572 Nerei
1681 505 1727 594 [et
1749 503 1905 596 Ach]illei
1930 529 1974 572 ss.

519 633 558 644 —
582 601 602 676 †
626 598 697 678 Ego
722 595 822 659 Oddo
847 599 1003 660 diaconus
1027 591 1211 680 [cardinalis
1234 598 1336 660 sancti
1360 598 1490 679 Georgii
1513 599 1555 660 ad
1571 597 1690 660 Velum
1714 595 1861 684 a]ureum
1883 619 1928 662 sa.

516 687 536 771 †
558 687 630 767 Ego
654 685 814 748 Rodullus
837 687 992 749 diaconus
1016 680 1200 769 [cardinalis
1222 695 1335 749 sancte
1358 683 1472 772 Lulcie
1495 689 1528 749 in
1551 687 1653 768 Septa
1676 683 1776 774 [solis]
1799 709 1840 751 ss.

516 777 536 858 l
559 777 632 856 Ego
656 773 763 838 Guido
786 776 943 838 diaconus
969 770 1149 859 [cardinalis
1172 771 1295 858 sancte]
1320 777 1423 838 Marie
1446 777 1478 837 in
1500 776 1628 838 Porticu
1652 795 1692 838 ss.

517 861 537 948 †
560 863 633 945 Ego
658 861 734 925 Odo
759 861 928 949 [diaconus
952 864 1124 926 cardinalis
1147 860 1262 949 sancti]
1285 854 1438 927 Nicholai
1461 867 1493 926 in
1517 884 1646 927 carcere
1669 864 1819 928 Tulliano
1841 885 1883 928 ss.

516 953 536 1034 †
559 955 631 1034 Ego
655 955 744 1016 Boso
769 949 938 1038 [diaconus
961 948 1146 1035 cardinalis]
1170 961 1356 1015 sanctorum
1381 953 1502 1016 Cosme
1525 962 1558 1016 et
1581 950 1758 1041 D[amiani]
1782 975 1824 1016 ss.
1847 949 1893 1037 (2)

463 1041 539 1104 Dat.
554 1041 715 1118 Laterani,
737 1062 797 1124 per
813 1063 943 1104 manum
958 1041 1108 1116 Rolandi,
1124 1048 1234 1128 sancte
1251 1041 1397 1124 Romane
1413 1038 1573 1129 [ecclesile
1590 1038 1785 1130 [presbi]teri
1802 1042 1975 1106 cardinalis

306 1139 339 1194 et
354 1127 544 1216 cancellarii]
568 1143 592 1189 v
615 1126 634 1215 [.
658 1177 665 1190 .
690 1177 696 1191 .
723 1180 728 1193 .
752 1127 945 1216 In]dictione
961 1143 993 1193 v.
1031 1132 1263 1193 incarnationis
1287 1133 1452 1216 dominice
1475 1151 1561 1194 anno
1585 1145 1716 1194 Mchn.
1762 1131 1975 1196 Pontificatus

304 1241 383 1284 vero
406 1221 518 1281 domni
542 1219 700 1283 ADRIANI
724 1241 779 1302 pp.
802 1234 855 1282 1111
877 1241 963 1283 anno
986 1220 1092 1282 tertio.
1117 1255 1159 1264 -

467 1334 509 1382 Or.
529 1334 563 1382 im
581 1333 695 1382 Archileio
713 1334 740 1381 di
757 1333 838 1392 Stato,·
855 1332 979 1397 Abscln‘st
994 1332 1020 1380 in
1039 1333 1082 1381 der
1098 1333 1160 1382 Bibe.
1184 1333 1265 1381 Civica
1283 1351 1313 1382 au
1334 1335 1427 1384 Genua.

466 1406 534 1470 Perg.
554 1407 614 1464 eat,
638 1407 673 1454 br.
694 1407 764 1464 0,58,
791 1407 852 1470 lang
869 1407 938 1465 osto,
963 1405 1008 1452 das
1028 1404 1225 1469 Unigeschlagene
1247 1406 1426 1470 algesclnitten,
1452 1405 1529 1454 durch
1554 1407 1612 1454 awai
1628 1407 1720 1456 Laeter
1732 1407 1795 1472 gierg
1811 1407 1849 1456 die
1867 1407 1975 1466 διήκειν,

305 1476 392 1524 welche
409 1475 454 1524 irael
470 1478 522 1526 dem
542 1477 665 1541 Blessiegel
678 1478 792 1526 verloren.
830 1477 937 1541 Fallung
955 1476 997 1524 der
1015 1477 1111 1526 Bullen.
1152 1477 1227 1526 (leber
1247 1477 1305 1526 Um·
1328 1479 1383 1526 und
1402 1477 1565 1542 Umcrsclrrifl
1580 1477 1657 1526 nickts
1675 1479 1787 1538 sichem,
1815 1479 1979 1542 merondg

304 1549 363 1597 ether
379 1549 424 1596 des
441 1549 464 1596 R
481 1550 589 1598 Rolands
606 1549 632 1596 in
651 1549 694 1596 der
709 1549 843 1613 Dais'rung,
863 1547 959 1597 welches
972 1548 1064 1612 gleiclse
1082 1549 1156 1596 Dinte
1179 1549 1224 1596 mit
1239 1549 1282 1596 der
1304 1551 1411 1598 letateren
1434 1550 1556 1612 mssweist.
1591 1550 1638 1597 Die
1656 1549 1839 1616 Zeugmfirmm
1865 1551 1977 1600 scheissen

305 1621 415 1668 ellenon
433 1619 471 1668 ein
489 1621 545 1668 und
560 1620 678 1669 derselben
697 1619 777 1668 [nand
790 1619 847 1668 used
862 1620 937 1668 Dinte
952 1619 1124 1671 hemeritam.
1160 1620 1208 1668 Die
1229 1619 1346 1669 Urkunde
1362 1621 1406 1669 iat
1422 1620 1499 1670 durch
1518 1619 1676 1686 Feuclrtr'gkeit
1691 1623 1759 1671 strerk
1772 1623 1877 1686 gelitten.

1046 1933 1114 2007 Nr.
1146 1935 1231 2006 173.

308 2082 336 2133 a
369 2063 523 2128 Hadrian
548 2064 571 2127 I
578 2064 609 2126 V
629 2061 744 2127 nanimt
769 2064 823 2128 die
847 2063 1123 2146 Kollegiatkirclze
1151 2063 1219 2127 San
1243 2063 1410 2126 leonardo
1433 2064 1491 2144 (D.
1516 2061 1662 2146 Seponto)
1688 2065 1722 2126 in
1743 2063 1979 2148 apostolischen

308 2153 426 2219 Setun
448 2155 517 2217 und
537 2153 685 2236 bestiite'gt
706 2153 806 2218 deren
830 2154 1064 2217 Besitetln'e'mer
1086 2154 1159 2217 und
1172 2151 1303 2231 Rechte,
1332 2154 1444 2232 wefet'r
1455 2151 1606 2238 je'ilerlicle
1628 2150 1696 2216 eine
1724 2151 1808 2216 Unee
1827 2152 1914 2216 Gold
1934 2175 1979 2215 an

854 2242 909 2306 die
934 2239 1039 2306 Kurie
1060 2263 1100 2306 aa
1124 2240 1297 2306 entre'clzten
1321 2242 1365 2304 ist
1381 2245 1417 2326 ¹).

877 2377 962 2437 1157
979 2373 1162 2458 September
1175 2377 1231 2438 28.
1263 2372 1402 2457 Anagm'.

466 2507 631 2568 Adrianus
651 2505 678 2592 a)
694 2510 879 2590 episcopus,
902 2529 1013 2572 servus
1029 2529 1196 2572 servorum
1217 2508 1277 2581 dei,
1301 2508 1425 2572 dilectis
1442 2508 1512 2571 filiis
1527 2509 1699 2582 Riccard0,
1724 2507 1821 2590 priori
1839 2505 1980 2570 ecclesie

308 2597 413 2659 sancti
445 2595 608 2657 Leonardi
639 2597 681 2658 de
713 2597 955 2674 Lamavolaria‚
995 2600 1130 2678 eiusque
1167 2597 1334 2672 fratribuS,
1371 2607 1437 2661 tam
1477 2596 1683 2680 presentibus
1723 2617 1821 2678 quam
1853 2596 1979 2668 futuris,

309 2686 497 2748 canonicam
520 2684 617 2748 vitam
641 2685 806 2766 professis
830 2699 868 2749 IN
890 2699 966 2750 ΡΡΜ.
990 2723 1033 2732 -
1054 2685 1058 2771 Ι
1079 2686 1239 2749 Effectum
1264 2688 1347 2749 iusta
1371 2686 1609 2770 postulantibus
1633 2687 1803 2768 indulgere
1826 2693 1861 2747 et
1882 2687 1980 2766 vigor

309 2776 461 2856 equitatis
494 2781 527 2834 et
557 2775 639 2836 ordo
674 2775 776 2856 exigit
807 2777 946 2851 rationis,
977 2777 1146 2858 presertim
1156 2768 1171 2852 ,'
1194 2776 1327 2856 quando
1358 2779 1538 2858 petentium
1563 2774 1763 2838 voluntatem
1793 2782 1827 2837 et
1855 2770 1976 2859 pi[etas

308 2859 452 2948 adiulvat
474 2870 508 2924 et
530 2864 645 2925 veritas
668 2884 734 2926 non
758 2864 917 2946 relinquit.
939 2871 943 2947 l
964 2867 1156 2946 Eapropter,
1179 2865 1288 2927 dilecti
1312 2866 1344 2927 in
1367 2865 1503 2927 domino
1526 2865 1591 2940 filii,
1614 2865 1729 2926 vestris
1745 2865 1836 2926 iustis
1859 2871 1975 2946 postu·

308 2951 483 3015 lationibus
515 2951 690 3014 clementer
720 2956 902 3029 annuimus,
934 2963 966 3017 et
999 2953 1159 3035 prefatam
1190 2953 1368 3027 ecclesiam,
1399 2954 1429 3015 in
1461 2974 1526 3034 qua
1549 2955 1658 3016 divino
1692 2954 1866 3034 mancipati
1897 2955 1978 3014 estis

310 3041 479 3122 obsequio,
502 3040 562 3102 sub
585 3040 671 3103 beati
687 3041 772 3104 Petri
795 3051 828 3105 et
851 3053 962 3106 nostra
977 3043 1183 3125 protectione
1205 3045 1400 3126 suscipimus
1424 3052 1456 3106 et
1479 3043 1637 3124 presentis
1659 3043 1771 3122 scripti
1792 3042 1977 3122 patrocinio

310 3131 557 3193 communimus.
606 3128 642 3190 In
674 3131 787 3210 primis
816 3132 977 3210 siquidem
1009 3140 1198 3206 statuentes,
1231 3140 1265 3193 ut
1296 3132 1378 3195 ordo
1410 3135 1593 3207 canonicus
1624 3132 1679 3212 qui
1710 3129 1891 3192 secundum
1921 3131 1977 3193 dei

309 3222 459 3282 timorem
486 3227 519 3280 et
538 3217 624 3281 beati
640 3218 814 3300 Augustini
838 3222 981 3303 regulam
1004 3222 1035 3282 in
1061 3221 1199 3284 ecclesia
1222 3222 1293 3301 ipsa
1316 3223 1480 3283 institutus
1503 3241 1576 3284 esse
1599 3221 1785 3294 dinoscitur,
1809 3219 1977 3302 perpetuis

311 3308 432 3372 ibidem
455 3307 659 3389 temporibus
686 3309 913 3374 inviolabiliter
943 3310 1141 3373 observetur.
1188 3311 1346 3385 Preterea,
1379 3328 1602 3389 quascumque
1634 3311 1867 3391 possessiones,
1897 3328 1978 3390 que·

311 3415 451 3478 cumque
474 3396 561 3458 bona
585 3397 699 3458 eadem
725 3398 860 3475 ecclesia
882 3399 913 3461 in
937 3401 1171 3481 presentiarum
1195 3401 1278 3462 iuste
1302 3406 1335 3461 et
1357 3398 1499 3480 legitime
1522 3399 1671 3481 possidet
1699 3404 1755 3460 aut
1775 3397 1807 3459 in
1831 3397 1976 3460 futurum

311 3487 524 3548 concessione
548 3485 749 3567 pontificum,
773 3486 942 3569 largitione
965 3489 1156 3570 principum,
1181 3487 1346 3550 oblatione
1370 3487 1513 3551 fidelium
1545 3509 1601 3551 seu
1630 3487 1699 3549 aliis
1728 3485 1977 3549 rationabilibus

311 3576 427 3650 modis,
451 3583 615 3656 prestante
631 3576 776 3652 domino,
795 3580 917 3657 poterit
932 3579 1078 3659 adipisci,
1094 3577 1186 3639 firma
1201 3576 1295 3639 vobis
1309 3577 1548 3659 imperpetuum
1566 3586 1599 3640 et
1614 3577 1738 3638 illibata
1754 3583 1977 3658 permaneant

311 3662 490 3727 Statuimus
514 3664 646 3745 quidem
666 3663 703 3749 b),
728 3674 763 3727 ut
786 3668 982 3748 quicumque
1004 3667 1047 3729 ad
1071 3667 1211 3728 eundem
1234 3665 1341 3728 locum
1366 3687 1427 3748 pro
1450 3665 1558 3745 aliqua
1582 3667 1776 3728 necessitate
1796 3664 1982 3747 contugerit

309 3756 378 3816 sive
401 3755 548 3834 captivus
572 3753 666 3815 luerit
689 3753 755 3816 sive
778 3755 867 3829 alius,
890 3756 993 3818 nullus
1017 3756 1047 3818 in
1071 3775 1145 3818 eum
1170 3775 1282 3817 manus
1305 3756 1423 3818 inicere
1446 3755 1573 3831 audeat,
1597 3756 1656 3818 sed
1676 3754 1796 3836 potius,
1820 3755 1980 3834 quamdiu

310 3842 355 3905 ibi
384 3842 488 3916 luerit,
512 3842 555 3905 de
577 3843 642 3905 vita
673 3851 707 3906 et
736 3844 973 3925 indempnitate
1004 3864 1145 3926 persone
1176 3864 1233 3908 sue
1263 3864 1394 3907 securus
1426 3845 1553 3907 existat.
1600 3843 1714 3906 Liceat
1742 3844 1842 3905 etiam
1874 3843 1981 3920 vobis,

313 3931 459 4005 clericos,
481 3933 584 4013 petita
607 3939 717 3994 tamen
738 3930 764 4017 0)
787 3932 829 3994 ab
854 3934 1016 4014 episcopis
1039 3935 1105 3995 suis
1128 3933 1267 4010 licentia,
1291 3935 1359 3996 sive
1383 3932 1505 3996 liberos
1521 3933 1631 4006 laicos
1655 3931 1800 3995 eseculo
1817 3931 1981 4014 fugientes

312 4029 345 4082 et
367 4022 409 4082 ad
433 4029 575 4083 vestrum
600 4021 774 4103 collegium
798 4023 931 4084 transire
955 4021 1100 4085 volentes
1122 4020 1159 4107 d),
1190 4022 1311 4084 tamin
1336 4025 1411 4097 vita,
1443 4041 1541 4102 quam
1565 4023 1597 4084 in
1621 4029 1726 4084 morte
1749 4021 1919 4102 suscipere
1940 4041 1980 4084 ac

311 4109 431 4191 pariter
452 4111 598 4172 retinere.
644 4109 730 4172 Sane
753 4112 878 4186 crisma,
903 4111 1010 4173 oleum
1035 4120 1190 4186 sanctum,
1216 4113 1477 4174 consecrationes
1501 4111 1650 4173 altarium
1681 4129 1738 4174 seu
1761 4109 1980 4186 basilicarum,

312 4199 531 4261 ordinationes
559 4197 766 4274 clericorum,
797 4199 851 4278 qui
883 4200 925 4260 ad
956 4219 1065 4262 sacros
1090 4202 1221 4263 ordines
1256 4199 1374 4263 suerint
1405 4199 1630 4282 promovendi,
1665 4220 1685 4262 a
1715 4200 1895 4262 diocesano
1929 4220 1981 4262 su·

303 4288 458 4369 'scipietis
481 4286 647 4368 episcop0,
671 4288 833 4368 siquidem
856 4286 1035 4351 catholicus
1059 4289 1155 4352 luerit
1179 4298 1212 4351 et
1235 4290 1372 4370 gratiam
1389 4297 1489 4368 atque
1511 4291 1775 4352 communionem
1796 4287 1982 4370 apostolice

311 4377 397 4438 sedis
419 4373 568 4437 habuerit
594 4386 628 4438 et
650 4395 689 4438 ea
711 4378 811 4457 gratis
835 4385 868 4438 et
896 4375 1020 4456 absque
1047 4381 1207 4459 pravitate
1230 4379 1369 4442 voluerit
1391 4377 1554 4454 exhibere,
1584 4377 1725 4458 alioquin
1757 4376 1855 4440 liceat
1877 4377 1981 4450 vobis,

313 4462 524 4538 catholicum,
562 4482 660 4542 quem
692 4465 884 4540 malueritis,
924 4467 1015 4529 adire
1045 4469 1238 4540 antistitem,
1276 4468 1332 4546 qui
1363 4475 1475 4530 nostra
1505 4466 1604 4530 fultus
1636 4467 1846 4540 auctoritate,
1887 4466 1980 4546 quod

312 4554 501 4635 postulatur,
524 4552 697 4634 indulgeat.
744 4552 897 4617 Obeunte
919 4574 997 4618 vero
1020 4563 1061 4629 te,
1092 4555 1207 4619 dilecte
1237 4556 1268 4616 in
1298 4557 1433 4619 domino
1460 4555 1505 4619 fili
1527 4556 1695 4629 Riccarde‚
1724 4575 1810 4617 nunc
1833 4554 1981 4617 eiusdem

311 4642 374 4704 loci
408 4643 511 4724 prior,
541 4641 593 4704 vel
624 4650 753 4705 tuorum
774 4642 801 4727 e)
834 4645 1057 4723 quorumlibet
1087 4665 1328 4720 successorum,
1370 4644 1475 4707 nullus
1509 4645 1553 4707 ibi
1590 4643 1735 4725 qualibet
1764 4645 1981 4724 surreptionis

312 4733 431 4794 astutia
449 4728 479 4815 t)
509 4750 565 4792 seu
596 4732 749 4794 violentia
779 4741 990 4814 preponatur,
1022 4734 1079 4796 nisi
1110 4754 1207 4814 quern
1240 4733 1355 4796 iratres
1383 4736 1547 4796 communi
1579 4753 1738 4796 consensu
1761 4731 1814 4796 vel
1843 4731 1981 4795 fratrum

313 4840 387 4901 pars
410 4818 533 4883 consilii
555 4822 692 4882 sanioris
714 4822 892 4885 secundum
916 4824 1014 4885 deum
1039 4831 1072 4885 et
1094 4823 1181 4886 beati
1197 4823 1372 4904 Augustini
1389 4823 1534 4905 regulam
1557 4822 1757 4905 previderint
1780 4821 1978 4903 eligendum.

313 4907 401 4972 Nulli
431 4928 509 4990 ergo
540 4907 709 4972 hominum
741 4910 787 4972 fas
819 4913 877 4987 sit,
916 4911 1078 4993 prelatum
1119 4912 1226 4975 locum
1257 4920 1400 4974 vestrum
1439 4920 1563 4975 temere
1601 4910 1793 4994 perturbare
1824 4919 1881 4972 aut
1911 4912 1980 4973 eius

313 4999 535 5080 possessiones
564 4998 690 5061 auferre
723 4999 774 5062 vel
808 5000 933 5064 ablatas
966 5003 1120 5075 retinere,
1151 5003 1296 5064 minuere
1329 5021 1385 5063 seu
1417 5000 1616 5079 quibuslibet
1653 4997 1895 5082 gravaminibus
1925 5007 1981 5062 aut

312 5083 587 5171 vexa<c>tionibus
605 5085 635 5172 a)
657 5087 802 5170 fatigare,
825 5090 883 5152 sed
908 5085 1040 5175 o[mnia]
1054 5089 1179 5172 integra
1195 5097 1434 5164 conserventur,
1457 5092 1571 5152 vestris
1587 5083 1643 5175 [et]
1660 5109 1842 5172 pauperum
1860 5087 1979 5152 Christi

313 5176 425 5239 usibus
447 5175 623 5256 profutura,
647 5176 736 5240 salva
758 5180 940 5261 apostolice
963 5180 1050 5242 sedis
1074 5180 1267 5241 auctoritate
1283 5187 1316 5242 et
1335 5180 1499 5242 diocesani
1516 5177 1660 5261 episcopi
1677 5179 1834 5240 canonica
1850 5177 1979 5240 iustitia.

314 5264 370 5326 Ad
394 5265 546 5327 indicium
569 5274 678 5327 autem
709 5276 865 5350 percepta
895 5266 989 5330 huius
1012 5289 1030 5331 a
1053 5267 1202 5331 Romana
1224 5267 1360 5331 ecclesia
1389 5267 1547 5331 libertatis
1577 5266 1710 5349 singulis
1734 5266 1826 5329 annis
1849 5269 1978 5329 unciam

312 5354 380 5417 auri
414 5353 508 5417 nobis
540 5357 723 5437 nostrisque
752 5357 994 5420 successoribus
1024 5357 1226 5439 persolvetis.
1272 5353 1308 5420 Si
1338 5375 1403 5436 qua
1425 5377 1503 5420 sane
1534 5357 1754 5421 ecclesiastica
1784 5355 1980 5418 secularisve

473 5553 499 5614 a)
518 5565 533 5598 a
550 5547 751 5614 iibergesclnieben
840 5551 867 5618 b)
887 5551 1014 5616 rudenti)
1104 5553 1128 5616 c)
1146 5563 1192 5600 ver
1208 5557 1292 5600 tumen
1310 5553 1395 5601 Rosiae
1476 5551 1504 5618 d)
1523 5567 1568 5600 ver
1584 5551 1697 5600 volentes
1715 5553 1800 5600 Rasrer
1872 5551 1897 5618 e)
1916 5549 1982 5600 rhea·

314 5619 382 5670 weise
398 5621 451 5685 aiis
461 5623 546 5670 Rasur
627 5621 690 5683 Dies
708 5623 751 5673 der
773 5622 927 5690 Verbindung
943 5639 990 5672 von
1008 5627 1030 5671 st
1044 5627 1151 5688 petissere
1169 5625 1253 5672 Rasisr
1335 5624 1362 5689 g)
1380 5623 1552 5688 urspris'nglich
1572 5623 1750 5674 exactionibus.
1770 5665 1822 5674 ..-
1842 5629 1881 5688 .t)
1905 5623 1981 5689 Vaga

315 5692 352 5742 die
376 5693 435 5743 Uele.
453 5708 506 5742 vom
526 5695 561 5745 30
581 5693 649 5760 Junr'
668 5697 742 5746 1137.
