4126 6366
316 327 379 406 318

312 513 483 578 interdicto
505 527 672 595 supponas
695 519 729 575 et
751 517 861 594 preter
876 509 1069 591 penitentias
1085 519 1119 573 et
1132 510 1332 593 baptismata
1348 509 1557 592 parvulorum
1573 510 1604 573 in
1620 510 1667 573 eis
1684 509 1790 574 divina
1808 509 1988 593 prohibeas

315 603 421 667 oificia
445 600 609 666 celebrari.
635 636 678 646 -
700 599 776 665 Dat.
802 599 943 674 Verone,
968 611 1003 660 vl
1026 597 1113 661 Non.
1138 597 1303 663 Octobris.

476 715 517 764 Or.
536 715 571 764 im
588 713 701 766 arction
723 713 856 776 Capitolnre
872 731 903 762 au
921 713 1021 763 Rimini.

475 787 546 852 Perg.
565 787 625 846 etat,
644 787 679 836 br.
697 786 765 848 0‚28‚
790 787 850 850 lang
866 788 937 846 0,·16,
961 783 1144 850 umgescllagm
1162 787 1232 846 0,02,
1258 785 1337 834 durch
1355 787 1370 832 e
1391 783 1484 832 becker
1502 784 1561 850 geht
1584 782 1622 833 die
1643 786 1711 836 well
1732 783 1907 850 evertentes
1933 799 1989 836 ma

314 860 498 920 Seidensclumn
516 875 601 910 werae
618 859 664 908 dar
681 857 811 922 Blein'egcl,
831 857 940 924 Falnmg
956 858 1000 908 der
1016 857 1118 906 Breven.

1055 1141 1121 1214 Nr.
1151 1145 1239 1216 354.

314 1278 436 1344 Lucries
451 1276 710 1361 IlIgenelzmigt
721 1273 795 1338 dem
813 1271 944 1337 Klester
957 1271 1026 1336 San
1042 1273 1200 1356 Prospero
1215 1274 1254 1337 di
1268 1273 1392 1358 Reggz'o
1409 1273 1481 1338 nell
1493 1272 1628 1349 Emile'a,
1644 1274 1723 1338 dass
1738 1274 1804 1338 alle
1824 1272 1988 1337 Griterent-

304 1369 533 1454 frema'urgren,
558 1364 798 1448 Verlelmungen
813 1364 882 1428 und
901 1361 1131 1445 Obligationen,
1155 1363 1273 1428 welche
1294 1365 1355 1428 der
1368 1365 1509 1446 saltere
1534 1364 1599 1428 Abt
1615 1362 1723 1430 Guido
1743 1383 1989 1446 vorgenemmen

907 1451 973 1532 leat,
988 1452 1139 1535 ungeiltzg
1151 1450 1218 1516 sein
1233 1454 1333 1518 cellen
1351 1457 1389 1535 ¹).

856 1570 1070 1632 nse-1185
1092 1566 1224 1633 October
1238 1572 1269 1633 3.
1311 1567 1442 1634 Verona.

471 1687 604 1752 LUCIUS
621 1688 806 1770 episcopus,
830 1705 942 1749 servus
957 1705 1125 1748 servorum
1142 1685 1203 1760 dei,
1228 1684 1354 1749 dilectis
1370 1686 1454 1762 filiis,
1476 1682 1639 1771 lo(hanni)
1654 1684 1768 1748 abbati
1783 1681 1818 1747 et
1832 1684 1989 1748 fratribus

313 1777 415 1843 sancti
445 1777 595 1859 Prosperi
626 1776 834 1858 ReginensiS,
873 1775 1011 1838 salutem
1048 1784 1082 1837 et
1111 1772 1116 1858 1
1145 1774 1360 1858 apostolicam
1393 1775 1668 1839 benedictionem.
1722 1771 1843 1838 Officio
1875 1783 1989 1837 nostro

314 1868 487 1951 plurimum
517 1866 673 1947 expedire
705 1866 892 1940 dinoscitur,
924 1865 1162 1927 conservationi
1195 1865 1404 1928 ecclesiarum
1429 1873 1463 1926 et
1485 1883 1596 1927 earum
1622 1865 1774 1939 maxime,
1795 1860 1802 1948 Ι
1821 1883 1888 1945 que
1911 1865 1988 1927 iuris

314 1958 401 2021 beati
423 1957 509 2019 Petri
533 1957 685 2027 existunt,
715 1954 855 2017 sollicita
880 1954 1093 2016 meditatione
1117 1953 1287 2016 intendere
1319 1963 1360 2030 et,
1392 1973 1433 2018 ne
1462 1956 1531 2016 iura
1555 1974 1666 2017 earum
1689 1955 1827 2016 diminui
1858 1952 1990 2015 valeant

313 2047 366 2110 vel
389 2066 448 2128 per
471 2044 719 2125 occupationem
750 2044 894 2106 illicitam
919 2044 1078 2124 deperire,
1102 2042 1234 2124 vigilem
1267 2063 1326 2105 nos
1356 2045 1511 2107 convenit
1533 2062 1644 2106 curam
1675 2051 1707 2105 et
1734 2041 1989 2106 sollicitudinem

313 2135 478 2199 adhibere.
524 2133 596 2196 Hac
618 2134 728 2213 itaque
752 2134 877 2195 ratione
901 2133 1025 2194 inducti
1049 2139 1083 2193 et
1106 2131 1216 2194 officio
1233 2141 1355 2209 nostro,
1380 2153 1447 2215 quo
1463 2131 1635 2214 specialius
1651 2134 1851 2195 monasterio
1867 2141 1987 2204 vestro,

314 2226 404 2307 quod
427 2223 515 2287 beati
537 2223 623 2286 Petri
646 2224 723 2285 iuris
751 2223 871 2296 existit,
901 2221 933 2283 in
956 2241 1015 2283 suo
1046 2221 1114 2283 iure
1138 2221 1255 2284 adesse
1277 2229 1442 2296 tenemur,
1473 2221 1625 2284 attentius
1658 2223 1838 2304 provocati,
1870 2241 1988 2284 omnes

314 2315 525 2379 alienationes
556 2320 589 2374 et
619 2311 873 2386 infeudatione5‚
904 2329 985 2390 quas
1009 2310 1136 2384 Guid0,
1166 2312 1331 2393 quondam
1363 2310 1467 2375 abbas
1491 2311 1677 2374 monasterii
1699 2312 1814 2384 vestri,
1844 2311 1888 2372 de
1912 2330 1988 2392 pos-

314 2402 513 2468 sessionibus
530 2403 598 2465 eius
614 2420 823 2483 quocumque
838 2399 933 2462 titulo
949 2399 1034 2473 fecit,
1059 2402 1164 2462 irritas
1185 2398 1212 2482 a)
1228 2408 1262 2462 et
1277 2400 1408 2463 frivolas
1424 2420 1496 2464 esse
1512 2401 1719 2464 decernimus
1743 2409 1777 2463 et
1791 2400 1986 2463 auctoritate

314 2492 496 2577 apostolica
518 2490 638 2554 viribus
661 2492 790 2573 penitus
805 2509 915 2552 carere
931 2509 1110 2552 censemus.
1143 2485 1371 2571 Obligationes
1388 2492 1526 2572 insuper,
1542 2490 1584 2553 ab
1605 2510 1647 2552 eo
1666 2488 1695 2569 b)
1710 2491 1772 2552 nisi
1787 2489 1987 2565 detentores,

314 2583 405 2662 quod
420 2581 581 2644 dederunt
600 2578 638 2665 b),
653 2582 686 2642 in
702 2577 873 2642 utilitatem
892 2580 1078 2641 monasterii
1095 2597 1287 2640 conversum
1305 2577 1403 2642 luisse
1420 2588 1453 2642 et
1468 2581 1602 2642 durasse
1618 2599 1746 2641 versum
1763 2578 1987 2661 probaverint,

315 2672 429 2735 litteris
452 2669 658 2753 presentibus
682 2670 851 2731 irritamus
895 2667 985 2730 Nulli
1008 2687 1088 2748 ergo
1112 2668 1243 2730 omnino
1266 2667 1435 2731 hominum
1459 2669 1562 2744 liceat,
1590 2668 1674 2732 hanc
1697 2669 1852 2751 paginam
1876 2675 1987 2730 nostre

316 2761 556 2824 constitutionis
578 2757 750 2839 infringere
772 2757 824 2820 vel
854 2759 883 2819 ei
907 2777 986 2819 ausu
1010 2756 1182 2820 temerario
1205 2758 1375 2820 contraire.
1421 2759 1456 2822 Si
1486 2760 1559 2839 quis
1591 2767 1699 2821 autem
1730 2755 1795 2821 hoc
1825 2764 1989 2820 attentare

317 2851 559 2932 presumpserit,
580 2843 585 2928 Ι
606 2847 861 2928 indignationem
886 2845 1119 2928 omnipotentis
1143 2845 1196 2908 dei
1220 2853 1255 2907 et
1277 2845 1447 2910 beatorum
1472 2846 1557 2910 Petri
1581 2856 1615 2910 et
1638 2847 1735 2922 Pauli,
1759 2844 1987 2930 apostolorum

318 2939 393 3015 eius,
416 2958 453 3001 se
476 2938 604 3000 noverit
624 2937 834 2999 incursurum.
858 2970 902 2980 —
924 2934 999 2997 Dat
1021 2931 1026 3020 Ι
1045 2933 1188 3010 Verone,
1212 2946 1236 2994 v
1259 2933 1345 2998 Non.
1367 2933 1394 3022 c)
1418 2933 1556 3000 Octobr.

478 3052 521 3102 Or.
539 3051 573 3100 im
590 3050 703 3100 Archino
719 3050 779 3099 delle
798 3049 872 3114 Opere
890 3049 933 3098 Pie
949 3064 979 3096 zu
996 3048 1084 3113 Reggrb
1099 3049 1157 3096 nell
1175 3048 1275 3098 Emilia.

478 3125 548 3188 Perg.
564 3122 625 3181 ital,
644 3123 679 3172 br.
700 3124 751 3181 0,a,
770 3123 831 3186 lang
853 3122 921 3180 0,19,
949 3127 1024 3170 unten
1048 3121 1225 3178 nom-ona
1252 3123 1440 3192 ampullam,
1468 3121 1546 3174 durch
1564 3124 1579 3173 2
1600 3123 1693 3173 Licher
1712 3124 1770 3188 geht
1795 3122 1834 3174 dic
1857 3137 1914 3172 rosa
1937 3120 1992 3170 md

313 3197 377 3266 gelbe
396 3195 580 3257 sermenem,
598 3211 631 3248 an
649 3195 693 3246 der
709 3194 754 3246 das
772 3191 897 3262 Blenr‘egel
910 3193 992 3262 lenge,
1012 3191 1122 3262 Faltung
1138 3191 1181 3244 der
1199 3192 1299 3249 Brevem

1059 3400 1124 3476 Nr.
1152 3405 1240 3478 355.

317 3534 434 3600 Luceres
450 3534 516 3599 III
526 3534 676 3618 bestc'itigt
688 3534 761 3598 dem
779 3532 1119 3598 Kanenikerkonvente
1134 3554 1194 3597 von
1218 3531 1355 3596 Tortona
1373 3532 1485 3599 dessen
1502 3531 1725 3618 gemeensame
1750 3531 1993 3616 Vereinbamng

316 3627 379 3689 mit
387 3625 460 3690 dem
473 3624 622 3704 Biseleose
632 3622 728 3706 Hugo
739 3643 850 3706 wegen
861 3623 921 3687 der
931 3622 1020 3686 Zalel
1027 3621 1088 3686 der
1100 3621 1289 3686 Kanonileer
1298 3623 1368 3686 und
1375 3622 1437 3687 der
1456 3622 1679 3705 Verzeendnng
1687 3621 1749 3686 der
1758 3622 1943 3706 Benefieeen
1956 3625 1989 3702 ¹).

836 3739 1049 3802 1184-1185
1065 3737 1247 3802 November
1260 3739 1290 3800 4.
1332 3737 1465 3804 Verona.

473 3857 607 3921 LUCIUS
630 3859 814 3939 episcopus,
838 3875 948 3918 servus
971 3875 1138 3917 servorum
1163 3855 1226 3929 dei,
1250 3853 1376 3918 dilectis
1400 3852 1474 3916 filiis
1498 3901 1505 3915 .
1530 3904 1536 3917 .
1561 3855 1732 3937 preposito
1763 3861 1798 3917 et
1820 3857 1988 3918 canonicis

315 3946 599 4021 Terdonensibus,
636 3946 775 4009 salutem
804 3953 838 4008 et
864 3942 870 4030 Ι
898 3944 1114 4027 apostolicam
1146 3944 1420 4007 benedictionem.
1474 3941 1569 4006 Iustis
1604 3945 1785 4025 petentium
1817 3943 1988 4007 desideriis

316 4036 443 4099 facilem
468 4055 528 4098 nos
552 4035 703 4098 convenit
726 4035 866 4117 prebere
900 4053 1092 4097 consensum
1117 4041 1150 4095 et
1173 4041 1259 4104 vota,
1283 4053 1347 4114 que
1371 4033 1539 4095 arationis
1558 4035 1689 4096 tramite
1705 4054 1771 4095 non
1788 4033 1987 4106 discordant,

316 4126 432 4188 effectu
457 4133 676 4206 prosequente
700 4123 877 4206 complere.
922 4122 1117 4205 Eapropter,
1147 4121 1259 4184 dilecti
1290 4124 1321 4185 in
1354 4123 1490 4184 domino
1520 4121 1584 4196 filii,
1613 4123 1729 4184 vestris
1759 4122 1853 4185 iustis
1876 4131 1988 4204 postu·

316 4214 489 4278 lationibus
497 4222 590 4295 grato
597 4221 828 4276 concurrentes
836 4231 978 4286 assensu,
991 4213 1237 4286 institutionem,
1246 4232 1344 4293 quam
1356 4210 1549 4274 venerabilis
1558 4210 1776 4275 fraternoster
1794 4208 1936 4296 .HUG(0)
1949 4210 1986 4296 d),

316 4305 490 4385 episcopus
521 4310 636 4376 vester,
668 4309 734 4363 tam
764 4303 807 4364 de
830 4309 921 4364 certo
944 4303 1175 4364 canonicorum
1199 4320 1343 4375 numero,
1383 4319 1482 4379 quam
1502 4298 1530 4385 e)
1562 4300 1605 4362 de
1637 4300 1850 4383 perceptione
1889 4300 1988 4363 bene-

316 4394 458 4455 fitiorum
482 4391 524 4454 ab
547 4389 737 4454 absentibus
761 4400 795 4454 et
817 4390 1021 4471 presentibus
1043 4392 1086 4453 de
1109 4390 1272 4453 communi
1296 4388 1429 4452 consilio
1445 4398 1479 4451 et
1493 4389 1730 4452 deliberatione
1744 4398 1854 4452 vestra
1869 4389 1988 4453 iecisse

316 4481 500 4554 dinoscitur,
522 4479 604 4541 sicut
627 4480 765 4561 provide
789 4478 873 4542 facta
897 4487 948 4542 est
970 4487 1004 4541 et
1019 4481 1050 4542 in
1067 4481 1167 4560 ipsius
1184 4481 1357 4556 autentico,
1380 4479 1494 4541 vestris
1509 4478 1802 4561 subscriptionibus
1818 4479 1986 4554 roborato,

316 4571 458 4652 apertius
480 4569 670 4643 continetur,
699 4577 801 4630 ratam
825 4588 896 4631 esse
919 4568 1123 4632 decernimus
1155 4577 1189 4632 et
1211 4568 1369 4649 presentis
1391 4567 1501 4649 scripti
1524 4567 1706 4649 patrocinio
1730 4569 1987 4647 communimus;

316 4660 360 4723 ita
381 4667 507 4732 tamen,
538 4657 638 4738 quod,
667 4659 694 4720 si
717 4656 888 4720 facultates
920 4657 1056 4720 ecclesie
1079 4665 1185 4720 vestre
1216 4656 1323 4720 taliter
1352 4658 1572 4732 excreverint,
1605 4658 1694 4738 quod
1725 4656 1837 4739 plures
1861 4659 1989 4740 possint

317 4767 460 4829 congrue
493 4749 674 4821 sustentari,
702 4746 930 4810 nichilominus
954 4747 996 4809 ad
1021 4744 1193 4828 collegium
1218 4752 1369 4821 vestrum,
1401 4748 1456 4825 qui
1479 4747 1590 4808 idonei
1614 4745 1740 4820 luerint,
1773 4757 1988 4812 assumantur.

316 4835 404 4899 Nulli
427 4856 506 4919 ergo
530 4838 664 4899 omnino
686 4834 854 4899 hominum
878 4837 918 4899 sit
941 4836 1074 4909 licitum,
1106 4834 1190 4896 hanc
1214 4835 1365 4916 paginam
1389 4843 1499 4898 nostre
1532 4835 1789 4899 confirmationis
1812 4837 1988 4920 infringere

316 4925 368 4989 vel
392 4945 470 4987 ausu
492 4927 666 4988 temerario
689 4925 890 5005 aliquatenus
913 4925 1079 4988 contraire.
1126 4921 1161 4986 Si
1185 4926 1257 5003 quis
1281 4932 1389 4986 autem
1419 4923 1483 4986 hoc
1513 4933 1711 5007 attemptare
1743 4927 1988 5008 presumpserit,

315 5016 570 5096 indignationem
595 5015 828 5095 omnipotentis
851 5015 904 5077 dei
920 5022 953 5077 et
968 5014 1139 5078 beatorum
1160 5009 1165 5098 Ι
1185 5012 1268 5076 Petri
1286 5019 1319 5075 et
1333 5012 1432 5087 Pauli,
1449 5013 1674 5096 apostolorum
1692 5017 1769 5090 eius,
1784 5034 1822 5077 se
1837 5012 1990 5104 nov(er)it

315 5105 525 5168 incursurum.
550 5139 592 5150 —-
617 5103 693 5166 Dat.
717 5102 858 5177 Verone,
879 5102 884 5186 Ι
904 5117 929 5166 11
952 5102 1038 5167 Non.
1061 5102 1145 5164 Nov.

478 5217 521 5266 Or.
540 5217 574 5266 im
591 5218 703 5266 Archivr'o
726 5217 858 5282 Capr'lolare
875 5235 905 5266 eu
928 5219 1039 5268 Terrena.

477 5289 547 5354 Perg.
565 5289 624 5348 ital,
642 5290 677 5340 br.
699 5292 741 5350 0,2
759 5292 820 5355 lang
836 5291 919 5350 0,173,
938 5297 1015 5340 anien
1033 5290 1111 5349 0,022
1128 5291 1317 5356 umgeschlagen,
1336 5290 1414 5342 durch
1437 5289 1495 5338 aenei
1512 5289 1604 5338 Litcleer
1623 5290 1681 5355 gelet
1705 5289 1742 5339 die
1767 5305 1824 5340 rosa
1848 5292 1907 5342 und
1926 5293 1991 5358 geete

316 5362 494 5411 Seidenschrur
510 5361 581 5409 deren
599 5361 725 5426 Bler'siegel
737 5364 854 5423 verloren,
874 5362 983 5428 Fallung
999 5363 1043 5411 der
1060 5361 1161 5411 Brenen.

316 5479 514 5487 —.-..-...--

474 5525 500 5586 a)
518 5480 616 5570 irrata-s-
635 5479 706 5584 m'b)
720 5481 810 5574 leheim
825 5521 898 5571 initas
915 5539 945 5570 eu
955 5522 1043 5587 selden
1114 5525 1138 5584 c)
1156 5521 1214 5571 Non
1232 5523 1285 5586 aus
1297 5523 1382 5570 Raner
1466 5521 1493 5585 d)
1513 5538 1525 5570 r
1543 5521 1604 5587 Hug
1621 5521 1673 5586 ares
1686 5523 1772 5570 Rene
1857 5523 1884 5583 e)
1905 5538 1989 5572 comm

315 5607 419 5642 numero
431 5607 505 5657 quam
518 5593 571 5658 eus
578 5593 669 5641 Rasur.
687 5629 739 5637 -.
758 5597 795 5657 ,1)
814 5594 927 5662 Affarori,
949 5593 1021 5642 Mem.
1042 5593 1105 5644 istor.
1124 5593 1165 5642 del
1180 5593 1249 5642 Mon.
1269 5593 1296 5641 di
1312 5593 1338 5645 S.
1359 5593 1474 5658 hespero
1492 5593 1519 5642 di
1535 5593 1625 5658 Reggv'o
1642 5593 1661 5642 I
1669 5600 1696 5657 p.
1718 5595 1776 5643 125.
1859 5595 1888 5660 2)
1913 5594 1989 5660 Vergl.

315 5664 353 5714 die
372 5662 489 5714 Urkunde
505 5680 561 5714 vern
585 5665 617 5714 31
636 5662 708 5713 Men
727 5667 905 5728 1178--1179,
926 5669 942 5717 4
963 5665 1033 5732 Jum'
1051 5668 1118 5717 1117
1137 5665 1192 5716 und
1206 5667 1241 5714 20
1261 5663 1316 5714 Mai
1333 5665 1408 5718 1192.
1481 5665 1507 5732 3)
1525 5665 1594 5716 Fene
1609 5665 1643 5714 im
1666 5663 1833 5715 Verurcnnese
1851 5665 1889 5714 bei
1908 5666 1988 5726 Gur,

316 5733 392 5790 Seres
409 5736 580 5803 epncopmm
596 5744 622 5801 p.
643 5737 704 5786 ses.
732 5773 738 5788 .
