4128 6368
273 365 343 425 410

276 537 393 600 bemus
416 536 598 599 dilectionis
621 533 787 617 amplecti,
808 555 828 597 a
852 534 971 615 quibus
994 555 1055 597 nos
1079 535 1308 616 cognoscimus
1333 535 1500 606 maiorem,
1523 533 1603 596 dum
1627 535 1660 597 in
1678 536 1797 598 minori
1813 554 1963 597 essemus

275 625 383 688 offitio
399 625 574 700 constituti,
598 623 811 688 reverentiam
827 625 1006 704 accepisse.
1054 621 1307 687 Considerantes
1330 625 1442 705 itaque
1464 621 1674 686 honestatem
1691 634 1725 689 et
1739 624 1964 698 sedulitatem,

276 734 375 794 quam
399 714 485 777 circa
506 713 629 776 cultum
653 715 838 776 divinorum
869 712 1104 794 obsequiorum
1137 715 1267 794 geritis,
1300 721 1334 774 et
1363 713 1565 774 incremento
1596 713 1735 778 ecclesie
1757 721 1866 776 vestre
1898 735 1964 795 pro

277 803 378 866 nostri
402 802 498 866 officii
521 802 636 865 debito
660 802 829 865 intendere
853 803 1039 883 cupientes,
1071 800 1137 874 his,
1171 805 1226 883 qui
1260 803 1303 864 ad
1331 801 1451 864 festum
1475 801 1577 863 sancti
1599 801 1731 866 Thome
1755 803 1909 882 martyris
1929 802 1963 886 ¹),

274 892 318 956 ad
343 893 432 956 cuius
455 892 615 955 honorem
639 891 742 953 altare
764 892 798 952 in
822 889 961 953 ecclesia
983 899 1091 954 vestra
1114 891 1348 966 dedicavimus,
1378 891 1564 953 devotionis
1597 892 1713 954 intuitu
1745 893 1964 956 convenerint

275 983 454 1056 annuatim,
486 982 530 1043 de
562 981 741 1062 penitentia
772 979 833 1042 sibi
865 979 1007 1041 iniuncta
1029 987 1106 1042 octo
1139 979 1224 1053 dies,
1261 979 1377 1042 confisi
1401 981 1445 1044 de
1466 980 1639 1044 clementia
1672 983 1894 1063 redemptoris
1928 990 1965 1044 et

274 1071 505 1153 apostolorum
537 1071 670 1145 meritis,
702 1069 955 1134 misericorditer
987 1068 1202 1151 indulgemus.
1226 1105 1270 1116 -
1293 1068 1371 1131 Dat.
1394 1071 1557 1144 Laterani,
1581 1083 1657 1132 XVII
1679 1070 1753 1134 Kal
1778 1070 1965 1134 Februarii.

434 1184 561 1247 Absclm‘st
578 1199 633 1233 vom
653 1186 686 1234 16
706 1184 799 1248 Jahrb.
819 1183 860 1232 des
881 1182 937 1233 Cod.
963 1183 1016 1230 Vnt.
1037 1184 1106 1232 6085
1119 1189 1148 1247 p.
1167 1185 1223 1244 159,
1243 1183 1270 1232 in
1288 1184 1332 1232 der
1348 1183 1413 1234 Bibl.
1439 1183 1557 1232 Vaticana
1574 1199 1605 1232 zu
1623 1185 1694 1233 Rene.

439 1364 463 1429 ι)
483 1362 508 1411 S.
533 1362 644 1420 Thomas,
669 1360 815 1424 Erebisckof
833 1375 880 1409 von
908 1359 1064 1426 Camerbmy,
1091 1359 1221 1425 Mdrtyrer
1244 1377 1285 1410 am
1311 1363 1345 1411 29
1364 1361 1495 1410 December
1519 1363 1593 1423 1170,
1621 1361 1756 1426 Hauptfest
1777 1361 1806 1411 in
1828 1363 1891 1410 Rom
1921 1378 1966 1410 am

274 1433 309 1480 29
328 1433 463 1494 December,
482 1435 509 1484 in
530 1433 601 1482 Paris
618 1449 659 1483 am
679 1437 694 1482 7
716 1432 782 1497 Jedi,
802 1432 855 1481 dem
876 1431 939 1497 Tage
956 1432 1033 1480 seiner
1054 1431 1220 1483 Translatisn.
