4126 6356
516 539 536 624 †
559 541 632 623 Ego
657 541 854 604 Octavianus
879 541 1041 622 presbiter
1065 542 1238 605 cardinalis
1261 546 1309 605 tit.
1334 549 1446 605 sancte
1470 542 1587 605 Cecilic
1610 563 1651 603 ss.

515 667 560 676 -
582 629 601 713 †
626 629 697 713 Ego
721 630 831 693 Guido
854 631 1012 693 diaconus
1037 627 1214 709 carffdinalis
1237 641 1348 695 sancte
1372 633 1474 694 Maric
1498 633 1529 692 in
1554 631 1684 692 Porticu
1707 651 1749 691 ss.

515 718 535 802 i
559 720 632 802 Ego
656 719 814 783 lohannes
838 722 995 804 diaconus
1019 720 1191 783 cardinalis
1214 731 1401 785 sanctorum
1426 722 1531 802 Sergii
1556 729 1589 783 et
1612 719 1713 782 Bachi
1736 740 1777 780 ss.
1802 716 1850 802 (2)

461 809 538 872 Dat.
554 811 714 884 Laterani,
739 831 798 892 per
821 830 952 873 manum
976 809 1125 886 Rolandi,
1147 820 1257 892 sancte
1273 811 1420 894 Romane
1445 810 1582 892 ecclesie
1606 809 1778 891 presbiteri
1804 805 1978 869 cardinalis

304 906 337 960 et
360 899 548 962 cancellarii.
593 914 668 962 XVII
690 899 743 963 Kl.
768 897 934 962 Octobris
978 898 1160 962 Indictione
1184 915 1232 964 111.
1278 900 1513 964 lncarnationis
1536 899 1700 981 dominice
1732 907 1978 960 annoticum.

303 987 512 1052 Pontificatus
535 1009 614 1052 vero
639 990 753 1052 domni
776 989 942 1052 Anastasii
967 1002 1019 1052 1111
1042 1010 1099 1070 pp.
1124 1005 1268 1054 annon.

466 1103 508 1152 Or.
527 1104 561 1152 im
579 1103 693 1152 Arclnbr'o
711 1103 774 1152 della
797 1101 892 1152 Trinirt
910 1120 939 1151 su
956 1104 996 1151 La
1018 1103 1093 1156 Cava.

464 1176 534 1240 Perg.
553 1175 614 1235 ital,
633 1176 668 1222 br.
688 1176 758 1234 0,45,
776 1177 836 1239 lang
853 1176 922 1234 o,49,
942 1183 1016 1223 untm
1035 1177 1095 1234 0,03
1112 1176 1303 1240 rrrrrgescltlagtn,
1328 1174 1405 1224 dicrclr
1424 1175 1439 1221 2
1460 1173 1551 1222 Lichrr
1564 1172 1627 1238 ging
1644 1172 1680 1220 die
1699 1173 1805 1230 Schnur,
1830 1169 1920 1218 welche
1937 1169 1981 1216 mit

303 1245 355 1294 dem
374 1245 428 1295 Blcr'
450 1249 567 1296 verlorcn.
604 1247 713 1312 Fnltrmg
737 1247 780 1296 der
797 1247 894 1295 Bullen.
931 1247 1068 1312 li‘r'ngkreuz
1086 1248 1141 1294 rond
1160 1247 1323 1311 Litterscltrffl
1345 1263 1393 1294 von
1413 1245 1528 1312 gleicher,
1558 1243 1695 1308 Uorsclrrist
1717 1259 1766 1291 oon
1789 1250 1864 1291 eleons
1881 1240 1981 1289 Μάνη

304 1318 386 1367 Diale.
423 1319 470 1367 Die
488 1319 615 1382 Dutinmg
632 1319 706 1367 riilert
729 1333 783 1366 omn
809 1318 1094 1382 llauptkorpmctreiber
1119 1319 1173 1382 her,
1202 1319 1287 1371 dasR
1311 1319 1420 1368 lr'oloncls
1443 1318 1533 1368 sclrcint
1561 1317 1634 1366 dorin
1660 1316 1837 1382 rmchgctragm
1864 1330 1895 1362 eu
1922 1312 1978 1362 scin.

304 1389 482 1456 Zeugenfirmcn
500 1389 625 1439 llreilwcise
644 1389 712 1440 wohl
725 1407 773 1440 von
787 1389 893 1457 gleichcr
910 1389 994 1442 fland.

1046 1679 1113 1754 Nr.
1145 1683 1230 1755 148.

302 1822 494 1888 Anastasius
507 1825 563 1888 IV
572 1825 720 1908 bestdtrgt
730 1827 802 1891 dem
814 1828 893 1892 Abte
911 1827 981 1893 Orto
991 1851 1056 1892 oon
1074 1828 1102 1892 C
1101 1830 1160 1893 ielo
1176 1827 1206 1892 d
1214 1827 1278 1893 Oro
1293 1827 1332 1890 di
1342 1827 1449 1889 anr'a
1464 1827 1518 1889 die
1530 1825 1770 1888 Besitotlriimcr
1780 1823 1854 1886 rond
1864 1821 1981 1884 Recito

509 1916 614 1979 seinos
638 1915 791 1998 Klusters,
813 1917 881 1981 und
900 1919 1039 1982 verleilzt
1061 1919 1130 1982 ilem
1147 1917 1333 2001 persdnliclr
1357 1914 1563 2000 br'sclriiflz'clte
1588 1912 1764 1998 [magnien.

899 2055 981 2114 1154
1004 2050 1136 2116 October
1149 2055 1199 2116 15.
1233 2053 1384 2115 Lateran.

461 2184 656 2248 Anastasius
679 2187 864 2268 episcopus,
887 2207 997 2250 servus
1020 2207 1188 2250 servorum
1205 2187 1269 2262 dei,
1293 2185 1413 2248 dilecto
1433 2184 1498 2247 filio
1516 2183 1640 2257 Ottoni,
1664 2182 1775 2246 abbati
1791 2181 1982 2243 monasterii

302 2272 404 2334 sancti
420 2273 515 2347 Petri,
539 2275 629 2353 quod
653 2275 772 2338 dicitur
792 2274 904 2339 Celum
929 2297 1070 2354 aureum,
1094 2279 1230 2356 eiusque
1253 2275 1497 2338 successoribus
1522 2273 1713 2356 regulariter
1736 2270 1982 2344 substituendis,

302 2375 340 2424 ΙΝ
370 2375 447 2425 ΡΡΜ.
482 2396 526 2409 -
555 2363 753 2446 Apostolice
792 2367 880 2428 sedis
917 2368 1113 2429 auctoritate
1152 2365 1333 2444 debitoque
1370 2363 1615 2446 compellimur,
1655 2383 1716 2443 pro
1755 2361 1980 2424 universarum

302 2451 511 2515 ecclesiarum
543 2461 629 2516 statu
658 2461 807 2536 satagere
844 2464 877 2518 et
908 2476 1020 2518 earum
1051 2457 1165 2534 quieti,
1203 2475 1267 2536 que
1297 2453 1470 2536 specialius
1503 2453 1610 2515 eidem
1642 2450 1713 2513 sedi
1745 2448 1909 2512 adherent
1946 2457 1981 2511 et

301 2548 456 2619 tanquam
480 2543 548 2604 iure
572 2545 707 2624 proprio
730 2545 879 2607 subiecte
901 2553 984 2619 sunt,
1012 2543 1187 2607 auxiliante
1219 2545 1363 2618 domino,
1396 2543 1580 2624 providere.
1627 2543 1823 2621 Eapropter,
1857 2538 1980 2601 dilecte

302 2631 335 2691 in
359 2630 493 2692 domino
516 2630 571 2706 fili,
593 2629 675 2694 Otto
699 2634 812 2708 abbas,
843 2636 906 2696 tuis
931 2634 1020 2696 iustis
1043 2633 1319 2715 postulationibus
1340 2633 1368 2714 a)
1394 2634 1571 2695 clementer
1594 2632 1773 2703 annuimus,
1805 2637 1839 2690 et
1863 2629 1981 2710 prede·

302 2738 467 2782 cessorum
492 2729 678 2784 nostrorum
702 2721 802 2785 felicis
828 2725 985 2786 memorie
1008 2721 1181 2797 Paschalis,
1212 2722 1338 2798 Calixti,
1369 2721 1557 2795 innocentii,
1582 2719 1727 2801 Eugenii,
1751 2719 1981 2780 Romanorum

301 2805 527 2891 (pontificum),
543 2809 721 2873 inherendo
737 2813 890 2894 vestigiis,
913 2814 1001 2876 beati
1019 2812 1114 2886 Petri,
1138 2811 1365 2894 apostolorum
1389 2812 1555 2891 principis,
1572 2809 1814 2880 monasterium,
1840 2807 1892 2868 cui
1915 2807 1981 2868 deo

302 2905 435 2960 auctore
447 2901 603 2979 presides,
615 2901 706 2981 quod
718 2903 830 2981 utique
843 2902 930 2964 beati
943 2901 1124 2983 Augustini,
1136 2901 1282 2963 doctoris
1294 2899 1425 2982 egregii,
1438 2899 1598 2980 corporali
1612 2898 1777 2979 presentia
1794 2895 1982 2971 illustratur,

302 2985 487 3071 presentiis)
501 2988 613 3070 scripti
628 2991 799 3072 privilegio
815 2992 1059 3054 communimus.
1082 2991 1263 3054 Statuimus
1280 2993 1374 3064 enim,
1391 2998 1425 3051 ut
1443 3008 1648 3070 quecumque
1664 2987 1759 3060 bona,
1771 3005 1982 3066 quecumque

303 3075 424 3156 predia,
441 3077 563 3141 urbana
578 3080 646 3141 sive
663 3081 789 3154 rustica,
805 3079 892 3142 culta
908 3081 959 3143 vel
975 3079 1105 3154 inculta,
1123 3100 1329 3160 quecumque
1346 3079 1570 3160 possessiones
1587 3078 1617 3138 in
1633 3075 1730 3148 villis,
1755 3075 1851 3149 silviS,
1870 3076 1981 3154 pratiS,

302 3164 446 3240 coloniis,
463 3167 578 3240 servis,
601 3167 725 3230 ancillis
741 3189 798 3231 seu
814 3169 997 3232 aldionibus
1014 3171 1046 3231 in
1064 3168 1204 3232 ecclesiis
1228 3178 1261 3231 et
1280 3170 1308 3246 b)
1333 3169 1468 3231 decimis
1493 3168 1638 3229 omnium
1663 3165 1786 3246 ubique
1810 3172 1981 3238 terrarum,

302 3257 504 3330 rusticorum,
528 3257 777 3320 donnicatorum
802 3268 835 3321 et
852 3258 1054 3330 familiarum,
1078 3261 1146 3321 sive
1163 3259 1319 3339 primiciis
1335 3259 1377 3319 ad
1398 3265 1541 3319 vestrum
1563 3255 1738 3318 cenobium
1762 3255 1980 3315 concessione

302 3343 502 3424 pontificum,
534 3346 709 3427 largicione
740 3368 852 3429 regum
877 3348 928 3411 vel
959 3351 1158 3430 principum,
1190 3347 1359 3411 oblatione
1391 3345 1535 3409 fidelium
1566 3365 1623 3406 seu
1655 3344 1726 3406 aliis
1751 3345 1845 3404 iustis
1872 3343 1981 3404 modis

302 3432 333 3494 in
356 3436 592 3514 presentiarum
616 3437 779 3516 pertinent
802 3446 858 3499 aut
878 3436 904 3522 ο)
935 3441 966 3500 in
991 3436 1141 3512 futurum,
1164 3437 1322 3518 largiente
1347 3437 1491 3508 dominu,
1525 3435 1612 3496 idem
1638 3433 1877 3496 monasterium
1898 3432 1981 3494 iuste

302 3524 425 3602 poterit
446 3523 590 3604 adipisci,
622 3524 714 3587 firma
746 3525 804 3588 tibi
826 3529 956 3608 tuisque
980 3528 1222 3588 successoribus
1246 3535 1279 3588 et
1301 3526 1428 3588 illibata
1451 3531 1674 3606 permaneant.
1722 3520 1879 3584 Obeunte
1903 3541 1980 3583 vero

301 3620 343 3687 te,
374 3632 460 3674 nunc
490 3614 636 3675 eiusdem
667 3614 729 3676 loci
760 3615 890 3690 abbate,
921 3614 971 3678 vel
1005 3625 1135 3677 tuorum
1166 3615 1313 3696 quolibet
1345 3634 1585 3688 successorum,
1617 3612 1724 3674 nullus
1758 3612 1801 3673 ibi
1834 3611 1981 3692 qualibet

301 3701 512 3782 surreptionis
536 3705 659 3765 astucia
683 3723 740 3766 seu
763 3704 922 3768 violencia
947 3715 1156 3786 preponatur,
1185 3705 1242 3766 nisi
1268 3725 1365 3786 quem
1397 3704 1512 3765 fratres
1544 3702 1709 3764 communi
1741 3720 1906 3762 consensu
1930 3699 1982 3762 vel

302 3788 435 3852 fratrum
460 3811 534 3873 pars
566 3793 690 3855 consilii
713 3795 849 3856 sanioris
873 3795 1053 3856 secundum
1085 3795 1139 3855 dei
1171 3795 1320 3856 timorem
1353 3802 1385 3855 et
1416 3793 1504 3854 beati
1529 3791 1701 3854 Benedicti
1733 3790 1881 3871 regulam
1908 3809 1982 3870 pro·

301 3880 440 3942 viderint
456 3881 656 3963 eligendum3
673 3881 797 3944 electus
813 3891 921 3945 autem
938 3884 980 3945 ad
997 3882 1183 3945 Romanum
1201 3882 1391 3964 pontificem
1408 3881 1649 3944 consecrandus
1665 3881 1812 3941 accedat.
1846 3877 1982 3950 Crisma,

302 3968 410 4031 oleum
434 3979 592 4046 sanctum,
622 3974 886 4034 consecrationes
913 3973 1062 4035 altarium
1086 3991 1143 4034 seu
1167 3971 1380 4045 basilicarum,
1413 3972 1636 4033 ordinationes
1661 3967 1900 4030 monachorum
1925 3988 1982 4030 seu

301 4059 531 4122 canonicorum
547 4069 739 4134 vestrorum,
756 4062 809 4142 qui
824 4061 867 4123 ad
883 4081 993 4124 sacros
1010 4061 1141 4124 ordines
1157 4061 1273 4124 fuerint
1289 4061 1514 4143 promovendi,
1531 4081 1550 4122 a
1567 4078 1777 4138 quocumque
1793 4057 1982 4132 malueritis

300 4145 463 4210 catholico
487 4151 670 4230 suscipiatis
695 4151 862 4232 episcopo,
886 4151 1046 4230 siquidem
1071 4151 1205 4231 gratiam
1230 4153 1318 4213 sedis
1341 4149 1526 4232 apostolice
1549 4147 1710 4210 habuerit.
1757 4145 1876 4209 Missas
1901 4167 1981 4228 quo·

300 4256 364 4316 que
388 4236 536 4317 publicas
561 4240 593 4300 in
617 4240 736 4302 eodem
761 4243 960 4302 monasterio
976 4240 1132 4302 celebrari
1149 4248 1205 4302 aut
1220 4242 1395 4302 stationem
1412 4247 1469 4302 aut
1484 4237 1648 4319 synodum
1665 4236 1717 4299 vel
1733 4237 1978 4298 ordinationem

299 4325 443 4404 aliquam
474 4335 583 4408 preter
615 4328 744 4390 abbatis
775 4328 977 4391 voluntatem
1009 4329 1051 4392 ab
1083 4332 1242 4410 episcopo
1274 4328 1423 4408 quolibet
1453 4327 1521 4390 fieri
1553 4326 1776 4409 prohibemus.
1829 4325 1886 4387 Ad
1921 4323 1981 4386 hec

300 4417 443 4496 presenti
467 4417 610 4498 capitulo
635 4417 824 4492 adicientes,
848 4417 1029 4491 dalmatice,
1059 4421 1162 4491 mitre,
1195 4418 1415 4481 sandaliorum
1441 4437 1587 4480 necnon
1622 4413 1862 4478 cirothecarum
1887 4434 1979 4476 usum

301 4512 334 4566 et
372 4505 456 4568 inter
494 4505 708 4569 itinerandum
751 4508 873 4588 insigne
911 4507 1094 4569 tintinabuli
1133 4508 1192 4570 tibi
1231 4509 1360 4588 tuisque
1398 4505 1639 4569 successoribus
1673 4513 1706 4566 et
1743 4505 1773 4566 in
1805 4503 1979 4585 sepedicto

300 4595 498 4656 monasterio
523 4594 723 4677 baptismum
746 4597 777 4658 in
802 4595 948 4677 paschali
972 4597 1215 4677 sollempnitate
1238 4617 1297 4678 per
1321 4597 1487 4658 subiectos
1510 4596 1607 4658 vobis
1632 4593 1770 4657 clericos
1795 4591 1865 4655 fieri
1889 4593 1979 4654 iuxta

300 4682 570 4764 predecessorum
594 4693 780 4748 nostrorum
803 4694 924 4747 statuta
948 4686 1167 4748 concedimus.
1214 4683 1335 4765 Sicque
1358 4685 1401 4748 ab
1426 4688 1513 4747 omni
1538 4686 1615 4766 iugo
1638 4704 1695 4746 seu
1725 4684 1852 4745 ditione
1876 4684 1979 4744 cuius·

300 4793 441 4853 cumque
465 4792 603 4854 persone
627 4782 769 4836 vestrum
794 4775 969 4837 cenobium
993 4775 1131 4837 liberum
1149 4795 1340 4856 permanere
1356 4776 1548 4848 sanccimus,
1572 4782 1607 4836 ut
1623 4772 1684 4836 soli
1700 4780 1813 4834 sancte
1829 4771 1979 4834 Romane

300 4871 334 4924 et
355 4861 535 4944 apostolice
550 4862 687 4926 ecclesie
704 4863 871 4926 subditum
894 4862 1054 4927 habeatur
1072 4863 1111 4948 d).
1142 4865 1357 4927 Decernimus
1381 4884 1469 4945 erg0,
1493 4872 1527 4926 ut
1544 4862 1621 4926 nulli
1652 4863 1784 4925 omnino
1808 4860 1979 4923 hominum

298 4950 409 5026 liceat,
451 4955 713 5033 prenominatum
749 4955 980 5016 monasterium
1011 4961 1135 5016 temere
1170 4953 1361 5035 perturbare
1401 4963 1456 5015 aut
1486 4956 1554 5015 eius
1585 4953 1812 5034 possessiones
1852 4950 1979 5013 auferre

298 5039 351 5102 vel
380 5039 505 5102 ablatas
539 5042 684 5118 retinere,
717 5045 862 5106 minuere
892 5051 948 5105 aut
978 5041 1139 5122 aliquibus
1170 5043 1398 5106 vexationibus
1435 5042 1585 5123 fatigare,
1625 5043 1684 5103 sed
1716 5040 1824 5102 omnia
1854 5041 1980 5121 integra

299 5139 530 5192 conserventur
554 5150 676 5205 eorum,
708 5154 768 5213 pro
793 5153 931 5214 quorum
961 5133 1198 5212 gubernatione
1229 5151 1386 5194 concessa
1415 5142 1497 5204 sunt,
1529 5131 1641 5194 usibus
1673 5131 1874 5193 omnimodis
1908 5151 1978 5211 pro·

300 5217 413 5294 futura,
444 5219 533 5282 salva
557 5220 588 5282 in
612 5223 763 5285 omnibus
787 5221 968 5303 apostolice
991 5222 1079 5283 sedis
1103 5223 1307 5285 auctoritate.
1353 5219 1478 5300 Siqua
1510 5223 1608 5302 igitur
1638 5223 1669 5283 in
1699 5219 1842 5282 futurum
1877 5219 1979 5282 eccle·

299 5309 427 5370 siastica
455 5309 651 5373 secularisve
682 5331 853 5392 persona,·
876 5309 958 5372 hanc
992 5318 1102 5372 nostre
1133 5311 1373 5372 constitutionis
1404 5313 1557 5392 paginam
1597 5313 1721 5385 sciens,
1759 5317 1875 5371 contra
1909 5328 1977 5371 eam

298 5404 422 5460 temere
444 5399 552 5462 venire
583 5403 804 5482 temptaverit,
835 5400 981 5462 secundo
1012 5401 1152 5462 tertiove
1183 5401 1392 5474 commonita,
1423 5403 1449 5462 si
1481 5421 1547 5462 non
1577 5399 1801 5462 satisfactione
1833 5418 1978 5481 congrua

299 5487 530 5564 emendaverit,
556 5491 727 5572 potestatis
750 5490 949 5570 honorisque
965 5489 1013 5550 sui
1030 5489 1189 5570 dignitate
1214 5497 1324 5551 careat
1346 5508 1503 5570 reamque
1519 5509 1555 5552 se
1571 5490 1682 5551 divino
1698 5489 1818 5550 iudicio
1837 5491 1978 5551 existere

298 5577 340 5638 de
363 5588 551 5660 perpetrata
574 5581 744 5661 iniquitate
768 5585 955 5661 cognoscat,
979 5585 1012 5639 et
1035 5597 1055 5640 a
1077 5579 1295 5642 sacratissimo
1320 5599 1463 5660 corpore
1486 5599 1524 5641 ac
1548 5581 1707 5661 sanguine
1723 5578 1777 5640 dei
1795 5585 1830 5640 et
1846 5577 1978 5649 domini,

456 5739 481 5804 a)
501 5738 661 5804 petitionibus
679 5741 738 5805 li'eg.
759 5739 874 5788 Pataram
948 5739 974 5804 b)
994 5737 1019 5787 in
1092 5748 1115 5804 c)
1135 5743 1159 5789 et
1180 5739 1254 5788 Paro.
1327 5739 1354 5806 d)
1372 5739 1493 5793 hortatur.
