4126 6366
1689 340 1748 402 331

70 504 201 578 suturis,
237 504 393 568 canonice
424 505 616 581 statuendis,
647 519 686 570 ΙΝ
709 521 785 570 ΡΡΜ.
811 545 852 555 -
872 505 877 595 Ι
899 507 1061 592 Quotiens
1085 533 1104 575 a
1128 511 1223 574 nobis
1255 512 1396 593 petitur,
1425 510 1517 591 quod
1547 509 1695 593 religioni
1719 519 1753 574 et

69 594 238 658 honestati
263 595 438 657 convenire
461 595 646 668 dinoscitur,
670 598 780 661 animo
803 619 863 662 nos
887 599 985 665 decet
1007 600 1122 665 libenti
1138 601 1321 664 concedere
1337 607 1371 662 et
1387 599 1567 681 petentium
1584 599 1755 664 desideriis

69 705 252 766 congruum
277 684 464 765 suffragium
489 685 659 769 impertiri.
705 687 901 771 Eapropter,
929 691 1037 754 dilecti
1058 688 1062 776 Ι
1084 693 1116 753 in
1139 691 1276 753 domino
1300 689 1364 763 filii,
1387 688 1502 752 vestris
1526 691 1618 753 iustis
1642 699 1755 772 postu·

69 774 248 837 lationibus
281 771 461 837 clementer
491 774 662 837 annuimus
695 784 729 838 et
759 778 921 858 prefatam
955 780 1144 854 ecclesiam,
1176 780 1209 842 in
1234 799 1300 859 qua
1323 779 1435 842 divino
1468 780 1644 861 mancipati
1676 782 1755 844 estis

69 863 251 943 obsequio,
283 863 326 926 ad
357 861 528 946 exemplar
558 862 661 927 felicis
692 866 926 931 recordationis
959 871 1203 951 predecessoris
1232 870 1344 944 nostri,
1374 866 1592 932 ALEXANDRI
1615 889 1703 951 pape
1723 867 1754 954 ¹),

69 953 133 1016 sub
163 953 253 1016 beati
276 953 361 1016 Petri
392 961 425 1015 et
457 961 569 1016 nostra
600 956 807 1034 protectione
839 961 1035 1040 suscipimus
1066 967 1100 1021 et
1130 953 1296 1039 presentis
1322 957 1433 1039 scripti
1464 957 1633 1040 privilegio
1664 979 1754 1021 corn·

71 1044 246 1106 munimus.
293 1041 329 1104 ln
352 1041 464 1124 primis
496 1039 657 1122 siquidem
689 1051 880 1120 statuentes,
912 1056 946 1109 ut
970 1049 1054 1110 ordo
1078 1049 1263 1123 canonicus,
1294 1048 1349 1128 qui
1382 1047 1564 1108 secundum
1595 1047 1694 1110 deum
1718 1055 1752 1111 et

70 1132 160 1195 beati
186 1129 360 1213 Augustini
384 1129 530 1213 regulam
555 1133 585 1194 in
609 1133 726 1196 eadem
750 1134 888 1198 ecclesia
911 1137 1074 1200 institutus
1106 1156 1178 1199 esse
1210 1137 1399 1210 dinoscitur,
1431 1138 1599 1218 perpetuis
1631 1137 1753 1199 ibidem

70 1221 280 1304 temporibus
307 1220 539 1284 inviolabiliter
570 1221 771 1286 observetur.
818 1226 985 1301 Preterea,
1019 1245 1244 1306 quascumque
1274 1225 1514 1307 possessiones,
1546 1245 1753 1308 quecumque

70 1312 161 1374 bona
185 1311 301 1374 eadem
326 1309 466 1373 ecclesia
490 1311 522 1373 in
546 1313 784 1392 presentiarum
809 1315 894 1378 iuste
917 1324 951 1378 et
982 1317 1140 1379 canonice
1171 1314 1320 1398 possidet
1349 1320 1406 1376 aut
1436 1315 1469 1375 in
1502 1313 1643 1378 futurum
1676 1335 1754 1377 con·

71 1401 222 1465 cessione
260 1397 470 1482 pontificum,
509 1399 683 1482 largitione
721 1422 834 1485 regum
869 1403 921 1468 vel
960 1405 1157 1487 principum,
1196 1403 1362 1469 oblatione
1399 1402 1546 1466 fidelium
1586 1423 1643 1468 seu
1684 1403 1753 1466 aliis

70 1492 164 1554 iustis
189 1489 312 1564 modis,
343 1496 514 1571 prestante
538 1489 685 1565 domino,
718 1495 841 1574 poterit
864 1495 1016 1576 adipisci,
1048 1495 1141 1557 firma
1171 1493 1265 1556 vobis
1295 1493 1479 1571 vestrisque
1509 1493 1753 1557 successoribus

70 1589 103 1644 et
135 1579 257 1642 illibata
290 1586 512 1660 permaneant.
558 1577 594 1641 ln
621 1580 740 1660 quibus
772 1580 834 1645 hec
865 1584 1005 1666 propriis
1036 1585 1190 1646 duximus
1222 1581 1438 1664 exprimenda
1460 1582 1646 1646 vocabulis:
1678 1582 1753 1645 loca

69 1671 150 1754 ipsa,
181 1670 214 1731 in
234 1667 357 1750 'quibus
380 1667 506 1750 prefate
530 1667 669 1732 ecclesie
691 1678 879 1734 sanctorum
904 1671 1045 1735 Victoris
1067 1681 1102 1735 et
1125 1671 1276 1736 Iohannis
1299 1673 1361 1734 site
1385 1679 1468 1746 sunt,
1500 1691 1574 1734 cum
1599 1673 1752 1736 omnibus

71 1759 277 1843 appendiciis
308 1759 390 1832 suis,
426 1777 540 1820 omnes
570 1761 810 1840 possessiones,
852 1780 933 1841 quas
964 1761 1095 1824 habetis
1124 1763 1156 1824 in
1186 1761 1261 1824 loco
1291 1762 1347 1840 qui
1378 1760 1496 1824 dicitur
1524 1760 1691 1843 Lupulent
1720 1769 1754 1823 et

69 1847 248 1931 Argellant
278 1854 312 1909 et
341 1845 488 1909 Flessem
508 1844 536 1931 a)
567 1854 600 1911 et
631 1847 810 1912 Castanasii
841 1859 875 1912 et
906 1850 1104 1915 Casellarum
1136 1858 1170 1913 et
1201 1849 1331 1913 Paterni
1360 1868 1400 1911 ac
1431 1847 1565 1926 Gleule,
1598 1849 1752 1932 quicquid

70 1939 169 2003 etiam
201 1938 279 2000 iuris
308 1934 438 1999 habetis
468 1935 553 1999 inira
582 1937 741 2002 ambitum
772 1938 920 2018 Bononie
952 1939 1003 2004 vel
1038 1949 1132 2004 extra
1164 1941 1197 2003 in
1237 1941 1431 2022 episcopatu
1461 1939 1678 2015 Bononiensi,
1720 1946 1753 2001 et

69 2027 226 2109 quicquid
257 2027 326 2088 iure
356 2024 593 2107 emphiteotico
624 2028 751 2108 prelata
783 2028 920 2092 ecclesia
951 2028 1053 2093 habet
1084 2030 1126 2093 ab
1158 2028 1299 2093 ecclesia
1321 2029 1424 2092 sancti
1448 2025 1619 2112 Stephani.
1666 2026 1752 2093 Sane

69 2117 237 2181 novalium
270 2125 468 2188 vestrorum,
508 2136 574 2197 que
603 2118 742 2200 propriis
774 2119 925 2182 manibus
956 2127 1013 2182 aut
1041 2119 1229 2202 sumptibus
1260 2118 1367 2182 colitis
1385 2116 1430 2205 b),
1470 2120 1539 2181 sive
1578 2120 1622 2182 de
1652 2120 1752 2181 nutri·

69 2208 190 2271 mentis
230 2204 418 2267 animalium
453 2212 637 2268 vestrorum
675 2207 818 2270 decimas
850 2229 869 2270 a
899 2210 996 2273 vobis
1033 2209 1140 2272 nullus
1179 2210 1312 2290 exigere
1348 2213 1404 2270 aut
1442 2217 1641 2289 extorquere
1679 2227 1750 2291 pre·

68 2303 187 2360 sumat.
241 2293 356 2357 Liceat
395 2312 529 2373 quoque
566 2295 675 2370 vobis,
716 2295 853 2360 clericos
884 2297 936 2361 vel
972 2298 1089 2374 laicos,
1128 2318 1147 2362 e
1186 2297 1298 2362 seculo
1339 2297 1517 2379 fugientes,
1557 2299 1678 2363 liberos
1718 2303 1752 2360 et

68 2385 260 2458 absolutos,
297 2383 340 2446 ad
373 2385 622 2447 conversionem
658 2385 804 2467 recipere
843 2395 878 2450 et
915 2407 972 2450 eos
1012 2388 1138 2469 absque
1169 2386 1432 2451 contradictione
1464 2388 1572 2470 aliqua
1602 2388 1750 2451 retinere.

67 2473 279 2557 Sepulturam
304 2491 437 2554 quoque
460 2472 563 2553 ipsius
586 2472 649 2536 loci
672 2474 810 2538 liberam
833 2496 906 2540 esse
929 2478 1150 2554 concedimus,
1174 2483 1210 2540 ut
1233 2495 1346 2541 eorum
1367 2474 1536 2541 devotioni
1553 2487 1587 2542 et
1602 2487 1751 2544 extreme

68 2565 239 2637 voluntati,
270 2557 350 2647 [qui]
381 2581 418 2624 se
449 2559 512 2625 illic
540 2562 670 2645 sepeliri
702 2564 970 2642 deliberaverint,
1003 2567 1064 2630 nisi
1094 2567 1181 2630 iorte
1211 2568 1489 2630 excommunicati
1511 2567 1563 2630 vel
1587 2569 1750 2632 interdicti

67 2657 138 2729 sint,
166 2652 273 2716 nullus
297 2652 443 2726 obsistat,
466 2650 557 2714 salva
573 2662 681 2716 tamen
697 2655 817 2717 iustitia
831 2655 956 2719 illarum
974 2655 1195 2730 ecclesiarum,
1218 2656 1373 2739 aquibus
1389 2663 1593 2721 mortuorum
1610 2678 1751 2741 corpora

68 2751 285 2808 assumuntur.
332 2738 414 2803 Cum
439 2748 548 2804 autem
572 2743 726 2824 generale
755 2745 964 2808 interdictum
995 2753 1081 2808 terre
1109 2745 1213 2821 luerit,
1243 2746 1339 2809 liceat
1360 2746 1466 2820 vobis,
1498 2747 1615 2810 clausis
1638 2749 1749 2824 ianuis,

68 2833 210 2898 exclusis
235 2825 553 2917 [exc]ommunicatis
586 2839 619 2894 et
649 2834 836 2910 interdictis,
867 2855 932 2898 non
961 2834 1096 2917 pulsatis
1126 2835 1303 2918 campanis,
1334 2853 1511 2917 suppressa
1533 2856 1617 2900 voce
1639 2837 1751 2901 divina

67 2923 180 2987 officia
212 2919 388 2984 celebrare.
439 2917 594 2986 Obeunte
624 2941 702 2985 vero
733 2931 784 2998 te,
820 2944 903 2987 nunc
935 2924 1082 2987 eiusdem
1113 2925 1177 2988 loci
1209 2925 1327 3006 priore,
1358 2924 1410 2987 vel
1439 2933 1569 2990 tuorum
1601 2926 1750 3006 quolibet

67 3009 328 3100 [su}ccessorum,
352 3008 456 3072 nullus
480 3009 524 3072 ibi
549 3010 697 3092 qualibet
719 3013 940 3096 subreptionis
962 3013 1078 3076 astutia
1093 3033 1151 3078 seu
1168 3013 1323 3078 violentia
1339 3023 1548 3097 preponatur,
1573 3016 1632 3079 nisi
1648 3035 1747 3096 quem

68 3103 183 3166 iratres
207 3101 373 3163 communi
394 3099 420 3184 c)
443 3119 604 3164 consensu
627 3101 679 3164 vel
704 3100 837 3166 iratrum
864 3123 939 3185 pars
964 3103 1092 3166 maioris
1117 3111 1150 3166 et
1172 3103 1310 3167 sanioris
1342 3104 1466 3168 consilii
1489 3105 1669 3168 secundum
1695 3106 1748 3172 dei

66 3195 223 3256 timorem
248 3198 281 3252 et
302 3187 390 3251 beati
413 3187 589 3270 Augustini
612 3189 757 3272 regulam
782 3193 981 3274 previderint
1004 3191 1198 3274 eligendum.
1244 3191 1460 3258 Decernimus
1491 3214 1580 3276 ergo,
1613 3203 1648 3258 ut
1670 3195 1749 3259 nulli

68 3277 231 3368 [omnino]
255 3277 424 3342 hominum
448 3278 553 3356 liceat,
585 3280 744 3362 prefatam
769 3281 940 3344 ecclesiam
970 3288 1127 3346 temere.
1153 3329 1160 3344 .
1183 3329 1191 3345 .
1217 3282 1403 3365 profutura,
1435 3284 1525 3348 salva
1556 3284 1645 3348 sedis
1668 3305 1748 3368 apo·

67 3372 186 3435 stolice
208 3369 405 3435 auctoritate
428 3375 461 3430 et
484 3365 650 3432 diocesani
674 3365 847 3456 [episcopi]
871 3372 1030 3434 canonica
1053 3365 1206 3458 [iustitia]
1252 3371 1287 3436 Si
1312 3393 1378 3454 qua
1401 3374 1528 3456 igitur.
1554 3423 1561 3438 .
1586 3423 1592 3437 .
1617 3372 1748 3438 Cunctis

67 3469 178 3525 autem
203 3509 210 3524 .
233 3509 241 3524 .
267 3510 274 3524 .
300 3505 306 3520 .
330 3457 502 3520 inveniant.
548 3457 669 3522 Amen.
693 3494 737 3504 -
760 3457 850 3524 A·m.
873 3458 993 3523 Amen.
1015 3495 1060 3505 -

281 3543 337 3632 (R)
359 3549 433 3630 Ego
456 3545 611 3611 Urbanus
633 3547 794 3613 catholice
817 3550 954 3614 ecclesie
976 3551 1153 3633 episcopus
1175 3571 1217 3614 ss.
1242 3546 1304 3634 (M)

280 3639 301 3720 †
324 3637 398 3719 Ego
421 3636 583 3701 Henricus
605 3635 804 3702 Albanensis
827 3641 1004 3722 episcopus
1026 3658 1068 3704 ss.

280 3729 301 3807 †
324 3725 397 3808 Ego
423 3724 540 3790 Paulus
565 3725 773 3791 Prenestinus
797 3731 974 3811 episcopus
997 3747 1039 3790 ss.

280 3815 301 3896 †
324 3815 398 3897 Ego
421 3814 635 3880 Theobaldus
659 3816 844 3882 Hostiensis
867 3826 900 3882 et
922 3816 1136 3881 Velletrensis
1160 3818 1338 3900 episcopus
1361 3837 1402 3880 ss.
1426 3814 1474 3903 (4)

281 3941 324 3952 -
347 3907 368 3983 †
391 3903 464 3986 Ego
488 3904 651 3969 lohannes
674 3907 838 3988 presbiter
861 3907 1033 3971 cardinalis
1057 3909 1105 3970 tit.
1130 3906 1232 3968 sancti
1256 3906 1360 3970 Marci
1383 3927 1425 3970 ss.

281 3993 302 4076 †
325 3994 399 4075 Ego
423 3995 537 4057 Petrus
561 3995 722 4077 presbiter
745 3996 916 4060 cardinalis
939 3998 987 4060 tit.
1010 4004 1123 4060 sancte
1147 3992 1296 4058 Susanne
1319 4015 1361 4058 ss.

280 4081 301 4165 †
324 4082 398 4164 Ego
421 4082 594 4148 Laborans
618 4086 779 4166 presbiter
802 4085 972 4149 cardinalis
996 4093 1108 4150 sancte
1133 4085 1236 4148 Marie
1259 4085 1480 4148 transtiberim
1501 4087 1550 4148 tit.
1567 4085 1684 4150 Calixti
1707 4107 1750 4150 ss.

281 4169 301 4254 †
324 4170 397 4254 Ego
423 4171 602 4236 Pandulfus
626 4176 789 4255 presbiter
812 4175 987 4239 cardinalis
1009 4176 1056 4238 tit.
1080 4189 1131 4238 ΧΠ
1154 4172 1395 4256 Apostolorum
1419 4194 1461 4237 ss.

279 4263 300 4344 †
323 4260 397 4344 Ego
420 4261 563 4326 Albinus
581 4261 611 4348 d)
640 4266 802 4345 presbiter
828 4265 1001 4329 cardinalis
1024 4267 1072 4329 tit.
1096 4272 1209 4327 sancte
1233 4263 1345 4328 Crucis
1370 4266 1402 4327 in
1418 4262 1615 4346 Hyrusalem
1636 4285 1678 4328 ss.
1702 4260 1750 4349 (1)

281 4347 301 4434 †
324 4349 398 4433 Ego
421 4351 610 4415 Adelardus
632 4355 680 4416 tir.
705 4356 807 4418 sancti
832 4353 979 4418 Marcelli
1003 4353 1168 4436 presbiter
1190 4373 1231 4416 ss.

281 4475 324 4486 -
346 4438 367 4522 †
391 4438 463 4523 Ego
487 4437 653 4528 Iac(intus)
676 4444 834 4507 diaconus
857 4443 1031 4506 cardinalis
1053 4451 1167 4506 sancte
1191 4444 1296 4506 Marie
1320 4444 1352 4505 in
1376 4440 1560 4522 Cosmidyn
1583 4462 1625 4504 ss.

280 4527 301 4611 †
324 4528 397 4612 Ego
422 4528 597 4594 Gratianus
620 4541 808 4596 sanctorum
832 4531 952 4596 Cosme
976 4541 1010 4596 et
1033 4532 1187 4596 Damiani
1212 4533 1370 4596 diaconus
1394 4530 1565 4594 cardinalis
1588 4551 1630 4594 ss.

278 4619 300 4695 †
324 4617 397 4702 Ego
420 4619 517 4684 Bobo
540 4624 644 4684 sancti
669 4617 801 4708 Angieli
825 4617 993 4708 diaconus]
1017 4621 1188 4686 cardinalis
1211 4641 1252 4684 ss.
1276 4617 1322 4706 (1)

280 4705 300 4790 †
323 4709 397 4790 Ego
421 4706 592 4774 Soilredus
615 4719 729 4774 sancte
753 4713 856 4775 Marie
880 4713 912 4774 in
936 4707 1020 4797 [Via]
1045 4710 1112 4774 lata
1134 4710 1291 4774 diaconus
1315 4707 1489 4772 cardinalis
1512 4729 1554 4772 ss.

226 4795 301 4860 Dat.
324 4795 466 4874 Verone,
491 4819 552 4882 per
574 4819 705 4863 manum
730 4799 871 4878 Alberti,
903 4809 1015 4864 sancte
1037 4800 1189 4863 Romane
1212 4799 1350 4864 ecclesie
1374 4798 1546 4880 presbiteri
1577 4799 1748 4863 cardinalis

64 4894 97 4950 et
119 4885 312 4950 cancellarii.
357 4901 396 4951 111
419 4887 505 4950 Non.
530 4887 619 4952 lunii.
665 4889 849 4954 indictione
871 4903 931 4954 1111.
977 4890 1211 4953 incarnationis
1243 4889 1411 4953 dominice
1440 4907 1529 4951 anno
1553 4901 1747 4952 MCLxxxvl.

64 4974 278 5038 Pontificatus
301 4996 381 5039 vero
405 4976 519 5041 domni
542 4979 685 5044 URBANI
708 5000 764 5062 pp.
789 4993 827 5043 111
850 4998 939 5042 anno
963 4981 1083 5061 primo.
1106 5015 1151 5063 ε-

228 5081 271 5131 Or.
291 5079 329 5146 (S.
350 5081 474 5132 Gr'ovemi
489 5082 516 5132 r'n
535 5081 635 5146 Monte),
660 5085 694 5133 im
711 5083 826 5135 Archivr'o
844 5084 871 5133 di
887 5084 961 5145 Staio,
980 5086 1036 5134 rard
1050 5084 1176 5149 Abschrn'st
1191 5085 1233 5134 des
1251 5082 1307 5132 MS.
1326 5083 1392 5132 Aula
1411 5084 1450 5132 11.
1473 5081 1499 5132 C.
1522 5083 1580 5146 Cap.
1601 5085 1636 5134 34
1657 5090 1685 5148 p.
1705 5085 1747 5145 23,

63 5153 90 5203 ἐκ
106 5155 152 5203 der
168 5153 232 5203 Br'bl.
252 5152 308 5202 dell¹
330 5150 468 5203 Univern'td
486 5171 518 5204 ru
535 5155 652 5221 Bologna.

228 5223 297 5290 Peg.
316 5224 378 5285 r'tal,
395 5225 431 5274 br.
451 5229 520 5286 0,49,
539 5227 601 5292 lang
617 5229 704 5287 o‚625,
731 5234 807 5277 rouen
825 5228 904 5288 0,028
922 5229 1112 5294 ungeschlagen,
1137 5228 1215 5277 druch
1234 5230 1250 5277 2
1268 5225 1361 5277 Lucan
1382 5227 1440 5292 geht
1463 5225 1500 5275 die
1525 5242 1581 5275 rosa
1607 5225 1664 5276 rard
1684 5226 1749 5291 gelbe

63 5297 249 5355 Saiimckrrur,
267 5313 302 5345 an
319 5297 362 5345 der
386 5297 432 5345 das
450 5297 575 5364 Bler‘siegel
596 5299 678 5364 bringi,
698 5299 807 5364 Fnltmrg
834 5300 878 5349 der
900 5300 998 5349 Bullen.
1035 5301 1171 5366 Ringkreua
1195 5299 1251 5348 ποιά
1272 5299 1294 5347 Ε
1321 5298 1364 5348 der
1391 5297 1556 5363 Untrrschn'st
1578 5313 1626 5348 von
1649 5298 1750 5348 kellerer

63 5369 139 5418 Diale
156 5369 196 5416 als
217 5367 353 5432 Umsclmfl
368 5370 534 5433 mrdsmurr
555 5370 726 5436 Unterscltnfl.
764 5372 894 5436 Datimng
916 5372 1001 5421 hellere
1019 5371 1094 5421 Dinte
1118 5373 1157 5420 als
1176 5371 1352 5435 Hauptkir'rpcr,
1379 5369 1438 5418 Dat.
1458 5369 1560 5419 Verone
1587 5385 1633 5434 per
1656 5384 1748 5418 nauum

63 5442 122 5490 nocti
140 5441 216 5489 heller
232 5441 272 5488 als
289 5440 334 5488 dns
351 5441 439 5505 r'ibrr'ge,
458 5441 517 5490 doct
535 5443 603 5491 wohl
616 5458 668 5491 nur
684 5443 827 5503 verbliclrm,
846 5444 891 5492 das
908 5444 932 5493 Α
950 5443 1044 5491 Alberts
1061 5443 1106 5492 mit
1121 5443 1225 5492 undem
1242 5442 1318 5491 Dirae
1335 5441 1492 5507 nitgetragen.
1512 5443 1527 5502 †
1545 5441 1601 5506 Ego
1622 5440 1748 5492 lohannes

63 5513 149 5560 hellen
166 5512 244 5561 Dr'nte
261 5513 300 5560 alr
316 5512 441 5575 presbiter
459 5512 593 5562 cardinalis
612 5513 640 5564 tit
657 5515 736 5564 sancti
756 5515 836 5564 Marci
856 5531 894 5574 ss;
914 5515 959 5564 das
976 5515 1058 5563 Kreas
1074 5530 1123 5564 von
1144 5515 1229 5564 Petne
1247 5514 1284 5571 (S.
1303 5512 1426 5579 Summae)
1452 5513 1559 5562 dusrkler
1580 5514 1618 5562 aLr
1641 5513 1677 5562 die
1696 5513 1749 5578 Sq-

63 5591 140 5632 natur
155 5583 275 5632 vielleicht
286 5585 350 5632 nach
367 5585 382 5646 †
401 5584 457 5648 Ego
475 5585 513 5634 als
531 5586 621 5635 Paulus
640 5586 800 5636 Prenestinus
819 5587 953 5651 episcopus
972 5602 1005 5636 ss.
1031 5585 1186 5636 Namnulich
1203 5585 1230 5636 in
1249 5585 1292 5634 der
1309 5591 1410 5635 marren
1423 5584 1514 5648 Ht'lste
1531 5581 1562 5634 ist
1579 5584 1616 5634 die
1631 5584 1749 5634 Urkundc

63 5655 141 5705 neret
161 5654 321 5721 Feuclrngkeit
337 5655 394 5705 und
410 5654 565 5720 Mdusesrnsr
581 5657 722 5724 bcsrlrddr'gt.

224 5763 250 5829 a)
263 5760 342 5812 Fless'
407 5761 434 5829 b)
446 5763 507 5813 steht
517 5763 627 5812 rweimul
697 5765 721 5830 c)
735 5761 835 5812 comuni
909 5759 938 5829 d)
951 5761 1081 5824 adruinus,
1095 5769 1169 5812 maier
1178 5762 1232 5811 dem
1245 5761 1262 5810 d
1275 5759 1313 5811 ein
1326 5760 1416 5811 Prrnht
1448 5760 1744 5826 ....1)Nri·htcrlraltm.

1477 5839 1535 5901 42·
