4090 6358
1683 337 1727 417 69

809 524 875 600 ΝΥ.
908 528 969 600 67.

48 655 164 739 Eugen
188 654 254 719 III
273 657 391 721 m'mmt
407 656 470 721 das
497 655 628 720 Kloster
646 655 737 721 Sanl
760 655 939 740 Ambrogio
969 656 1009 722 di
1038 659 1175 724 Firenze
1203 657 1238 722 in
1261 657 1493 743 apostolisclrcn
1515 657 1632 722 Schutz
1661 657 1731 722 und

47 745 204 834 bestdtrgt
223 746 311 812 scine
331 746 573 812 Besttztlni'mer
592 745 809 901 122quss
809 795 816 824 ‚
828 748 964 901 zpqiam'rr
964 769 1014 901 ὦ
1016 847 1030 900 t
1026 745 1176 902 {thth
1198 749 1306 832 awdls
1323 746 1431 813 solidi
1453 747 1661 814 Lucclresisclr
1684 768 1728 813 an

670 973 755 1036 1145
776 971 854 1035 Mai
873 973 927 1035 12.
973 970 1106 1038 Viterbr).

211 1106 380 1189 Eugenius
412 1107 605 1191 episcopus,
635 1125 747 1171 servus
779 1126 948 1171 servorum
979 1109 1051 1185 dei,
1087 1106 1214 1171 dilectis
1247 1109 1279 1170 in
1311 1105 1442 1171 Christo
1472 1102 1599 1169 filiabus
1631 1103 1728 1193 Gislp,

50 1195 221 1258 abbatisse
244 1197 432 1260 monasterii
455 1197 560 1259 sancti
582 1196 751 1262 Ambrosii
774 1196 818 1260 de
840 1197 1041 1280 Petraplana,
1065 1199 1200 1279 eiusque
1223 1196 1400 1272 sororibus,
1430 1203 1498 1259 tam
1522 1195 1728 1278 presentibus

50 1303 150 1365 quam
174 1285 300 1362 futuris,
332 1284 514 1368 regularem
537 1287 637 1351 vitam
661 1286 817 1370 professis
840 1299 879 1349 ΙΝ
901 1299 976 1348 ΡΡΜ.
1001 1323 1041 1332 -
1063 1285 1068 1372 Ι
1089 1285 1146 1350 Ad
1174 1286 1239 1352 hoc
1273 1285 1458 1350 universalis
1490 1285 1628 1372 ecclesiq
1650 1304 1728 1347 cura

51 1374 147 1437 nobis
171 1394 191 1438 a
214 1375 384 1458 provisore
407 1376 555 1440 omnium
579 1377 740 1440 bonorum
765 1375 830 1439 deo
855 1377 1029 1440 commissa
1051 1385 1110 1452 est,
1133 1384 1170 1440 ut
1190 1376 1356 1459 religiosas
1378 1374 1549 1458 diligamus
1571 1393 1728 1457 personas

51 1471 83 1526 et
104 1463 381 1548 beneplacentem
406 1464 472 1529 deo
495 1465 683 1549 religionem
706 1466 896 1530 studeamus
919 1467 1028 1530 modis
1052 1466 1205 1532 omnibus
1224 1485 1425 1549 propagare;
1456 1484 1517 1528 nec
1546 1465 1633 1527 enim
1663 1464 1727 1527 deo

51 1561 162 1635 gratus
183 1551 189 1641 Ι
209 1555 388 1636 aliquando
411 1554 586 1620 famulatus
616 1553 824 1639 impenditur,
854 1557 925 1633 nisi,
957 1575 1001 1620 ex
1023 1559 1166 1621 caritatis
1190 1557 1300 1621 radice
1323 1552 1516 1639 procedens,
1545 1571 1565 1616 a
1587 1552 1728 1637 puritate

52 1643 220 1727 religionis
244 1644 341 1709 fuerit
364 1653 585 1710 conservatus.
633 1643 777 1729 Oportet
798 1645 895 1729 igitur
918 1666 1032 1710 omnes
1056 1646 1229 1735 christiane
1252 1645 1329 1709 fidei
1349 1651 1513 1708 amatores
1537 1642 1728 1725 religionem

53 1733 190 1816 diligere
214 1743 248 1799 et
269 1734 343 1799 loca
364 1735 566 1800 venerabilia
589 1757 663 1800 cum
680 1737 760 1817 ipsis
779 1737 937 1820 personis,
961 1737 1073 1801 divino
1096 1737 1226 1800 servitio
1249 1735 1451 1818 mancipatis,
1475 1732 1629 1797 attentius
1651 1752 1728 1796 con-

53 1821 179 1900 fovere,
218 1832 255 1889 ut
286 1823 378 1888 nullis
410 1843 587 1908 pravorum
623 1823 794 1890 hominum
826 1825 1045 1908 inquietentur
1084 1825 1240 1889 molestiis
1272 1824 1324 1888 vel
1361 1824 1556 1908 importunis
1588 1824 1728 1904 angariis

54 1911 238 1996 fatigentur.
284 1913 334 1978 Ea
357 1922 503 1997 propter,
533 1915 655 1980 dilecte
686 1915 718 1977 in
741 1915 878 1980 domino
902 1915 977 1993 filie,
1003 1915 1119 1981 vestris
1141 1916 1232 1978 iustis
1255 1913 1527 1996 postulationibus
1551 1910 1729 1975 clementer

55 2004 227 2066 annuimus
250 2012 284 2068 et
298 2005 542 2086 predecessoris
563 2006 673 2082 nostri,
697 2005 801 2069 felicis
818 2009 976 2093 memorie
990 2026 1079 2089 pape
1095 2004 1309 2068 INNOCENTH
1326 2001 1361 2089 1),
1376 2003 1521 2086 vestigiis
1536 2000 1728 2072 inherentes,

55 2091 218 2174 prefatum
250 2092 339 2158 beati
361 2093 533 2160 Ambrosii
561 2096 806 2172 monasterium,
837 2096 928 2176 quod
960 2097 992 2160 in
1015 2094 1207 2158 Florentino
1238 2095 1432 2177 episcopatu
1463 2099 1521 2169 est,
1552 2111 1627 2154 cum
1656 2098 1729 2154 tota

56 2179 261 2265 Petraplena,
283 2185 315 2246 in
338 2203 406 2264 quo
429 2183 538 2248 divino
562 2185 745 2268 mancipate
769 2186 848 2248 estis
870 2185 1041 2265 obsequio,
1064 2182 1125 2248 sub
1141 2185 1230 2249 beati
1245 2185 1332 2248 Petri
1347 2191 1381 2247 et
1395 2190 1507 2247 nostra
1522 2181 1729 2264 protectione

56 2271 250 2356 suscipimus
282 2280 316 2335 et
354 2275 515 2356 presentis
545 2276 659 2358 scripti
691 2273 861 2358 privilegio
891 2275 1139 2338 communimus.
1195 2271 1401 2351 Statuentes,
1438 2280 1474 2335 ut
1504 2289 1729 2352 quascumque

57 2363 296 2444 possessiones,
327 2382 535 2445 quecumque
563 2361 654 2427 bona
683 2365 771 2428 idem
804 2366 1036 2428 monasterium
1066 2363 1098 2426 iu
1127 2365 1366 2447 presentiarum
1395 2362 1479 2426 iuste
1510 2368 1544 2424 et
1574 2361 1729 2424 canonice

57 2451 206 2534 possidet
227 2460 284 2515 aut
306 2453 338 2515 in
361 2451 503 2516 futurum
527 2455 741 2518 concessione
764 2453 966 2536 pontificum,
987 2452 1178 2517 liberalitate
1201 2472 1325 2536 regum,
1346 2451 1517 2534 largitione
1535 2449 1728 2533 principum,

55 2541 222 2604 oblatione
251 2540 395 2605 fidelium
425 2561 483 2604 seu
516 2542 586 2606 aliis
618 2544 710 2607 iustis
740 2544 848 2607 modis
886 2544 951 2607 deo
982 2543 1126 2627 propitio
1165 2543 1287 2625 poterit
1318 2541 1471 2624 adipisci,
1510 2538 1604 2603 frrma
1634 2538 1728 2602 vobis

54 2633 233 2713 vestrisque
256 2630 509 2695 succedentibus
533 2640 567 2696 et
589 2630 711 2696 illibata
734 2641 956 2716 permaneant.
1001 2633 1038 2695 In
1062 2632 1179 2716 quibus
1201 2631 1265 2696 hec
1287 2633 1428 2714 propriis
1444 2629 1597 2692 duximus
1620 2630 1729 2712 expri-

57 2720 169 2784 menda
201 2720 390 2784 vocabulis:
429 2721 601 2786 ecclesiam
638 2723 740 2786 sancti
772 2721 943 2787 Michaelis
980 2723 1013 2785 in
1043 2721 1204 2786 Palchitto
1242 2721 1326 2784 infra
1360 2721 1524 2784 civitatem
1555 2717 1726 2806 Florentie,

56 2809 223 2874 ecclesiam
243 2812 347 2874 sancti
363 2810 475 2874 Iacobi
498 2811 530 2874 in
546 2810 697 2894 Bagnolo
712 2811 851 2890 Cotone,
875 2821 908 2877 et
931 2820 1040 2876 cetera
1063 2831 1082 2874 a
1104 2812 1191 2898 bone
1215 2811 1372 2898 memorie
1388 2807 1571 2884 Gotifredo,
1593 2807 1727 2871 Floren-

56 2901 118 2963 tino
142 2899 304 2983 episcopo
321 2898 358 2982 ²),
381 2901 537 2964 canonice
559 2901 656 2965 vobis
678 2921 843 2966 concessa.
890 2900 1107 2984 Quecumque
1130 2903 1230 2966 etiam
1253 2921 1272 2964 a
1292 2898 1583 2983 predecessoribus
1598 2897 1726 2972 nostris,

57 2989 147 3078 beate
158 2989 395 3053 recordationis
407 2989 561 3054 videlicet
571 2990 745 3068 Nicholao,
756 2989 960 3068 Alexandro,
976 2991 1177 3066 Innocentio,
1189 3009 1249 3074 per
1260 2989 1423 3054 autentica
1435 2987 1604 3072 privilegia
1617 2987 1726 3050 eidem

59 3079 253 3143 monasterio
278 3098 436 3142 concessa
459 3088 543 3157 sunt,
566 3101 626 3144 nos
650 3101 784 3164 quoque
799 3082 895 3146 vobis
910 3089 943 3146 et
958 3081 1020 3164 ipsi
1037 3083 1235 3144 monasterio
1251 3078 1492 3143 confirmamus.
1532 3076 1725 3160 Recipiendi

58 3171 148 3233 etiam
177 3168 366 3233 oblationes
385 3172 427 3249 ²),
450 3178 518 3234 tam
544 3191 605 3254 pro
628 3171 717 3248 vivis,
741 3190 838 3252 quam
867 3193 928 3256 pro
956 3170 1126 3248 defunctis,
1153 3170 1280 3252 absque
1307 3167 1441 3233 alicuius
1468 3166 1727 3231 contradictione

58 3259 185 3324 liberam
202 3259 298 3322 vobis
315 3260 527 3323 concedimus
542 3259 738 3324 facultatem.
777 3259 932 3324 Obeunte
946 3281 1025 3324 vero
1048 3269 1090 3337 te,
1114 3280 1199 3323 nunc
1222 3259 1367 3324 eiusdem
1392 3257 1455 3321 loci
1478 3256 1653 3333 abbatissa,
1674 3255 1728 3320 vel

58 3357 177 3413 tuarum
203 3348 350 3429 qualibet
372 3349 627 3427 succedentium,
651 3348 739 3414 nulla
762 3350 808 3414 ibi
832 3350 979 3433 qualibet
993 3351 1206 3434 surreptionis
1229 3351 1349 3412 astutia
1363 3368 1420 3412 seu
1436 3346 1591 3411 violentia
1606 3367 1727 3430 prepo-

59 3446 153 3514 natur,
169 3437 231 3502 nisi
247 3459 346 3521 quarn
362 3457 492 3503 sorores
507 3441 674 3504 communi
694 3460 855 3504 consensu
867 3439 920 3504 vel
936 3460 1012 3521 pars
1024 3439 1148 3504 consilii
1160 3439 1298 3503 sanioris
1314 3438 1494 3502 secundum
1507 3433 1560 3500 dei
1571 3437 1727 3500 timorem

59 3536 88 3589 et
100 3528 187 3593 beati
204 3527 376 3592 Benedicti
393 3529 538 3611 regulam
554 3529 757 3612 providerint
776 3530 970 3612 eligendam.
1002 3528 1116 3592 Electa
1133 3548 1223 3605 vero,
1238 3531 1322 3592 sicut
1338 3528 1458 3591 iustitia
1474 3526 1583 3609 exigit,
1600 3527 1642 3590 ab
1661 3525 1727 3610 epi-

59 3636 154 3700 scopo
170 3616 364 3680 Florentino
388 3618 611 3682 investituram
627 3621 792 3703 suscipiat.
831 3618 1047 3683 Prohibemus
1070 3625 1189 3695 autem,
1213 3625 1249 3681 ut
1271 3615 1346 3681 nulli
1368 3624 1447 3700 post
1465 3615 1586 3680 factam
1603 3615 1727 3679 ibidem

60 3707 290 3788 professionem
307 3706 432 3787 absque
447 3707 613 3795 abbatisse
629 3715 663 3771 et
678 3709 812 3793 capituli
828 3708 958 3773 licentia
974 3709 1018 3771 ad
1033 3706 1095 3771 alia
1110 3706 1185 3771 loca
1199 3707 1336 3770 transire
1350 3705 1456 3770 liceat.
1491 3705 1728 3770 Discedentem

60 3795 233 3861 veronulla
257 3795 480 3860 ecclesiastica
503 3797 699 3862 secularisve
722 3819 863 3882 persona
878 3799 1005 3878 absque
1019 3797 1206 3861 comunium
1228 3795 1407 3860 litterarum
1424 3796 1572 3859 cautione
1588 3795 1727 3864 retinere

61 3894 229 3967 presumat.
275 3881 485 3970 Sepulturam
509 3906 643 3969 quoque
666 3889 767 3970 ipsius
790 3888 854 3952 loci
876 3888 1015 3954 liberam
1038 3907 1110 3950 esse
1133 3885 1345 3962 decernimus,
1370 3893 1406 3948 ut
1429 3905 1542 3949 eorum
1562 3884 1729 3948 devotioni

62 3983 91 4038 et
110 3985 258 4063 extreme
280 3974 449 4054 voluntati,
482 3978 538 4058 qui
568 3996 604 4040 se
635 3975 700 4040 illic
722 3977 850 4060 sepeliri
878 3977 1138 4054 deliberaverint,
1170 3977 1227 4040 nisi
1249 3977 1335 4040 forte
1359 3974 1632 4039 excommunicati
1654 3975 1727 4051 sint,

62 4065 160 4130 nullus
198 4064 355 4141 obsistat,
385 4063 474 4130 salva
511 4066 633 4130 iustitia
663 4069 805 4130 matricis
838 4066 982 4156 ecclesie.
1037 4066 1254 4131 Decemimus
1287 4085 1379 4148 ergo,
1411 4071 1448 4127 ut
1479 4063 1557 4127 nulli
1591 4066 1728 4129 omnino

62 4151 224 4219 hominum
248 4153 351 4230 liceat,
376 4154 541 4238 prefatum
564 4156 795 4220 monasterium
817 4165 942 4221 temere
964 4157 1156 4240 perturbare
1177 4165 1234 4220 aut
1256 4155 1324 4219 eius
1347 4154 1573 4238 possessiones
1600 4154 1727 4218 auferre

62 4245 107 4308 vel
128 4244 255 4309 ablatas
278 4244 425 4322 retinere,
454 4245 599 4309 minuere
629 4265 687 4309 seu
718 4246 918 4328 quibuslibet
940 4246 1170 4310 vexationibus
1201 4245 1347 4328 fatigare,
1378 4252 1430 4308 set
1458 4245 1571 4307 omnia
1601 4245 1728 4328 integra

63 4343 297 4411 conserventur,
326 4337 442 4398 vestris
473 4342 507 4398 et
537 4335 683 4411 aliorum,
717 4356 778 4419 pro
811 4355 951 4417 quorum
981 4336 1218 4419 gubernatione
1248 4343 1283 4398 et
1309 4334 1549 4398 sustentatione
1573 4353 1728 4398 concessa

63 4432 135 4500 sunt,
157 4425 271 4489 usibus
296 4424 494 4488 omnimodis
516 4423 695 4506 profutura,
719 4425 809 4489 salva
823 4426 910 4489 sedis
925 4425 1108 4514 apostolicq
1124 4425 1316 4489 auctoritate
1335 4431 1369 4487 et
1384 4422 1562 4486 Florentini
1578 4425 1727 4507 episcopi

63 4515 210 4578 canonica
240 4513 367 4578 iustitia.
413 4512 470 4577 Ad
503 4513 655 4577 inditium
684 4523 794 4579 autem
824 4515 919 4579 huius
952 4535 971 4578 a
1000 4515 1081 4592 sede
1111 4513 1294 4598 apostolica
1324 4520 1482 4596 percepte
1514 4513 1728 4595 protectionis

64 4603 228 4668 duodecim
252 4603 405 4667 denarios
420 4603 577 4666 Lucensis
600 4601 732 4692 monete
755 4605 851 4669 nobis
866 4606 1053 4686 nostrisque
1068 4603 1309 4668 successoribus
1330 4600 1510 4666 annualiter
1525 4602 1727 4684 persolvetis.

64 4687 176 4774 Siqua
206 4694 306 4776 igitur
335 4694 368 4756 in
390 4692 533 4757 futurum
564 4691 783 4758 ecclesiastica
813 4693 1007 4758 secularisve
1030 4713 1187 4776 persona,
1217 4691 1311 4756 huius
1342 4699 1453 4755 nostre
1485 4692 1728 4755 constitutionis

65 4783 206 4865 paginam
229 4783 346 4859 sciens,
368 4789 482 4845 contra
505 4801 579 4844 eam
601 4789 726 4848 temere
748 4786 861 4848 venire
883 4783 1101 4866 temptaverit,
1127 4783 1272 4846 secundo
1295 4781 1433 4845 tertiove
1457 4783 1669 4858 commonita,
1700 4783 1727 4844 si

65 4889 121 4934 non
142 4871 366 4937 satisfactione
389 4891 534 4954 congrua
557 4874 790 4950 emendaverit,
814 4875 989 4957 potestatis
1012 4871 1213 4955 honorisque
1235 4873 1284 4935 sui
1306 4871 1468 4954 dignitate
1491 4879 1602 4934 careat
1624 4891 1728 4935 ream-

66 4979 119 5040 que
146 4982 184 5027 se
215 4961 326 5024 divino
357 4961 481 5025 iudicio
512 4962 653 5026 existere
683 4964 727 5027 de
756 4971 945 5047 perpetrata
976 4963 1145 5043 iniquitate
1176 4968 1364 5045 cognoscat,
1397 4969 1431 5024 et
1461 4979 1480 5024 a
1510 4960 1727 5025 sacratissimo

66 5067 193 5134 corpore
216 5071 256 5114 ac
279 5051 435 5134 sanguine
467 5049 521 5113 dei
543 5058 577 5114 et
607 5052 741 5132 domini,
771 5054 990 5136 redemptoris
1021 5054 1125 5116 nostri
1148 5052 1221 5115 Iesu
1246 5049 1373 5126 Christi,
1404 5048 1597 5127 alienafiat,
1628 5059 1728 5134 atque

65 5137 92 5200 in
112 5151 260 5206 extremo
285 5141 437 5205 examine
460 5139 605 5204 districte
635 5141 801 5206 subiaceat
831 5142 955 5207 ultioni.
1001 5141 1135 5207 Cunctis
1159 5150 1277 5216 autem,
1298 5137 1303 5225 Ι
1323 5139 1432 5204 eidem
1455 5139 1532 5204 loco
1555 5141 1640 5204 iusta
1662 5160 1727 5205 ser·

65 5231 213 5307 vantibus,
237 5232 280 5294 sit
302 5250 370 5313 pax
393 5229 518 5293 domiui
542 5231 646 5293 nostri
669 5231 742 5295 Iesu
759 5230 887 5309 Christi,
909 5231 1060 5312 quatinus
1084 5230 1193 5296 ethic
1217 5231 1358 5295 fructum
1381 5230 1470 5320 bonq
1494 5229 1631 5295 actionis
1654 5250 1727 5314 per-

66 5319 177 5400 cipiant
200 5327 234 5384 et
256 5321 290 5384 in
313 5318 421 5383 futuro
444 5321 572 5402 premia
595 5327 686 5384 etern
730 5322 819 5404 pacis
842 5324 1015 5386 inveniant
1062 5321 1181 5387 Amen.
1205 5320 1324 5385 Amen.
1348 5318 1468 5385 Amen.

265 5405 324 5494 (R)
347 5407 421 5492 Ego
444 5409 610 5492 Eugenius
634 5430 672 5474 ca
712 5409 795 5500 olice
817 5411 954 5501 ecclesie
978 5411 1153 5497 episcopus
1177 5432 1217 5476 ss.
1241 5411 1304 5490 (Μ)

264 5499 285 5582 †
309 5497 382 5582 Ego
405 5497 576 5564 Conradus
599 5496 790 5566 Sabinensis
813 5503 990 5585 episcopus
1012 5521 1054 5564 ss.

209 5695 236 5760 a)
255 5695 312 5744 Das
337 5701 430 5745 ersten
457 5695 535 5746 aleret
557 5695 692 5746 Κωπῶν
716 5695 854 5763 hergesrellt.
873 5733 927 5742 ..-
946 5695 983 5763 .1)
1004 5694 1088 5762 Just,
1116 5698 1174 5764 Reg.
1194 5697 1273 5761 5796,
1304 5695 1348 5747 Or.
1372 5693 1406 5744 im
1423 5693 1537 5746 Arcir'm'o
1561 5694 1589 5744 di
1604 5695 1672 5746 Staio
1697 5711 1727 5747 zu

69 5759 156 5817 floran.
228 5769 255 5834 2)
278 5766 404 5833 Gottsn'ed,
423 5767 527 5834 Birthas
538 5783 586 5818 von
603 5767 709 5830 Florm,
729 5769 908 5820 1113-1142.
