<?xml version="1.0" encoding="UTF-8"?>
<!DOCTYPE html PUBLIC "-//W3C//DTD XHTML 1.0 Transitional//EN"
    "http://www.w3.org/TR/xhtml1/DTD/xhtml1-transitional.dtd">
<html xmlns="http://www.w3.org/1999/xhtml" xml:lang="en" lang="en">
 <head>
  <title>
</title>
<meta http-equiv="Content-Type" content="text/html;charset=utf-8" />
  <meta name='ocr-system' content='tesseract 3.04.00' />
  <meta name='ocr-capabilities' content='ocr_page ocr_carea ocr_par ocr_line ocrx_word'/>
</head>
<body>
  <div class='ocr_page' id='page_1' title='image "./actapontificumr00hargoog_0220.png"; bbox 0 0 4142 6366; ppageno 0'>
   <div class='ocr_carea' id='block_1_1' title="bbox 303 289 368 350">
    <p class='ocr_par' dir='ltr' id='par_1_1' title="bbox 303 289 368 350">
     <span class='ocr_line' id='line_1_1' title="bbox 303 289 368 350; baseline 0.015 -1"><span class='ocrx_word' id='word_1_1' title='bbox 303 289 368 350; x_wconf 89' lang='lat'>208</span> 
     </span>
    </p>
   </div>
   <div class='ocr_carea' id='block_1_2' title="bbox 302 472 1999 3412">
    <p class='ocr_par' dir='ltr' id='par_1_2' title="bbox 302 472 1999 2340">
     <span class='ocr_line' id='line_1_2' title="bbox 302 472 1996 556; baseline -0.001 -20"><span class='ocrx_word' id='word_1_2' title='bbox 302 473 504 556; x_wconf 87' lang='lat' dir='ltr'>pontificum,</span> <span class='ocrx_word' id='word_1_3' title='bbox 529 472 590 536; x_wconf 92' lang='lat' dir='ltr'>sub</span> <span class='ocrx_word' id='word_1_4' title='bbox 613 474 702 537; x_wconf 89' lang='lat' dir='ltr'>beati</span> <span class='ocrx_word' id='word_1_5' title='bbox 719 475 804 538; x_wconf 91' lang='lat' dir='ltr'>Petri</span> <span class='ocrx_word' id='word_1_6' title='bbox 829 484 862 537; x_wconf 91' lang='lat' dir='ltr'>et</span> <span class='ocrx_word' id='word_1_7' title='bbox 884 483 997 537; x_wconf 89' lang='lat' dir='ltr'>nostra</span> <span class='ocrx_word' id='word_1_8' title='bbox 1019 473 1227 555; x_wconf 89' lang='lat' dir='ltr'>protectione</span> <span class='ocrx_word' id='word_1_9' title='bbox 1242 475 1438 556; x_wconf 90' lang='lat' dir='ltr'>suscipimus</span> <span class='ocrx_word' id='word_1_10' title='bbox 1454 483 1488 537; x_wconf 90' lang='lat' dir='ltr'>et</span> <span class='ocrx_word' id='word_1_11' title='bbox 1503 473 1664 555; x_wconf 89' lang='lat' dir='ltr'>presentis</span> <span class='ocrx_word' id='word_1_12' title='bbox 1679 473 1791 555; x_wconf 90' lang='lat' dir='ltr'>scripti</span> <span class='ocrx_word' id='word_1_13' title='bbox 1808 472 1996 555; x_wconf 89' lang='lat' dir='ltr'>privilegio</span> 
     </span>
     <span class='ocr_line' id='line_1_3' title="bbox 302 561 1999 646; baseline -0.002 -20"><span class='ocrx_word' id='word_1_14' title='bbox 302 563 550 626; x_wconf 89' lang='lat' dir='ltr'>communimus.</span> <span class='ocrx_word' id='word_1_15' title='bbox 596 561 794 640; x_wconf 91' lang='lat' dir='ltr'>Statuentes,</span> <span class='ocrx_word' id='word_1_16' title='bbox 819 573 855 626; x_wconf 91' lang='lat' dir='ltr'>ut</span> <span class='ocrx_word' id='word_1_17' title='bbox 878 583 1101 644; x_wconf 88' lang='lat' dir='ltr'>quascumque</span> <span class='ocrx_word' id='word_1_18' title='bbox 1124 565 1359 644; x_wconf 88' lang='lat' dir='ltr'>possessiones,</span> <span class='ocrx_word' id='word_1_19' title='bbox 1384 583 1590 646; x_wconf 87' lang='lat' dir='ltr'>quecumque</span> <span class='ocrx_word' id='word_1_20' title='bbox 1604 562 1695 625; x_wconf 89' lang='lat' dir='ltr'>bona</span> <span class='ocrx_word' id='word_1_21' title='bbox 1710 562 1827 625; x_wconf 91' lang='lat' dir='ltr'>eadem</span> <span class='ocrx_word' id='word_1_22' title='bbox 1844 562 1999 624; x_wconf 89' lang='lat' dir='ltr'>ecclesia</span> 
     </span>
     <span class='ocr_line' id='line_1_4' title="bbox 302 647 1996 738; baseline -0.002 -23"><span class='ocrx_word' id='word_1_23' title='bbox 302 654 335 715; x_wconf 89' lang='lat' dir='ltr'>in</span> <span class='ocrx_word' id='word_1_24' title='bbox 359 653 595 734; x_wconf 81' lang='lat' dir='ltr'>presentiarum</span> <span class='ocrx_word' id='word_1_25' title='bbox 619 653 701 716; x_wconf 91' lang='lat' dir='ltr'>iuste</span> <span class='ocrx_word' id='word_1_26' title='bbox 725 662 758 716; x_wconf 92' lang='lat' dir='ltr'>et</span> <span class='ocrx_word' id='word_1_27' title='bbox 781 653 939 716; x_wconf 88' lang='lat' dir='ltr'>canonice</span> <span class='ocrx_word' id='word_1_28' title='bbox 962 652 1112 734; x_wconf 87' lang='lat' dir='ltr'>possidet</span> <span class='ocrx_word' id='word_1_29' title='bbox 1145 662 1201 714; x_wconf 92' lang='lat' dir='ltr'>aut</span> <span class='ocrx_word' id='word_1_30' title='bbox 1233 653 1264 716; x_wconf 94' lang='lat' dir='ltr'>in</span> <span class='ocrx_word' id='word_1_31' title='bbox 1297 654 1439 716; x_wconf 84' lang='lat' dir='ltr'>futurum</span> <span class='ocrx_word' id='word_1_32' title='bbox 1470 649 1733 738; x_wconf 82' lang='lat' dir='ltr'>[rationabilibus</span> <span class='ocrx_word' id='word_1_33' title='bbox 1763 647 1886 736; x_wconf 90' lang='lat' dir='ltr'>m]odis</span> <span class='ocrx_word' id='word_1_34' title='bbox 1920 652 1996 713; x_wconf 92' lang='lat' dir='ltr'>deo</span> 
     </span>
     <span class='ocr_line' id='line_1_5' title="bbox 302 740 1997 824; baseline -0.001 -20"><span class='ocrx_word' id='word_1_35' title='bbox 302 742 448 824; x_wconf 92' lang='lat' dir='ltr'>propitio</span> <span class='ocrx_word' id='word_1_36' title='bbox 479 742 601 823; x_wconf 93' lang='lat' dir='ltr'>poterit</span> <span class='ocrx_word' id='word_1_37' title='bbox 632 743 779 824; x_wconf 88' lang='lat' dir='ltr'>adipisci,</span> <span class='ocrx_word' id='word_1_38' title='bbox 808 741 902 804; x_wconf 90' lang='lat' dir='ltr'>firma</span> <span class='ocrx_word' id='word_1_39' title='bbox 931 741 991 804; x_wconf 91' lang='lat' dir='ltr'>tibi</span> <span class='ocrx_word' id='word_1_40' title='bbox 1023 741 1153 821; x_wconf 90' lang='lat' dir='ltr'>tuisque</span> <span class='ocrx_word' id='word_1_41' title='bbox 1183 744 1425 805; x_wconf 91' lang='lat' dir='ltr'>successoribus</span> <span class='ocrx_word' id='word_1_42' title='bbox 1456 752 1489 805; x_wconf 90' lang='lat' dir='ltr'>et</span> <span class='ocrx_word' id='word_1_43' title='bbox 1516 742 1641 805; x_wconf 90' lang='lat' dir='ltr'>illibata</span> <span class='ocrx_word' id='word_1_44' title='bbox 1674 751 1901 823; x_wconf 88' lang='lat' dir='ltr'>permaneant.</span> <span class='ocrx_word' id='word_1_45' title='bbox 1951 740 1997 803; x_wconf 92' lang='lat' dir='ltr'>ln</span> 
     </span>
     <span class='ocr_line' id='line_1_6' title="bbox 304 825 1996 916; baseline -0.001 -23"><span class='ocrx_word' id='word_1_46' title='bbox 304 832 422 912; x_wconf 92' lang='lat' dir='ltr'>quibus</span> <span class='ocrx_word' id='word_1_47' title='bbox 445 830 506 894; x_wconf 91' lang='lat' dir='ltr'>hec</span> <span class='ocrx_word' id='word_1_48' title='bbox 529 832 671 912; x_wconf 92' lang='lat' dir='ltr'>propriis</span> <span class='ocrx_word' id='word_1_49' title='bbox 700 831 851 894; x_wconf 92' lang='lat' dir='ltr'>duximus</span> <span class='ocrx_word' id='word_1_50' title='bbox 882 825 1123 916; x_wconf 88' lang='lat' dir='ltr'>[exprim]enda</span> <span class='ocrx_word' id='word_1_51' title='bbox 1145 832 1331 895; x_wconf 87' lang='lat' dir='ltr'>vocabulis:</span> <span class='ocrx_word' id='word_1_52' title='bbox 1370 833 1419 894; x_wconf 92' lang='lat' dir='ltr'>ius</span> <span class='ocrx_word' id='word_1_53' title='bbox 1441 830 1594 895; x_wconf 89' lang='lat' dir='ltr'>videlicet</span> <span class='ocrx_word' id='word_1_54' title='bbox 1622 831 1791 912; x_wconf 90' lang='lat' dir='ltr'>spirituale</span> <span class='ocrx_word' id='word_1_55' title='bbox 1823 829 1917 912; x_wconf 93' lang='lat' dir='ltr'>quod</span> <span class='ocrx_word' id='word_1_56' title='bbox 1956 830 1996 892; x_wconf 89' lang='lat' dir='ltr'>in</span> 
     </span>
     <span class='ocr_line' id='line_1_7' title="bbox 302 919 1996 1002; baseline -0.002 -19"><span class='ocrx_word' id='word_1_57' title='bbox 302 920 480 1002; x_wconf 89' lang='lat' dir='ltr'>Anagnina</span> <span class='ocrx_word' id='word_1_58' title='bbox 503 921 636 982; x_wconf 88' lang='lat' dir='ltr'>civitate</span> <span class='ocrx_word' id='word_1_59' title='bbox 658 920 796 996; x_wconf 72' lang='lat' dir='ltr'>habetis</span> <span class='ocrx_word' id='word_1_60' title='bbox 820 931 853 983; x_wconf 92' lang='lat' dir='ltr'>et</span> <span class='ocrx_word' id='word_1_61' title='bbox 876 920 925 982; x_wconf 95' lang='lat' dir='ltr'>ius</span> <span class='ocrx_word' id='word_1_62' title='bbox 948 920 1116 1001; x_wconf 88' lang='lat' dir='ltr'>spirituale</span> <span class='ocrx_word' id='word_1_63' title='bbox 1141 920 1231 1001; x_wconf 91' lang='lat' dir='ltr'>quod</span> <span class='ocrx_word' id='word_1_64' title='bbox 1254 920 1384 984; x_wconf 89' lang='lat' dir='ltr'>habetis</span> <span class='ocrx_word' id='word_1_65' title='bbox 1407 921 1440 983; x_wconf 94' lang='lat' dir='ltr'>in</span> <span class='ocrx_word' id='word_1_66' title='bbox 1464 921 1592 1002; x_wconf 92' lang='lat' dir='ltr'>oppido</span> <span class='ocrx_word' id='word_1_67' title='bbox 1615 919 1783 996; x_wconf 68' lang='lat' dir='ltr'>Anticum,</span> <span class='ocrx_word' id='word_1_68' title='bbox 1816 919 1996 993; x_wconf 90' lang='lat' dir='ltr'>Portiano,</span> 
     </span>
     <span class='ocr_line' id='line_1_8' title="bbox 302 1007 1995 1092; baseline -0.002 -19"><span class='ocrx_word' id='word_1_69' title='bbox 302 1009 423 1084; x_wconf 90' lang='lat' dir='ltr'>Acuto,</span> <span class='ocrx_word' id='word_1_70' title='bbox 447 1009 559 1084; x_wconf 92' lang='lat' dir='ltr'>Pilleo,</span> <span class='ocrx_word' id='word_1_71' title='bbox 582 1009 740 1085; x_wconf 90' lang='lat' dir='ltr'>Pulliano,</span> <span class='ocrx_word' id='word_1_72' title='bbox 757 1008 1021 1072; x_wconf 92' lang='lat' dir='ltr'>Vicomorricino</span> <span class='ocrx_word' id='word_1_73' title='bbox 1039 1029 1114 1072; x_wconf 91' lang='lat' dir='ltr'>cum</span> <span class='ocrx_word' id='word_1_74' title='bbox 1129 1010 1283 1072; x_wconf 93' lang='lat' dir='ltr'>omnibus</span> <span class='ocrx_word' id='word_1_75' title='bbox 1298 1011 1504 1092; x_wconf 88' lang='lat' dir='ltr'>pertinentiis</span> <span class='ocrx_word' id='word_1_76' title='bbox 1519 1011 1594 1084; x_wconf 87' lang='lat' dir='ltr'>suis,</span> <span class='ocrx_word' id='word_1_77' title='bbox 1612 1008 1797 1091; x_wconf 88' lang='lat' dir='ltr'>Carpineta,</span> <span class='ocrx_word' id='word_1_78' title='bbox 1814 1007 1995 1082; x_wconf 89' lang='lat' dir='ltr'>Recineta,</span> 
     </span>
     <span class='ocr_line' id='line_1_9' title="bbox 303 1094 1995 1185; baseline -0.002 -24"><span class='ocrx_word' id='word_1_79' title='bbox 303 1099 431 1174; x_wconf 89' lang='lat' dir='ltr'>Prunio,</span> <span class='ocrx_word' id='word_1_80' title='bbox 456 1099 571 1161; x_wconf 87' lang='lat' dir='ltr'>Monte</span> <span class='ocrx_word' id='word_1_81' title='bbox 595 1099 705 1181; x_wconf 83' lang='lat' dir='ltr'>long0,</span> <span class='ocrx_word' id='word_1_82' title='bbox 737 1099 857 1181; x_wconf 89' lang='lat' dir='ltr'>Gorga,</span> <span class='ocrx_word' id='word_1_83' title='bbox 882 1109 916 1160; x_wconf 89' lang='lat' dir='ltr'>et</span> <span class='ocrx_word' id='word_1_84' title='bbox 938 1097 1018 1160; x_wconf 94' lang='lat' dir='ltr'>illud</span> <span class='ocrx_word' id='word_1_85' title='bbox 1042 1098 1133 1180; x_wconf 95' lang='lat' dir='ltr'>quod</span> <span class='ocrx_word' id='word_1_86' title='bbox 1157 1101 1190 1161; x_wconf 93' lang='lat' dir='ltr'>in</span> <span class='ocrx_word' id='word_1_87' title='bbox 1214 1101 1414 1162; x_wconf 87' lang='lat' dir='ltr'>monasterio</span> <span class='ocrx_word' id='word_1_88' title='bbox 1439 1094 1496 1185; x_wconf 88' lang='lat' dir='ltr'>d[e</span> <span class='ocrx_word' id='word_1_89' title='bbox 1518 1099 1608 1162; x_wconf 92' lang='lat' dir='ltr'>Villa</span> <span class='ocrx_word' id='word_1_90' title='bbox 1630 1095 1764 1183; x_wconf 86' lang='lat' dir='ltr'>magn]a</span> <span class='ocrx_word' id='word_1_91' title='bbox 1786 1098 1886 1161; x_wconf 89' lang='lat' dir='ltr'>vobis</span> <span class='ocrx_word' id='word_1_92' title='bbox 1909 1117 1995 1159; x_wconf 89' lang='lat' dir='ltr'>con·</span> 
     </span>
     <span class='ocr_line' id='line_1_10' title="bbox 303 1185 1996 1272; baseline -0.001 -23"><span class='ocrx_word' id='word_1_93' title='bbox 303 1189 468 1263; x_wconf 87' lang='lat' dir='ltr'>cessimus,</span> <span class='ocrx_word' id='word_1_94' title='bbox 498 1189 582 1250; x_wconf 91' lang='lat' dir='ltr'>sicut</span> <span class='ocrx_word' id='word_1_95' title='bbox 604 1189 637 1250; x_wconf 92' lang='lat' dir='ltr'>in</span> <span class='ocrx_word' id='word_1_96' title='bbox 661 1189 784 1269; x_wconf 91' lang='lat' dir='ltr'>scripto</span> <span class='ocrx_word' id='word_1_97' title='bbox 808 1210 828 1250; x_wconf 88' lang='lat' dir='ltr'>a</span> <span class='ocrx_word' id='word_1_98' title='bbox 850 1188 948 1251; x_wconf 90' lang='lat' dir='ltr'>nobis</span> <span class='ocrx_word' id='word_1_99' title='bbox 972 1187 1092 1250; x_wconf 86' lang='lat' dir='ltr'>exinde</span> <span class='ocrx_word' id='word_1_100' title='bbox 1116 1189 1204 1251; x_wconf 85' lang='lat' dir='ltr'>sacto</span> <span class='ocrx_word' id='word_1_101' title='bbox 1225 1185 1248 1272; x_wconf 89' lang='lat'>¹)</span> <span class='ocrx_word' id='word_1_102' title='bbox 1271 1189 1417 1252; x_wconf 92' lang='lat' dir='ltr'>noscitur</span> <span class='ocrx_word' id='word_1_103' title='bbox 1439 1188 1617 1264; x_wconf 89' lang='lat' dir='ltr'>contineri;</span> <span class='ocrx_word' id='word_1_104' title='bbox 1648 1188 1727 1250; x_wconf 86' lang='lat' dir='ltr'>illud</span> <span class='ocrx_word' id='word_1_105' title='bbox 1751 1187 1861 1263; x_wconf 89' lang='lat' dir='ltr'>etiam,</span> <span class='ocrx_word' id='word_1_106' title='bbox 1895 1186 1996 1268; x_wconf 92' lang='lat' dir='ltr'>quod</span> 
     </span>
     <span class='ocr_line' id='line_1_11' title="bbox 304 1271 1995 1363; baseline -0.001 -24"><span class='ocrx_word' id='word_1_107' title='bbox 304 1297 363 1358; x_wconf 90' lang='lat' dir='ltr'>per</span> <span class='ocrx_word' id='word_1_108' title='bbox 385 1277 581 1339; x_wconf 85' lang='lat' dir='ltr'>sententiam</span> <span class='ocrx_word' id='word_1_109' title='bbox 605 1298 625 1339; x_wconf 91' lang='lat' dir='ltr'>a</span> <span class='ocrx_word' id='word_1_110' title='bbox 646 1278 879 1359; x_wconf 87' lang='lat' dir='ltr'>predecessore</span> <span class='ocrx_word' id='word_1_111' title='bbox 903 1285 1025 1352; x_wconf 87' lang='lat' dir='ltr'>nostro,</span> <span class='ocrx_word' id='word_1_112' title='bbox 1056 1277 1146 1340; x_wconf 91' lang='lat' dir='ltr'>bone</span> <span class='ocrx_word' id='word_1_113' title='bbox 1171 1271 1353 1363; x_wconf 81' lang='lat' dir='ltr'>[memorie]</span> <span class='ocrx_word' id='word_1_114' title='bbox 1378 1278 1550 1341; x_wconf 80' lang='lat' dir='ltr'>ADRIANO</span> <span class='ocrx_word' id='word_1_115' title='bbox 1580 1298 1677 1359; x_wconf 88' lang='lat' dir='ltr'>pape,</span> <span class='ocrx_word' id='word_1_116' title='bbox 1710 1277 1742 1339; x_wconf 93' lang='lat' dir='ltr'>in</span> <span class='ocrx_word' id='word_1_117' title='bbox 1770 1277 1894 1339; x_wconf 91' lang='lat' dir='ltr'>eodem</span> <span class='ocrx_word' id='word_1_118' title='bbox 1918 1296 1995 1338; x_wconf 90' lang='lat' dir='ltr'>mo·</span> 
     </span>
     <span class='ocr_line' id='line_1_12' title="bbox 304 1364 1995 1449; baseline -0.001 -21"><span class='ocrx_word' id='word_1_119' title='bbox 304 1367 445 1429; x_wconf 88' lang='lat' dir='ltr'>nasterio</span> <span class='ocrx_word' id='word_1_120' title='bbox 470 1365 511 1429; x_wconf 91' lang='lat' dir='ltr'>de</span> <span class='ocrx_word' id='word_1_121' title='bbox 534 1366 623 1430; x_wconf 90' lang='lat' dir='ltr'>Villa</span> <span class='ocrx_word' id='word_1_122' title='bbox 650 1387 771 1448; x_wconf 90' lang='lat' dir='ltr'>magna</span> <span class='ocrx_word' id='word_1_123' title='bbox 800 1366 895 1429; x_wconf 91' lang='lat' dir='ltr'>vobis</span> <span class='ocrx_word' id='word_1_124' title='bbox 919 1377 969 1430; x_wconf 94' lang='lat' dir='ltr'>est</span> <span class='ocrx_word' id='word_1_125' title='bbox 991 1377 1199 1442; x_wconf 88' lang='lat' dir='ltr'>reservatum,</span> <span class='ocrx_word' id='word_1_126' title='bbox 1223 1368 1272 1430; x_wconf 91' lang='lat' dir='ltr'>ius</span> <span class='ocrx_word' id='word_1_127' title='bbox 1295 1367 1463 1449; x_wconf 90' lang='lat' dir='ltr'>spirituale</span> <span class='ocrx_word' id='word_1_128' title='bbox 1487 1366 1577 1448; x_wconf 93' lang='lat' dir='ltr'>quod</span> <span class='ocrx_word' id='word_1_129' title='bbox 1608 1366 1737 1430; x_wconf 88' lang='lat' dir='ltr'>habetis</span> <span class='ocrx_word' id='word_1_130' title='bbox 1767 1367 1801 1428; x_wconf 93' lang='lat' dir='ltr'>in</span> <span class='ocrx_word' id='word_1_131' title='bbox 1825 1364 1995 1440; x_wconf 85' lang='lat' dir='ltr'>Sculcula,</span> 
     </span>
     <span class='ocr_line' id='line_1_13' title="bbox 303 1450 1995 1541; baseline -0.001 -23"><span class='ocrx_word' id='word_1_132' title='bbox 303 1455 480 1530; x_wconf 91' lang='lat' dir='ltr'>Vitaliano,</span> <span class='ocrx_word' id='word_1_133' title='bbox 505 1450 647 1541; x_wconf 73' lang='lat' dir='ltr'>Morullo</span> <span class='ocrx_word' id='word_1_134' title='bbox 670 1465 704 1519; x_wconf 90' lang='lat' dir='ltr'>et</span> <span class='ocrx_word' id='word_1_135' title='bbox 728 1451 857 1541; x_wconf 86' lang='lat' dir='ltr'>Mo]nte</span> <span class='ocrx_word' id='word_1_136' title='bbox 881 1456 922 1518; x_wconf 92' lang='lat' dir='ltr'>de</span> <span class='ocrx_word' id='word_1_137' title='bbox 944 1457 1051 1537; x_wconf 90' lang='lat' dir='ltr'>gravi,</span> <span class='ocrx_word' id='word_1_138' title='bbox 1076 1467 1109 1519; x_wconf 92' lang='lat' dir='ltr'>et</span> <span class='ocrx_word' id='word_1_139' title='bbox 1133 1476 1338 1537; x_wconf 88' lang='lat' dir='ltr'>quecumque</span> <span class='ocrx_word' id='word_1_140' title='bbox 1362 1458 1394 1518; x_wconf 93' lang='lat' dir='ltr'>in</span> <span class='ocrx_word' id='word_1_141' title='bbox 1418 1456 1575 1538; x_wconf 89' lang='lat' dir='ltr'>predictis</span> <span class='ocrx_word' id='word_1_142' title='bbox 1598 1457 1679 1519; x_wconf 92' lang='lat' dir='ltr'>locis</span> <span class='ocrx_word' id='word_1_143' title='bbox 1703 1466 1771 1518; x_wconf 88' lang='lat' dir='ltr'>tarn</span> <span class='ocrx_word' id='word_1_144' title='bbox 1794 1455 1995 1537; x_wconf 88' lang='lat' dir='ltr'>spiritualia,</span> 
     </span>
     <span class='ocr_line' id='line_1_14' title="bbox 304 1544 1995 1627; baseline -0.001 -21"><span class='ocrx_word' id='word_1_145' title='bbox 304 1564 405 1626; x_wconf 87' lang='lat' dir='ltr'>quarn</span> <span class='ocrx_word' id='word_1_146' title='bbox 425 1544 619 1626; x_wconf 89' lang='lat' dir='ltr'>temporalia</span> <span class='ocrx_word' id='word_1_147' title='bbox 642 1545 770 1608; x_wconf 91' lang='lat' dir='ltr'>habetis</span> <span class='ocrx_word' id='word_1_148' title='bbox 792 1555 848 1607; x_wconf 91' lang='lat' dir='ltr'>ant</span> <span class='ocrx_word' id='word_1_149' title='bbox 872 1546 904 1607; x_wconf 91' lang='lat' dir='ltr'>in</span> <span class='ocrx_word' id='word_1_150' title='bbox 928 1545 1070 1607; x_wconf 89' lang='lat' dir='ltr'>futurum</span> <span class='ocrx_word' id='word_1_151' title='bbox 1094 1546 1330 1609; x_wconf 85' lang='lat' dir='ltr'>rationabiliter</span> <span class='ocrx_word' id='word_1_152' title='bbox 1352 1545 1475 1608; x_wconf 89' lang='lat' dir='ltr'>habere</span> <span class='ocrx_word' id='word_1_153' title='bbox 1497 1545 1663 1627; x_wconf 89' lang='lat' dir='ltr'>poteritis;</span> <span class='ocrx_word' id='word_1_154' title='bbox 1693 1545 1883 1609; x_wconf 90' lang='lat' dir='ltr'>Trevensen</span> <span class='ocrx_word' id='word_1_155' title='bbox 1908 1564 1995 1625; x_wconf 93' lang='lat' dir='ltr'>quo·</span> 
     </span>
     <span class='ocr_line' id='line_1_15' title="bbox 305 1634 1995 1716; baseline -0.001 -20"><span class='ocrx_word' id='word_1_156' title='bbox 305 1654 369 1714; x_wconf 91' lang='lat' dir='ltr'>que</span> <span class='ocrx_word' id='word_1_157' title='bbox 393 1634 566 1696; x_wconf 90' lang='lat' dir='ltr'>ecclesiam</span> <span class='ocrx_word' id='word_1_158' title='bbox 588 1634 648 1697; x_wconf 91' lang='lat' dir='ltr'>tibi</span> <span class='ocrx_word' id='word_1_159' title='bbox 672 1645 869 1716; x_wconf 90' lang='lat' dir='ltr'>tuorumque</span> <span class='ocrx_word' id='word_1_160' title='bbox 891 1653 1114 1697; x_wconf 89' lang='lat' dir='ltr'>successorum</span> <span class='ocrx_word' id='word_1_161' title='bbox 1139 1635 1206 1710; x_wconf 88' lang='lat' dir='ltr'>iuri,</span> <span class='ocrx_word' id='word_1_162' title='bbox 1237 1635 1321 1698; x_wconf 92' lang='lat' dir='ltr'>sicut</span> <span class='ocrx_word' id='word_1_163' title='bbox 1344 1656 1364 1696; x_wconf 89' lang='lat' dir='ltr'>a</span> <span class='ocrx_word' id='word_1_164' title='bbox 1387 1635 1506 1698; x_wconf 92' lang='lat' dir='ltr'>nostris</span> <span class='ocrx_word' id='word_1_165' title='bbox 1535 1634 1796 1697; x_wconf 90' lang='lat' dir='ltr'>antecessoribus</span> <span class='ocrx_word' id='word_1_166' title='bbox 1827 1641 1995 1696; x_wconf 86' lang='lat' dir='ltr'>statutum</span> 
     </span>
     <span class='ocr_line' id='line_1_16' title="bbox 306 1723 1994 1806; baseline -0.001 -20"><span class='ocrx_word' id='word_1_167' title='bbox 306 1734 363 1799; x_wconf 88' lang='lat' dir='ltr'>est,</span> <span class='ocrx_word' id='word_1_168' title='bbox 386 1733 547 1805; x_wconf 88' lang='lat' dir='ltr'>perpetua</span> <span class='ocrx_word' id='word_1_169' title='bbox 569 1723 754 1786; x_wconf 84' lang='lat' dir='ltr'>firmatione</span> <span class='ocrx_word' id='word_1_170' title='bbox 777 1724 1000 1786; x_wconf 92' lang='lat' dir='ltr'>contradimus</span> <span class='ocrx_word' id='word_1_171' title='bbox 1024 1743 1099 1786; x_wconf 92' lang='lat' dir='ltr'>cum</span> <span class='ocrx_word' id='word_1_172' title='bbox 1122 1724 1284 1800; x_wconf 90' lang='lat' dir='ltr'>omnibus,</span> <span class='ocrx_word' id='word_1_173' title='bbox 1309 1744 1373 1806; x_wconf 94' lang='lat' dir='ltr'>que</span> <span class='ocrx_word' id='word_1_174' title='bbox 1397 1724 1440 1787; x_wconf 90' lang='lat' dir='ltr'>ad</span> <span class='ocrx_word' id='word_1_175' title='bbox 1456 1745 1529 1786; x_wconf 91' lang='lat' dir='ltr'>eam</span> <span class='ocrx_word' id='word_1_176' title='bbox 1545 1725 1708 1806; x_wconf 90' lang='lat' dir='ltr'>pertinere</span> <span class='ocrx_word' id='word_1_177' title='bbox 1724 1725 1808 1786; x_wconf 89' lang='lat' dir='ltr'>iuste</span> <span class='ocrx_word' id='word_1_178' title='bbox 1822 1723 1994 1792; x_wconf 85' lang='lat' dir='ltr'>videntur.</span> 
     </span>
     <span class='ocr_line' id='line_1_17' title="bbox 306 1811 1996 1894; baseline -0.001 -19"><span class='ocrx_word' id='word_1_179' title='bbox 306 1813 500 1894; x_wconf 88' lang='lat' dir='ltr'>municipiis,</span> <span class='ocrx_word' id='word_1_180' title='bbox 525 1812 559 1875; x_wconf 94' lang='lat' dir='ltr'>id</span> <span class='ocrx_word' id='word_1_181' title='bbox 583 1823 632 1875; x_wconf 92' lang='lat' dir='ltr'>est</span> <span class='ocrx_word' id='word_1_182' title='bbox 648 1811 745 1875; x_wconf 89' lang='lat' dir='ltr'>Valle</span> <span class='ocrx_word' id='word_1_183' title='bbox 767 1824 942 1894; x_wconf 90' lang='lat' dir='ltr'>petrarum,</span> <span class='ocrx_word' id='word_1_184' title='bbox 959 1813 1125 1888; x_wconf 89' lang='lat' dir='ltr'>Filettino,</span> <span class='ocrx_word' id='word_1_185' title='bbox 1148 1813 1273 1889; x_wconf 90' lang='lat' dir='ltr'>Genne,</span> <span class='ocrx_word' id='word_1_186' title='bbox 1298 1813 1391 1877; x_wconf 88' lang='lat' dir='ltr'>Colle</span> <span class='ocrx_word' id='word_1_187' title='bbox 1413 1813 1522 1889; x_wconf 90' lang='lat' dir='ltr'>altulo,</span> <span class='ocrx_word' id='word_1_188' title='bbox 1546 1823 1660 1876; x_wconf 89' lang='lat' dir='ltr'>monte</span> <span class='ocrx_word' id='word_1_189' title='bbox 1674 1811 1848 1888; x_wconf 90' lang='lat' dir='ltr'>Antolino,</span> <span class='ocrx_word' id='word_1_190' title='bbox 1873 1822 1996 1874; x_wconf 90' lang='lat' dir='ltr'>monte</span> 
     </span>
     <span class='ocr_line' id='line_1_18' title="bbox 305 1901 1996 1984; baseline -0.001 -19"><span class='ocrx_word' id='word_1_191' title='bbox 305 1903 467 1978; x_wconf 88' lang='lat' dir='ltr'>Porcario,</span> <span class='ocrx_word' id='word_1_192' title='bbox 499 1909 532 1964; x_wconf 91' lang='lat' dir='ltr'>et</span> <span class='ocrx_word' id='word_1_193' title='bbox 556 1902 711 1983; x_wconf 89' lang='lat' dir='ltr'>quicquid</span> <span class='ocrx_word' id='word_1_194' title='bbox 741 1903 908 1984; x_wconf 90' lang='lat' dir='ltr'>spirituale</span> <span class='ocrx_word' id='word_1_195' title='bbox 930 1903 983 1965; x_wconf 88' lang='lat' dir='ltr'>vel</span> <span class='ocrx_word' id='word_1_196' title='bbox 1012 1903 1194 1984; x_wconf 87' lang='lat' dir='ltr'>temporale</span> <span class='ocrx_word' id='word_1_197' title='bbox 1218 1903 1250 1965; x_wconf 92' lang='lat' dir='ltr'>in</span> <span class='ocrx_word' id='word_1_198' title='bbox 1274 1903 1398 1966; x_wconf 91' lang='lat' dir='ltr'>eisdem</span> <span class='ocrx_word' id='word_1_199' title='bbox 1422 1903 1503 1966; x_wconf 89' lang='lat' dir='ltr'>locis</span> <span class='ocrx_word' id='word_1_200' title='bbox 1525 1903 1656 1965; x_wconf 90' lang='lat' dir='ltr'>habetis</span> <span class='ocrx_word' id='word_1_201' title='bbox 1679 1910 1734 1965; x_wconf 87' lang='lat' dir='ltr'>aut</span> <span class='ocrx_word' id='word_1_202' title='bbox 1757 1903 1841 1964; x_wconf 90' lang='lat' dir='ltr'>iuste</span> <span class='ocrx_word' id='word_1_203' title='bbox 1865 1901 1996 1964; x_wconf 90' lang='lat' dir='ltr'>habere</span> 
     </span>
     <span class='ocr_line' id='line_1_19' title="bbox 306 1987 1994 2077; baseline -0.002 -23"><span class='ocrx_word' id='word_1_204' title='bbox 306 1992 464 2073; x_wconf 87' lang='lat' dir='ltr'>poteritis.</span> <span class='ocrx_word' id='word_1_205' title='bbox 511 1990 727 2054; x_wconf 91' lang='lat' dir='ltr'>Decernimus</span> <span class='ocrx_word' id='word_1_206' title='bbox 751 2011 839 2073; x_wconf 87' lang='lat' dir='ltr'>ergo,</span> <span class='ocrx_word' id='word_1_207' title='bbox 863 2001 898 2054; x_wconf 94' lang='lat' dir='ltr'>ut</span> <span class='ocrx_word' id='word_1_208' title='bbox 921 1991 999 2054; x_wconf 92' lang='lat' dir='ltr'>nulli</span> <span class='ocrx_word' id='word_1_209' title='bbox 1024 1992 1158 2054; x_wconf 91' lang='lat' dir='ltr'>omnino</span> <span class='ocrx_word' id='word_1_210' title='bbox 1182 1992 1353 2054; x_wconf 91' lang='lat' dir='ltr'>hominurn</span> <span class='ocrx_word' id='word_1_211' title='bbox 1377 1987 1507 2077; x_wconf 88' lang='lat' dir='ltr'>[liceat]‚</span> <span class='ocrx_word' id='word_1_212' title='bbox 1532 1991 1693 2073; x_wconf 82' lang='lat' dir='ltr'>prefatam</span> <span class='ocrx_word' id='word_1_213' title='bbox 1717 1991 1893 2054; x_wconf 87' lang='lat' dir='ltr'>ecclesiam</span> <span class='ocrx_word' id='word_1_214' title='bbox 1920 2040 1927 2053; x_wconf 96' lang='lat'>.</span> <span class='ocrx_word' id='word_1_215' title='bbox 1953 2040 1959 2053; x_wconf 92' lang='lat'>.</span> <span class='ocrx_word' id='word_1_216' title='bbox 1986 2037 1994 2050; x_wconf 96' lang='lat'>.</span> 
     </span>
     <span class='ocr_line' id='line_1_20' title="bbox 306 2080 1994 2162; baseline -0.001 -19"><span class='ocrx_word' id='word_1_217' title='bbox 306 2083 421 2144; x_wconf 89' lang='lat' dir='ltr'>vestris</span> <span class='ocrx_word' id='word_1_218' title='bbox 454 2087 486 2142; x_wconf 92' lang='lat' dir='ltr'>et</span> <span class='ocrx_word' id='word_1_219' title='bbox 517 2080 662 2156; x_wconf 86' lang='lat' dir='ltr'>aliorum,</span> <span class='ocrx_word' id='word_1_220' title='bbox 694 2101 755 2162; x_wconf 93' lang='lat' dir='ltr'>pro</span> <span class='ocrx_word' id='word_1_221' title='bbox 786 2101 925 2162; x_wconf 90' lang='lat' dir='ltr'>quorum</span> <span class='ocrx_word' id='word_1_222' title='bbox 957 2081 1196 2162; x_wconf 85' lang='lat' dir='ltr'>gubernatione</span> <span class='ocrx_word' id='word_1_223' title='bbox 1228 2091 1261 2145; x_wconf 90' lang='lat' dir='ltr'>et</span> <span class='ocrx_word' id='word_1_224' title='bbox 1290 2081 1530 2145; x_wconf 87' lang='lat' dir='ltr'>sustentatione</span> <span class='ocrx_word' id='word_1_225' title='bbox 1562 2101 1719 2144; x_wconf 90' lang='lat' dir='ltr'>concessa</span> <span class='ocrx_word' id='word_1_226' title='bbox 1751 2092 1842 2157; x_wconf 91' lang='lat' dir='ltr'>sunt,</span> <span class='ocrx_word' id='word_1_227' title='bbox 1876 2080 1994 2142; x_wconf 91' lang='lat' dir='ltr'>usibus</span> 
     </span>
     <span class='ocr_line' id='line_1_21' title="bbox 308 2167 1995 2252; baseline -0.001 -20"><span class='ocrx_word' id='word_1_228' title='bbox 308 2170 506 2233; x_wconf 92' lang='lat' dir='ltr'>omnimodis</span> <span class='ocrx_word' id='word_1_229' title='bbox 537 2169 722 2252; x_wconf 88' lang='lat' dir='ltr'>profutura,</span> <span class='ocrx_word' id='word_1_230' title='bbox 754 2171 844 2232; x_wconf 90' lang='lat' dir='ltr'>salva</span> <span class='ocrx_word' id='word_1_231' title='bbox 874 2170 962 2233; x_wconf 92' lang='lat' dir='ltr'>sedis</span> <span class='ocrx_word' id='word_1_232' title='bbox 992 2169 1176 2251; x_wconf 89' lang='lat' dir='ltr'>apostolice</span> <span class='ocrx_word' id='word_1_233' title='bbox 1204 2172 1405 2234; x_wconf 88' lang='lat' dir='ltr'>auctoritate.</span> <span class='ocrx_word' id='word_1_234' title='bbox 1459 2170 1494 2234; x_wconf 90' lang='lat' dir='ltr'>Si</span> <span class='ocrx_word' id='word_1_235' title='bbox 1527 2189 1592 2252; x_wconf 88' lang='lat' dir='ltr'>qua</span> <span class='ocrx_word' id='word_1_236' title='bbox 1621 2172 1718 2252; x_wconf 91' lang='lat' dir='ltr'>igitur</span> <span class='ocrx_word' id='word_1_237' title='bbox 1747 2219 1753 2233; x_wconf 94' lang='lat'>.</span> <span class='ocrx_word' id='word_1_238' title='bbox 1783 2218 1789 2231; x_wconf 95' lang='lat'>.</span> <span class='ocrx_word' id='word_1_239' title='bbox 1815 2219 1821 2232; x_wconf 96' lang='lat'>.</span> <span class='ocrx_word' id='word_1_240' title='bbox 1853 2167 1995 2246; x_wconf 88' lang='lat' dir='ltr'>Cunctis</span> 
     </span>
     <span class='ocr_line' id='line_1_22' title="bbox 308 2256 1135 2340; baseline -0.001 -18"><span class='ocrx_word' id='word_1_241' title='bbox 308 2271 417 2322; x_wconf 92' lang='lat' dir='ltr'>autem</span> <span class='ocrx_word' id='word_1_242' title='bbox 442 2307 449 2322; x_wconf 95' lang='lat'>.</span> <span class='ocrx_word' id='word_1_243' title='bbox 473 2307 479 2320; x_wconf 96' lang='lat'>.</span> <span class='ocrx_word' id='word_1_244' title='bbox 505 2306 511 2320; x_wconf 99' lang='lat'>.</span> <span class='ocrx_word' id='word_1_245' title='bbox 536 2259 712 2323; x_wconf 90' lang='lat' dir='ltr'>inveniant.</span> <span class='ocrx_word' id='word_1_246' title='bbox 758 2257 879 2322; x_wconf 90' lang='lat' dir='ltr'>Amen.</span> <span class='ocrx_word' id='word_1_247' title='bbox 903 2257 992 2340; x_wconf 93' lang='lat' dir='ltr'>A-m.</span> <span class='ocrx_word' id='word_1_248' title='bbox 1016 2256 1135 2322; x_wconf 92' lang='lat' dir='ltr'>Amen.</span> 
     </span>
    </p>

    <p class='ocr_par' dir='ltr' id='par_1_3' title="bbox 521 2343 1585 2433">
     <span class='ocr_line' id='line_1_23' title="bbox 521 2343 1585 2433; baseline 0.004 -25"><span class='ocrx_word' id='word_1_249' title='bbox 521 2343 576 2431; x_wconf 87' lang='lat' dir='ltr'>(R)</span> <span class='ocrx_word' id='word_1_250' title='bbox 600 2348 673 2430; x_wconf 86' lang='lat' dir='ltr'>Ego</span> <span class='ocrx_word' id='word_1_251' title='bbox 697 2346 889 2412; x_wconf 87' lang='lat' dir='ltr'>Alexander</span> <span class='ocrx_word' id='word_1_252' title='bbox 911 2347 1073 2411; x_wconf 87' lang='lat' dir='ltr'>catholice</span> <span class='ocrx_word' id='word_1_253' title='bbox 1097 2348 1234 2412; x_wconf 90' lang='lat' dir='ltr'>ecclesie</span> <span class='ocrx_word' id='word_1_254' title='bbox 1258 2350 1436 2432; x_wconf 90' lang='lat' dir='ltr'>episcopus</span> <span class='ocrx_word' id='word_1_255' title='bbox 1458 2371 1499 2413; x_wconf 90' lang='lat' dir='ltr'>ss.</span> <span class='ocrx_word' id='word_1_256' title='bbox 1523 2343 1585 2433; x_wconf 88' lang='grc' dir='ltr'>(Μ)</span> 
     </span>
    </p>

    <p class='ocr_par' dir='ltr' id='par_1_4' title="bbox 522 2434 1310 2521">
     <span class='ocr_line' id='line_1_24' title="bbox 522 2434 1310 2521; baseline 0.001 -22"><span class='ocrx_word' id='word_1_257' title='bbox 522 2434 543 2517; x_wconf 86' lang='lat'>†</span> <span class='ocrx_word' id='word_1_258' title='bbox 566 2437 639 2518; x_wconf 87' lang='lat' dir='ltr'>Ego</span> <span class='ocrx_word' id='word_1_259' title='bbox 663 2437 836 2501; x_wconf 88' lang='lat' dir='ltr'>Hubaldus</span> <span class='ocrx_word' id='word_1_260' title='bbox 860 2437 1046 2501; x_wconf 91' lang='lat' dir='ltr'>Hostiensis</span> <span class='ocrx_word' id='word_1_261' title='bbox 1070 2439 1247 2521; x_wconf 88' lang='lat' dir='ltr'>episcopus</span> <span class='ocrx_word' id='word_1_262' title='bbox 1270 2460 1310 2502; x_wconf 92' lang='lat' dir='ltr'>ss.</span> 
     </span>
    </p>

    <p class='ocr_par' dir='ltr' id='par_1_5' title="bbox 522 2523 1253 2609">
     <span class='ocr_line' id='line_1_25' title="bbox 522 2523 1253 2609; baseline 0.004 -21"><span class='ocrx_word' id='word_1_263' title='bbox 522 2523 543 2606; x_wconf 86' lang='lat'>†</span> <span class='ocrx_word' id='word_1_264' title='bbox 566 2527 639 2607; x_wconf 87' lang='lat' dir='ltr'>Ego</span> <span class='ocrx_word' id='word_1_265' title='bbox 663 2526 760 2589; x_wconf 93' lang='lat' dir='ltr'>lulius</span> <span class='ocrx_word' id='word_1_266' title='bbox 783 2526 989 2590; x_wconf 91' lang='lat' dir='ltr'>Prenestinus</span> <span class='ocrx_word' id='word_1_267' title='bbox 1013 2528 1189 2609; x_wconf 91' lang='lat' dir='ltr'>episcopus</span> <span class='ocrx_word' id='word_1_268' title='bbox 1212 2549 1253 2592; x_wconf 93' lang='lat' dir='ltr'>ss.</span> 
     </span>
    </p>

    <p class='ocr_par' dir='ltr' id='par_1_6' title="bbox 524 2613 1659 2699">
     <span class='ocr_line' id='line_1_26' title="bbox 524 2613 1659 2699; baseline -0.001 -21"><span class='ocrx_word' id='word_1_269' title='bbox 524 2613 544 2698; x_wconf 95' lang='lat'>†</span> <span class='ocrx_word' id='word_1_270' title='bbox 567 2615 641 2696; x_wconf 87' lang='lat' dir='ltr'>Ego</span> <span class='ocrx_word' id='word_1_271' title='bbox 664 2616 850 2679; x_wconf 83' lang='lat' dir='ltr'>Bernartius</span> <span class='ocrx_word' id='word_1_272' title='bbox 873 2615 1061 2679; x_wconf 85' lang='lat' dir='ltr'>Portuensis</span> <span class='ocrx_word' id='word_1_273' title='bbox 1085 2627 1118 2679; x_wconf 90' lang='lat' dir='ltr'>et</span> <span class='ocrx_word' id='word_1_274' title='bbox 1141 2629 1254 2681; x_wconf 88' lang='lat' dir='ltr'>sancte</span> <span class='ocrx_word' id='word_1_275' title='bbox 1276 2615 1394 2680; x_wconf 90' lang='lat' dir='ltr'>Rufine</span> <span class='ocrx_word' id='word_1_276' title='bbox 1418 2617 1659 2699; x_wconf 82' lang='lat' dir='ltr'>episcopusss.</span> 
     </span>
    </p>

    <p class='ocr_par' dir='ltr' id='par_1_7' title="bbox 523 2701 1408 2792">
     <span class='ocr_line' id='line_1_27' title="bbox 523 2701 1408 2792; baseline 0.001 -25"><span class='ocrx_word' id='word_1_277' title='bbox 523 2701 544 2786; x_wconf 86' lang='lat'><strong>†</strong></span> <span class='ocrx_word' id='word_1_278' title='bbox 568 2705 641 2786; x_wconf 92' lang='lat' dir='ltr'>Ego</span> <span class='ocrx_word' id='word_1_279' title='bbox 665 2704 850 2769; x_wconf 88' lang='lat' dir='ltr'>Gualterius</span> <span class='ocrx_word' id='word_1_280' title='bbox 873 2703 1074 2769; x_wconf 90' lang='lat' dir='ltr'>Albanensis</span> <span class='ocrx_word' id='word_1_281' title='bbox 1098 2703 1408 2792; x_wconf 79' lang='lat' dir='ltr'>episcopusss(1)</span> 
     </span>
    </p>

    <p class='ocr_par' dir='ltr' id='par_1_8' title="bbox 523 2788 1817 2877">
     <span class='ocr_line' id='line_1_28' title="bbox 523 2788 1817 2877; baseline -0.002 -20"><span class='ocrx_word' id='word_1_282' title='bbox 523 2827 567 2838; x_wconf 92' lang='grc'>-</span> <span class='ocrx_word' id='word_1_283' title='bbox 591 2792 611 2877; x_wconf 95' lang='lat'>†</span> <span class='ocrx_word' id='word_1_284' title='bbox 634 2795 708 2876; x_wconf 90' lang='lat' dir='ltr'>Ego</span> <span class='ocrx_word' id='word_1_285' title='bbox 731 2794 894 2857; x_wconf 87' lang='lat' dir='ltr'>Iohannes</span> <span class='ocrx_word' id='word_1_286' title='bbox 917 2796 1079 2877; x_wconf 90' lang='lat' dir='ltr'>presbiter</span> <span class='ocrx_word' id='word_1_287' title='bbox 1101 2796 1275 2860; x_wconf 90' lang='lat' dir='ltr'>cardinalis</span> <span class='ocrx_word' id='word_1_288' title='bbox 1298 2797 1347 2859; x_wconf 91' lang='lat' dir='ltr'>tit.</span> <span class='ocrx_word' id='word_1_289' title='bbox 1371 2805 1484 2859; x_wconf 90' lang='lat' dir='ltr'>sancte</span> <span class='ocrx_word' id='word_1_290' title='bbox 1507 2793 1684 2856; x_wconf 83' lang='lat' dir='ltr'>Anastasie</span> <span class='ocrx_word' id='word_1_291' title='bbox 1707 2815 1748 2856; x_wconf 90' lang='lat' dir='ltr'>ss.</span> <span class='ocrx_word' id='word_1_292' title='bbox 1772 2788 1817 2876; x_wconf 85' lang='lat'>(2)</span> 
     </span>
    </p>

    <p class='ocr_par' dir='ltr' id='par_1_9' title="bbox 524 2877 1935 2966">
     <span class='ocr_line' id='line_1_29' title="bbox 524 2877 1935 2966; baseline -0.002 -19"><span class='ocrx_word' id='word_1_293' title='bbox 524 2881 544 2966; x_wconf 95' lang='lat'>†</span> <span class='ocrx_word' id='word_1_294' title='bbox 567 2885 641 2965; x_wconf 89' lang='lat' dir='ltr'>Ego</span> <span class='ocrx_word' id='word_1_295' title='bbox 665 2882 823 2948; x_wconf 89' lang='lat' dir='ltr'>Albertus</span> <span class='ocrx_word' id='word_1_296' title='bbox 846 2884 1007 2966; x_wconf 91' lang='lat' dir='ltr'>presbiter</span> <span class='ocrx_word' id='word_1_297' title='bbox 1030 2884 1202 2948; x_wconf 89' lang='lat' dir='ltr'>cardinalis</span> <span class='ocrx_word' id='word_1_298' title='bbox 1225 2887 1273 2949; x_wconf 90' lang='lat' dir='ltr'>tit.</span> <span class='ocrx_word' id='word_1_299' title='bbox 1297 2886 1401 2949; x_wconf 91' lang='lat' dir='ltr'>sancti</span> <span class='ocrx_word' id='word_1_300' title='bbox 1425 2883 1591 2947; x_wconf 89' lang='lat' dir='ltr'>Laurentii</span> <span class='ocrx_word' id='word_1_301' title='bbox 1616 2884 1648 2945; x_wconf 94' lang='lat' dir='ltr'>in</span> <span class='ocrx_word' id='word_1_302' title='bbox 1672 2882 1797 2945; x_wconf 91' lang='lat' dir='ltr'>Lucina</span> <span class='ocrx_word' id='word_1_303' title='bbox 1819 2903 1861 2944; x_wconf 83' lang='lat' dir='ltr'>ss</span> <span class='ocrx_word' id='word_1_304' title='bbox 1885 2877 1935 2964; x_wconf 89' lang='lat'>(1)</span> 
     </span>
    </p>

    <p class='ocr_par' dir='ltr' id='par_1_10' title="bbox 524 2969 1909 3055">
     <span class='ocr_line' id='line_1_30' title="bbox 524 2969 1909 3055; baseline -0.001 -20"><span class='ocrx_word' id='word_1_305' title='bbox 524 3007 569 3017; x_wconf 91' lang='lat'>—-</span> <span class='ocrx_word' id='word_1_306' title='bbox 591 2969 611 3053; x_wconf 81' lang='lat'><strong>†</strong></span> <span class='ocrx_word' id='word_1_307' title='bbox 635 2974 708 3054; x_wconf 91' lang='lat' dir='ltr'>Ego</span> <span class='ocrx_word' id='word_1_308' title='bbox 733 2973 811 3037; x_wconf 93' lang='lat' dir='ltr'>Odo</span> <span class='ocrx_word' id='word_1_309' title='bbox 836 2973 993 3036; x_wconf 90' lang='lat' dir='ltr'>diaconus</span> <span class='ocrx_word' id='word_1_310' title='bbox 1017 2973 1190 3038; x_wconf 91' lang='lat' dir='ltr'>cardinalis</span> <span class='ocrx_word' id='word_1_311' title='bbox 1213 2977 1316 3038; x_wconf 92' lang='lat' dir='ltr'>sancti</span> <span class='ocrx_word' id='word_1_312' title='bbox 1341 2975 1475 3055; x_wconf 84' lang='lat' dir='ltr'>Georgii</span> <span class='ocrx_word' id='word_1_313' title='bbox 1499 2972 1543 3035; x_wconf 92' lang='lat' dir='ltr'>ad</span> <span class='ocrx_word' id='word_1_314' title='bbox 1565 2971 1686 3035; x_wconf 90' lang='lat' dir='ltr'>Velum</span> <span class='ocrx_word' id='word_1_315' title='bbox 1709 2992 1841 3036; x_wconf 92' lang='lat' dir='ltr'>aureum</span> <span class='ocrx_word' id='word_1_316' title='bbox 1864 2992 1909 3034; x_wconf 80' lang='lat' dir='ltr'>ss</span> 
     </span>
    </p>

    <p class='ocr_par' dir='ltr' id='par_1_11' title="bbox 527 3057 1641 3145">
     <span class='ocr_line' id='line_1_31' title="bbox 527 3057 1641 3145; baseline -0.001 -20"><span class='ocrx_word' id='word_1_317' title='bbox 527 3059 547 3145; x_wconf 94' lang='lat'>†</span> <span class='ocrx_word' id='word_1_318' title='bbox 569 3063 644 3144; x_wconf 87' lang='lat' dir='ltr'>Ego</span> <span class='ocrx_word' id='word_1_319' title='bbox 667 3061 805 3125; x_wconf 93' lang='lat' dir='ltr'>Ardicio</span> <span class='ocrx_word' id='word_1_320' title='bbox 830 3063 987 3126; x_wconf 92' lang='lat' dir='ltr'>diaconus</span> <span class='ocrx_word' id='word_1_321' title='bbox 1011 3063 1184 3126; x_wconf 88' lang='lat' dir='ltr'>cardinalis</span> <span class='ocrx_word' id='word_1_322' title='bbox 1206 3067 1312 3128; x_wconf 90' lang='lat' dir='ltr'>sancti</span> <span class='ocrx_word' id='word_1_323' title='bbox 1336 3063 1505 3126; x_wconf 89' lang='lat' dir='ltr'>Theodori</span> <span class='ocrx_word' id='word_1_324' title='bbox 1530 3083 1571 3124; x_wconf 91' lang='lat' dir='ltr'>ss.</span> <span class='ocrx_word' id='word_1_325' title='bbox 1595 3057 1641 3145; x_wconf 85' lang='lat'>(4)</span> 
     </span>
    </p>

    <p class='ocr_par' dir='ltr' id='par_1_12' title="bbox 471 3150 1996 3233">
     <span class='ocr_line' id='line_1_32' title="bbox 471 3150 1996 3233; baseline -0.001 -20"><span class='ocrx_word' id='word_1_326' title='bbox 471 3150 548 3214; x_wconf 90' lang='lat' dir='ltr'>Dat.</span> <span class='ocrx_word' id='word_1_327' title='bbox 572 3152 755 3227; x_wconf 86' lang='lat' dir='ltr'>Terracine,</span> <span class='ocrx_word' id='word_1_328' title='bbox 787 3171 848 3233; x_wconf 92' lang='lat' dir='ltr'>per</span> <span class='ocrx_word' id='word_1_329' title='bbox 878 3172 1012 3215; x_wconf 88' lang='lat' dir='ltr'>manum</span> <span class='ocrx_word' id='word_1_330' title='bbox 1035 3151 1224 3230; x_wconf 87' lang='lat' dir='ltr'>Hermanni,</span> <span class='ocrx_word' id='word_1_331' title='bbox 1255 3163 1369 3217; x_wconf 92' lang='lat' dir='ltr'>sancte</span> <span class='ocrx_word' id='word_1_332' title='bbox 1391 3152 1542 3215; x_wconf 90' lang='lat' dir='ltr'>Romane</span> <span class='ocrx_word' id='word_1_333' title='bbox 1571 3150 1709 3214; x_wconf 88' lang='lat' dir='ltr'>ecclesie</span> <span class='ocrx_word' id='word_1_334' title='bbox 1740 3151 1939 3213; x_wconf 91' lang='lat' dir='ltr'>subdiaconi</span> <span class='ocrx_word' id='word_1_335' title='bbox 1961 3159 1996 3211; x_wconf 90' lang='lat' dir='ltr'>et</span> 
     </span>
    </p>

    <p class='ocr_par' dir='ltr' id='par_1_13' title="bbox 312 3237 1995 3412">
     <span class='ocr_line' id='line_1_33' title="bbox 312 3237 1995 3306; baseline 0 -6"><span class='ocrx_word' id='word_1_336' title='bbox 312 3237 439 3301; x_wconf 92' lang='lat' dir='ltr'>notarii.</span> <span class='ocrx_word' id='word_1_337' title='bbox 477 3253 541 3303; x_wconf 85' lang='lat' dir='ltr'>vm</span> <span class='ocrx_word' id='word_1_338' title='bbox 557 3241 609 3304; x_wconf 92' lang='lat' dir='ltr'>Kl.</span> <span class='ocrx_word' id='word_1_339' title='bbox 628 3241 762 3304; x_wconf 90' lang='lat' dir='ltr'>Octubr.</span> <span class='ocrx_word' id='word_1_340' title='bbox 799 3241 984 3304; x_wconf 87' lang='lat' dir='ltr'>indictione</span> <span class='ocrx_word' id='word_1_341' title='bbox 999 3255 1032 3304; x_wconf 84' lang='lat' dir='ltr'>x.</span> <span class='ocrx_word' id='word_1_342' title='bbox 1071 3239 1173 3304; x_wconf 89' lang='lat' dir='ltr'>Anno</span> <span class='ocrx_word' id='word_1_343' title='bbox 1191 3243 1356 3306; x_wconf 91' lang='lat' dir='ltr'>dominice</span> <span class='ocrx_word' id='word_1_344' title='bbox 1372 3241 1605 3305; x_wconf 90' lang='lat' dir='ltr'>incarnationis</span> <span class='ocrx_word' id='word_1_345' title='bbox 1621 3251 1740 3302; x_wconf 77' lang='lat' dir='ltr'>MCLXI.</span> <span class='ocrx_word' id='word_1_346' title='bbox 1779 3239 1995 3302; x_wconf 87' lang='lat' dir='ltr'>Pontificatus</span> 
     </span>
     <span class='ocr_line' id='line_1_34' title="bbox 312 3328 1121 3412; baseline 0.002 -21"><span class='ocrx_word' id='word_1_347' title='bbox 312 3348 390 3391; x_wconf 93' lang='lat' dir='ltr'>vero</span> <span class='ocrx_word' id='word_1_348' title='bbox 415 3328 528 3391; x_wconf 93' lang='lat' dir='ltr'>domni</span> <span class='ocrx_word' id='word_1_349' title='bbox 551 3328 734 3393; x_wconf 87' lang='lat' dir='ltr'>Alexandri</span> <span class='ocrx_word' id='word_1_350' title='bbox 758 3351 805 3412; x_wconf 95' lang='lat' dir='ltr'>pp</span> <span class='ocrx_word' id='word_1_351' title='bbox 829 3329 894 3391; x_wconf 75' lang='lat' dir='ltr'>ffltii</span> <span class='ocrx_word' id='word_1_352' title='bbox 926 3351 1013 3394; x_wconf 92' lang='lat' dir='ltr'>anno</span> <span class='ocrx_word' id='word_1_353' title='bbox 1037 3330 1121 3393; x_wconf 73' lang='lat' dir='ltr'>tutio.</span> 
     </span>
    </p>
   </div>
   <div class='ocr_carea' id='block_1_3' title="bbox 313 3442 1994 3797">
    <p class='ocr_par' dir='ltr' id='par_1_14' title="bbox 476 3442 1688 3510">
     <span class='ocr_line' id='line_1_35' title="bbox 476 3442 1688 3510; baseline 0.002 -18"><span class='ocrx_word' id='word_1_354' title='bbox 476 3442 519 3492; x_wconf 79' lang='lat' dir='ltr'>Or.</span> <span class='ocrx_word' id='word_1_355' title='bbox 538 3443 594 3492; x_wconf 79' lang='lat' dir='ltr'>und</span> <span class='ocrx_word' id='word_1_356' title='bbox 609 3443 734 3509; x_wconf 70' lang='lat' dir='ltr'>Abschrrst</span> <span class='ocrx_word' id='word_1_357' title='bbox 750 3444 790 3494; x_wconf 80' lang='lat' dir='ltr'>des</span> <span class='ocrx_word' id='word_1_358' title='bbox 807 3445 950 3494; x_wconf 82' lang='lat' dir='ltr'>Bullarr&#39;um</span> <span class='ocrx_word' id='word_1_359' title='bbox 968 3459 1027 3494; x_wconf 82' lang='lat' dir='ltr'>saec.</span> <span class='ocrx_word' id='word_1_360' title='bbox 1047 3444 1116 3494; x_wconf 86' lang='lat' dir='ltr'>XIV</span> <span class='ocrx_word' id='word_1_361' title='bbox 1123 3451 1150 3509; x_wconf 79' lang='lat' dir='ltr'>p.</span> <span class='ocrx_word' id='word_1_362' title='bbox 1170 3446 1213 3504; x_wconf 80' lang='lat'>50,</span> <span class='ocrx_word' id='word_1_363' title='bbox 1231 3445 1265 3494; x_wconf 83' lang='lat' dir='ltr'>im</span> <span class='ocrx_word' id='word_1_364' title='bbox 1283 3446 1356 3495; x_wconf 80' lang='lat' dir='ltr'>Arch.</span> <span class='ocrx_word' id='word_1_365' title='bbox 1381 3445 1515 3510; x_wconf 81' lang='lat' dir='ltr'>Capitolare</span> <span class='ocrx_word' id='word_1_366' title='bbox 1533 3461 1563 3492; x_wconf 78' lang='lat' dir='ltr'>zu</span> <span class='ocrx_word' id='word_1_367' title='bbox 1580 3446 1688 3507; x_wconf 74' lang='lat' dir='ltr'>Anagni.</span> 
     </span>
    </p>

    <p class='ocr_par' dir='ltr' id='par_1_15' title="bbox 313 3513 1994 3797">
     <span class='ocr_line' id='line_1_36' title="bbox 455 3513 1994 3582; baseline -0.001 -20"><span class='ocrx_word' id='word_1_368' title='bbox 455 3514 528 3573; x_wconf 65' lang='lat' dir='ltr'>«Or,</span> <span class='ocrx_word' id='word_1_369' title='bbox 549 3513 619 3580; x_wconf 79' lang='lat' dir='ltr'>Pcrg.</span> <span class='ocrx_word' id='word_1_370' title='bbox 636 3515 698 3576; x_wconf 80' lang='lat' dir='ltr'>ital,</span> <span class='ocrx_word' id='word_1_371' title='bbox 716 3517 752 3566; x_wconf 81' lang='lat' dir='ltr'>br.</span> <span class='ocrx_word' id='word_1_372' title='bbox 763 3518 832 3575; x_wconf 65' lang='lat' dir='ltr'>OM,</span> <span class='ocrx_word' id='word_1_373' title='bbox 851 3518 911 3582; x_wconf 80' lang='lat' dir='ltr'>lang</span> <span class='ocrx_word' id='word_1_374' title='bbox 928 3519 997 3577; x_wconf 83' lang='lat'>0,56,</span> <span class='ocrx_word' id='word_1_375' title='bbox 1017 3523 1091 3566; x_wconf 81' lang='lat' dir='ltr'>unten</span> <span class='ocrx_word' id='word_1_376' title='bbox 1108 3532 1128 3566; x_wconf 92' lang='lat' dir='ltr'>c.</span> <span class='ocrx_word' id='word_1_377' title='bbox 1149 3519 1229 3575; x_wconf 70' lang='lat'>0,028</span> <span class='ocrx_word' id='word_1_378' title='bbox 1247 3517 1439 3582; x_wconf 79' lang='lat' dir='ltr'>umgesclrlagen,</span> <span class='ocrx_word' id='word_1_379' title='bbox 1458 3516 1536 3566; x_wconf 76' lang='lat' dir='ltr'>durch</span> <span class='ocrx_word' id='word_1_380' title='bbox 1554 3517 1678 3566; x_wconf 64' lang='lat' dir='ltr'>otacher</span> <span class='ocrx_word' id='word_1_381' title='bbox 1691 3515 1748 3582; x_wconf 73' lang='lat' dir='ltr'>geht</span> <span class='ocrx_word' id='word_1_382' title='bbox 1764 3515 1803 3564; x_wconf 85' lang='lat' dir='ltr'>die</span> <span class='ocrx_word' id='word_1_383' title='bbox 1819 3513 1994 3578; x_wconf 71' lang='lat' dir='ltr'>urspn&#39;o&#39;nglicll</span> 
     </span>
     <span class='ocr_line' id='line_1_37' title="bbox 313 3584 1993 3653; baseline 0.001 -19"><span class='ocrx_word' id='word_1_384' title='bbox 313 3600 368 3634; x_wconf 82' lang='lat' dir='ltr'>rosa</span> <span class='ocrx_word' id='word_1_385' title='bbox 386 3584 570 3646; x_wconf 74' lang='lat' dir='ltr'>Seidensclmr,</span> <span class='ocrx_word' id='word_1_386' title='bbox 589 3587 662 3636; x_wconf 76' lang='lat' dir='ltr'>deren</span> <span class='ocrx_word' id='word_1_387' title='bbox 680 3589 806 3653; x_wconf 76' lang='lat' dir='ltr'>Blein&#39;egel</span> <span class='ocrx_word' id='word_1_388' title='bbox 819 3590 933 3638; x_wconf 79' lang='lat' dir='ltr'>verloren.</span> <span class='ocrx_word' id='word_1_389' title='bbox 971 3587 1080 3653; x_wconf 79' lang='lat' dir='ltr'>Fallung</span> <span class='ocrx_word' id='word_1_390' title='bbox 1096 3588 1141 3638; x_wconf 82' lang='lat' dir='ltr'>der</span> <span class='ocrx_word' id='word_1_391' title='bbox 1163 3589 1261 3637; x_wconf 82' lang='lat' dir='ltr'>Bullen.</span> <span class='ocrx_word' id='word_1_392' title='bbox 1303 3589 1377 3638; x_wconf 81' lang='lat' dir='ltr'>Ueber</span> <span class='ocrx_word' id='word_1_393' title='bbox 1394 3590 1431 3639; x_wconf 83' lang='lat' dir='ltr'>dic</span> <span class='ocrx_word' id='word_1_394' title='bbox 1453 3589 1512 3638; x_wconf 83' lang='lat' dir='ltr'>Um·</span> <span class='ocrx_word' id='word_1_395' title='bbox 1530 3589 1587 3637; x_wconf 83' lang='lat' dir='ltr'>und</span> <span class='ocrx_word' id='word_1_396' title='bbox 1605 3586 1770 3652; x_wconf 74' lang='lat' dir='ltr'>Umersclrr&#39;ft</span> <span class='ocrx_word' id='word_1_397' title='bbox 1785 3586 1865 3635; x_wconf 77' lang='lat' dir='ltr'>nichts</span> <span class='ocrx_word' id='word_1_398' title='bbox 1877 3585 1993 3636; x_wconf 80' lang='lat' dir='ltr'>Siclrms.</span> 
     </span>
     <span class='ocr_line' id='line_1_38' title="bbox 313 3655 1992 3726; baseline -0.001 -20"><span class='ocrx_word' id='word_1_399' title='bbox 313 3656 370 3706; x_wconf 82' lang='lat' dir='ltr'>Das</span> <span class='ocrx_word' id='word_1_400' title='bbox 387 3657 413 3706; x_wconf 89' lang='lat' dir='ltr'>H</span> <span class='ocrx_word' id='word_1_401' title='bbox 431 3655 572 3708; x_wconf 72' lang='lat' dir='ltr'>Hermam</span> <span class='ocrx_word' id='word_1_402' title='bbox 595 3659 621 3707; x_wconf 81' lang='lat' dir='ltr'>in</span> <span class='ocrx_word' id='word_1_403' title='bbox 639 3658 684 3708; x_wconf 77' lang='lat' dir='ltr'>dtr</span> <span class='ocrx_word' id='word_1_404' title='bbox 699 3660 829 3726; x_wconf 82' lang='lat' dir='ltr'>Datirung</span> <span class='ocrx_word' id='word_1_405' title='bbox 851 3660 918 3710; x_wconf 80' lang='lat' dir='ltr'>wohl</span> <span class='ocrx_word' id='word_1_406' title='bbox 937 3659 1121 3726; x_wconf 74' lang='lat' dir='ltr'>nachgetragm.</span> <span class='ocrx_word' id='word_1_407' title='bbox 1157 3660 1205 3710; x_wconf 77' lang='lat' dir='ltr'>Die</span> <span class='ocrx_word' id='word_1_408' title='bbox 1223 3659 1406 3725; x_wconf 77' lang='lat' dir='ltr'>Zeugmfirmen</span> <span class='ocrx_word' id='word_1_409' title='bbox 1431 3659 1539 3710; x_wconf 78' lang='lat' dir='ltr'>nuistens</span> <span class='ocrx_word' id='word_1_410' title='bbox 1555 3675 1603 3708; x_wconf 84' lang='lat' dir='ltr'>von</span> <span class='ocrx_word' id='word_1_411' title='bbox 1618 3659 1725 3725; x_wconf 79' lang='lat' dir='ltr'>gleicher</span> <span class='ocrx_word' id='word_1_412' title='bbox 1741 3657 1822 3707; x_wconf 80' lang='lat' dir='ltr'>Hand</span> <span class='ocrx_word' id='word_1_413' title='bbox 1839 3658 1897 3706; x_wconf 79' lang='lat' dir='ltr'>und</span> <span class='ocrx_word' id='word_1_414' title='bbox 1911 3657 1992 3720; x_wconf 78' lang='lat' dir='ltr'>Dinrc,</span> 
     </span>
     <span class='ocr_line' id='line_1_39' title="bbox 317 3728 1467 3797; baseline 0.004 -20"><span class='ocrx_word' id='word_1_415' title='bbox 317 3728 369 3777; x_wconf 77' lang='lat' dir='ltr'>odo</span> <span class='ocrx_word' id='word_1_416' title='bbox 385 3729 446 3779; x_wconf 73' lang='lat' dir='ltr'>steht</span> <span class='ocrx_word' id='word_1_417' title='bbox 462 3729 541 3780; x_wconf 66' lang='lat' dir='ltr'>Mater</span> <span class='ocrx_word' id='word_1_418' title='bbox 558 3730 611 3779; x_wconf 78' lang='lat' dir='ltr'>dem</span> <span class='ocrx_word' id='word_1_419' title='bbox 629 3729 812 3797; x_wconf 82' lang='lat' dir='ltr'>Monogramme</span> <span class='ocrx_word' id='word_1_420' title='bbox 829 3731 875 3781; x_wconf 82' lang='lat' dir='ltr'>mit</span> <span class='ocrx_word' id='word_1_421' title='bbox 890 3732 933 3782; x_wconf 84' lang='lat' dir='ltr'>der</span> <span class='ocrx_word' id='word_1_422' title='bbox 952 3731 1185 3797; x_wconf 78' lang='lat' dir='ltr'>Papstrmtersclm&#39;st</span> <span class='ocrx_word' id='word_1_423' title='bbox 1201 3731 1254 3797; x_wconf 85' lang='lat' dir='ltr'>aus</span> <span class='ocrx_word' id='word_1_424' title='bbox 1264 3732 1372 3797; x_wconf 75' lang='lat' dir='ltr'>gleicker</span> <span class='ocrx_word' id='word_1_425' title='bbox 1388 3732 1467 3782; x_wconf 74' lang='lat' dir='ltr'>che.</span> 
     </span>
    </p>
   </div>
   <div class='ocr_carea' id='block_1_4' title="bbox 1060 4015 1247 4092">
    <p class='ocr_par' dir='ltr' id='par_1_16' title="bbox 1060 4015 1247 4092">
     <span class='ocr_line' id='line_1_40' title="bbox 1060 4015 1247 4092; baseline 0 0"><span class='ocrx_word' id='word_1_426' title='bbox 1060 4015 1127 4092; x_wconf 87' lang='lat' dir='ltr'>Nr.</span> <span class='ocrx_word' id='word_1_427' title='bbox 1157 4019 1247 4092; x_wconf 79' lang='lat'>200.</span> 
     </span>
    </p>
   </div>
   <div class='ocr_carea' id='block_1_5' title="bbox 315 4144 1993 4322">
    <p class='ocr_par' dir='ltr' id='par_1_17' title="bbox 315 4144 1993 4322">
     <span class='ocr_line' id='line_1_41' title="bbox 315 4144 1993 4229; baseline -0.003 -14"><span class='ocrx_word' id='word_1_428' title='bbox 315 4148 502 4216; x_wconf 77' lang='lat' dir='ltr'>Alexander</span> <span class='ocrx_word' id='word_1_429' title='bbox 520 4145 585 4213; x_wconf 88' lang='lat' dir='ltr'>III</span> <span class='ocrx_word' id='word_1_430' title='bbox 602 4149 721 4213; x_wconf 87' lang='lat' dir='ltr'>m&#39;mmt</span> <span class='ocrx_word' id='word_1_431' title='bbox 740 4147 803 4213; x_wconf 85' lang='lat' dir='ltr'>das</span> <span class='ocrx_word' id='word_1_432' title='bbox 827 4147 959 4213; x_wconf 78' lang='lat' dir='ltr'>Kloster</span> <span class='ocrx_word' id='word_1_433' title='bbox 982 4148 1056 4214; x_wconf 80' lang='lat' dir='ltr'>San</span> <span class='ocrx_word' id='word_1_434' title='bbox 1087 4148 1231 4214; x_wconf 76' lang='lat' dir='ltr'>Mz&#39;clrele</span> <span class='ocrx_word' id='word_1_435' title='bbox 1253 4170 1275 4212; x_wconf 85' lang='lat' dir='ltr'>a</span> <span class='ocrx_word' id='word_1_436' title='bbox 1299 4146 1421 4226; x_wconf 82' lang='lat' dir='ltr'>Quiesa</span> <span class='ocrx_word' id='word_1_437' title='bbox 1450 4148 1512 4227; x_wconf 89' lang='lat' dir='ltr'>(D.</span> <span class='ocrx_word' id='word_1_438' title='bbox 1539 4148 1663 4224; x_wconf 84' lang='lat' dir='ltr'>Lucca)</span> <span class='ocrx_word' id='word_1_439' title='bbox 1695 4147 1732 4210; x_wconf 83' lang='lat' dir='ltr'>in</span> <span class='ocrx_word' id='word_1_440' title='bbox 1762 4144 1993 4229; x_wconf 79' lang='lat' dir='ltr'>apostolisclren</span> 
     </span>
     <span class='ocr_line' id='line_1_42' title="bbox 589 4235 1678 4322; baseline -0.003 -20"><span class='ocrx_word' id='word_1_441' title='bbox 589 4237 708 4303; x_wconf 77' lang='lat' dir='ltr'>Schutz</span> <span class='ocrx_word' id='word_1_442' title='bbox 732 4238 801 4302; x_wconf 84' lang='lat' dir='ltr'>und</span> <span class='ocrx_word' id='word_1_443' title='bbox 818 4238 972 4322; x_wconf 66' lang='lat' dir='ltr'>bestttgt</span> <span class='ocrx_word' id='word_1_444' title='bbox 995 4239 1064 4303; x_wconf 81' lang='lat' dir='ltr'>ihm</span> <span class='ocrx_word' id='word_1_445' title='bbox 1087 4240 1175 4303; x_wconf 75' lang='lat' dir='ltr'>scine</span> <span class='ocrx_word' id='word_1_446' title='bbox 1198 4237 1439 4303; x_wconf 69' lang='lat' dir='ltr'>Besitathrimer</span> <span class='ocrx_word' id='word_1_447' title='bbox 1459 4237 1529 4302; x_wconf 83' lang='lat' dir='ltr'>und</span> <span class='ocrx_word' id='word_1_448' title='bbox 1550 4235 1678 4301; x_wconf 81' lang='lat' dir='ltr'>Rechte.</span> 
     </span>
    </p>
   </div>
   <div class='ocr_carea' id='block_1_6' title="bbox 944 4353 1367 4420">
    <p class='ocr_par' dir='ltr' id='par_1_18' title="bbox 944 4353 1367 4420">
     <span class='ocr_line' id='line_1_43' title="bbox 944 4353 1367 4420; baseline -0.005 -2"><span class='ocrx_word' id='word_1_449' title='bbox 944 4356 1032 4418; x_wconf 84' lang='lat'><em>1162</em></span> <span class='ocrx_word' id='word_1_450' title='bbox 1047 4355 1146 4420; x_wconf 71' lang='lat' dir='ltr'>Mdrr</span> <span class='ocrx_word' id='word_1_451' title='bbox 1160 4358 1210 4420; x_wconf 87' lang='lat'>10.</span> <span class='ocrx_word' id='word_1_452' title='bbox 1246 4353 1367 4418; x_wconf 85' lang='lat' dir='ltr'>Genua.</span> 
     </span>
    </p>
   </div>
   <div class='ocr_carea' id='block_1_7' title="bbox 317 4467 1992 5451">
    <p class='ocr_par' dir='ltr' id='par_1_19' title="bbox 317 4467 1992 5451">
     <span class='ocr_line' id='line_1_44' title="bbox 476 4467 1992 4555; baseline -0.005 -19"><span class='ocrx_word' id='word_1_453' title='bbox 476 4473 668 4536; x_wconf 88' lang='lat' dir='ltr'>Alexander</span> <span class='ocrx_word' id='word_1_454' title='bbox 683 4473 867 4555; x_wconf 74' lang='lat' dir='ltr'>episcopus</span> <span class='ocrx_word' id='word_1_455' title='bbox 891 4491 1002 4536; x_wconf 88' lang='lat' dir='ltr'>servus</span> <span class='ocrx_word' id='word_1_456' title='bbox 1025 4492 1194 4536; x_wconf 88' lang='lat' dir='ltr'>servorum</span> <span class='ocrx_word' id='word_1_457' title='bbox 1219 4473 1283 4548; x_wconf 91' lang='lat' dir='ltr'>dei,</span> <span class='ocrx_word' id='word_1_458' title='bbox 1307 4470 1436 4535; x_wconf 91' lang='lat' dir='ltr'>dilectis</span> <span class='ocrx_word' id='word_1_459' title='bbox 1453 4468 1525 4532; x_wconf 89' lang='lat' dir='ltr'>filiis</span> <span class='ocrx_word' id='word_1_460' title='bbox 1539 4467 1685 4544; x_wconf 89' lang='lat' dir='ltr'>Iohanni,</span> <span class='ocrx_word' id='word_1_461' title='bbox 1709 4468 1822 4531; x_wconf 90' lang='lat' dir='ltr'>abbati</span> <span class='ocrx_word' id='word_1_462' title='bbox 1838 4467 1992 4530; x_wconf 88' lang='lat' dir='ltr'>ecclesiae</span> 
     </span>
     <span class='ocr_line' id='line_1_45' title="bbox 317 4559 1991 4647; baseline -0.004 -21"><span class='ocrx_word' id='word_1_463' title='bbox 317 4565 421 4627; x_wconf 91' lang='lat' dir='ltr'>sancti</span> <span class='ocrx_word' id='word_1_464' title='bbox 438 4561 631 4626; x_wconf 91' lang='lat' dir='ltr'>Michahelis</span> <span class='ocrx_word' id='word_1_465' title='bbox 652 4563 694 4626; x_wconf 93' lang='lat' dir='ltr'>de</span> <span class='ocrx_word' id='word_1_466' title='bbox 708 4559 830 4642; x_wconf 83' lang='lat' dir='ltr'>Quiesa</span> <span class='ocrx_word' id='word_1_467' title='bbox 843 4559 875 4647; x_wconf 76' lang='lat'>²),</span> <span class='ocrx_word' id='word_1_468' title='bbox 893 4563 1027 4642; x_wconf 90' lang='lat' dir='ltr'>eiusque</span> <span class='ocrx_word' id='word_1_469' title='bbox 1042 4561 1195 4626; x_wconf 84' lang='lat' dir='ltr'>fratribus</span> <span class='ocrx_word' id='word_1_470' title='bbox 1210 4570 1278 4625; x_wconf 90' lang='lat' dir='ltr'>tarn</span> <span class='ocrx_word' id='word_1_471' title='bbox 1295 4560 1512 4644; x_wconf 71' lang='lat' dir='ltr'>presentibus</span> <span class='ocrx_word' id='word_1_472' title='bbox 1534 4579 1634 4641; x_wconf 92' lang='lat' dir='ltr'>quam</span> <span class='ocrx_word' id='word_1_473' title='bbox 1650 4559 1763 4620; x_wconf 84' lang='lat' dir='ltr'>suturis</span> <span class='ocrx_word' id='word_1_474' title='bbox 1780 4560 1991 4620; x_wconf 87' lang='lat' dir='ltr'>monasticam</span> 
     </span>
     <span class='ocr_line' id='line_1_46' title="bbox 317 4646 1992 4735; baseline -0.006 -18"><span class='ocrx_word' id='word_1_475' title='bbox 317 4656 418 4717; x_wconf 87' lang='lat' dir='ltr'>vitam</span> <span class='ocrx_word' id='word_1_476' title='bbox 442 4650 606 4735; x_wconf 68' lang='lat' dir='ltr'>professis</span> <span class='ocrx_word' id='word_1_477' title='bbox 629 4664 668 4714; x_wconf 86' lang='grc' dir='ltr'>ΙΝ</span> <span class='ocrx_word' id='word_1_478' title='bbox 691 4664 767 4714; x_wconf 85' lang='grc' dir='ltr'>ΡΡΜ.</span> <span class='ocrx_word' id='word_1_479' title='bbox 790 4685 835 4698; x_wconf 92' lang='grc'>-</span> <span class='ocrx_word' id='word_1_480' title='bbox 855 4653 860 4730; x_wconf 91' lang='grc' dir='ltr'>Ι</span> <span class='ocrx_word' id='word_1_481' title='bbox 880 4650 1079 4734; x_wconf 90' lang='lat' dir='ltr'>Religiosam</span> <span class='ocrx_word' id='word_1_482' title='bbox 1104 4654 1204 4715; x_wconf 91' lang='lat' dir='ltr'>vitam</span> <span class='ocrx_word' id='word_1_483' title='bbox 1228 4650 1424 4734; x_wconf 83' lang='lat' dir='ltr'>eligentibus</span> <span class='ocrx_word' id='word_1_484' title='bbox 1447 4647 1667 4732; x_wconf 91' lang='lat' dir='ltr'>apostolicum</span> <span class='ocrx_word' id='word_1_485' title='bbox 1697 4648 1850 4709; x_wconf 88' lang='lat' dir='ltr'>convenit</span> <span class='ocrx_word' id='word_1_486' title='bbox 1882 4646 1992 4709; x_wconf 91' lang='lat' dir='ltr'>adesse</span> 
     </span>
     <span class='ocr_line' id='line_1_47' title="bbox 318 4736 1992 4825; baseline -0.004 -21"><span class='ocrx_word' id='word_1_487' title='bbox 318 4741 507 4825; x_wconf 91' lang='lat' dir='ltr'>presidium,</span> <span class='ocrx_word' id='word_1_488' title='bbox 530 4761 572 4804; x_wconf 92' lang='lat' dir='ltr'>ne</span> <span class='ocrx_word' id='word_1_489' title='bbox 595 4739 681 4803; x_wconf 83' lang='lat' dir='ltr'>forte</span> <span class='ocrx_word' id='word_1_490' title='bbox 705 4740 878 4803; x_wconf 91' lang='lat' dir='ltr'>cuiuslibet</span> <span class='ocrx_word' id='word_1_491' title='bbox 901 4742 1093 4803; x_wconf 88' lang='lat' dir='ltr'>temeritatis</span> <span class='ocrx_word' id='word_1_492' title='bbox 1117 4743 1262 4804; x_wconf 84' lang='lat' dir='ltr'>incursus</span> <span class='ocrx_word' id='word_1_493' title='bbox 1286 4749 1342 4803; x_wconf 90' lang='lat' dir='ltr'>aut</span> <span class='ocrx_word' id='word_1_494' title='bbox 1365 4759 1422 4801; x_wconf 90' lang='lat' dir='ltr'>eos</span> <span class='ocrx_word' id='word_1_495' title='bbox 1443 4737 1650 4822; x_wconf 89' lang='lat' dir='ltr'>aproposito</span> <span class='ocrx_word' id='word_1_496' title='bbox 1667 4743 1801 4799; x_wconf 90' lang='lat' dir='ltr'>revocet</span> <span class='ocrx_word' id='word_1_497' title='bbox 1816 4743 1874 4798; x_wconf 91' lang='lat' dir='ltr'>aut</span> <span class='ocrx_word' id='word_1_498' title='bbox 1891 4736 1992 4807; x_wconf 90' lang='lat' dir='ltr'>robur,</span> 
     </span>
     <span class='ocr_line' id='line_1_48' title="bbox 318 4825 1992 4915; baseline -0.005 -21"><span class='ocrx_word' id='word_1_499' title='bbox 318 4831 409 4911; x_wconf 92' lang='lat' dir='ltr'>quod</span> <span class='ocrx_word' id='word_1_500' title='bbox 433 4831 527 4906; x_wconf 89' lang='lat' dir='ltr'>absit,</span> <span class='ocrx_word' id='word_1_501' title='bbox 555 4849 648 4892; x_wconf 91' lang='lat' dir='ltr'>sacre</span> <span class='ocrx_word' id='word_1_502' title='bbox 680 4828 842 4910; x_wconf 90' lang='lat' dir='ltr'>religionis</span> <span class='ocrx_word' id='word_1_503' title='bbox 866 4829 1025 4912; x_wconf 81' lang='lat' dir='ltr'>infringat.</span> <span class='ocrx_word' id='word_1_504' title='bbox 1071 4831 1267 4913; x_wconf 90' lang='lat' dir='ltr'>Eapropter‚</span> <span class='ocrx_word' id='word_1_505' title='bbox 1288 4826 1293 4915; x_wconf 87' lang='grc' dir='ltr'>Ι</span> <span class='ocrx_word' id='word_1_506' title='bbox 1314 4825 1426 4892; x_wconf 90' lang='lat' dir='ltr'>dilecti</span> <span class='ocrx_word' id='word_1_507' title='bbox 1450 4829 1482 4890; x_wconf 92' lang='lat' dir='ltr'>in</span> <span class='ocrx_word' id='word_1_508' title='bbox 1505 4827 1642 4890; x_wconf 91' lang='lat' dir='ltr'>domino</span> <span class='ocrx_word' id='word_1_509' title='bbox 1672 4825 1738 4900; x_wconf 88' lang='lat' dir='ltr'>filii,</span> <span class='ocrx_word' id='word_1_510' title='bbox 1769 4827 1887 4888; x_wconf 90' lang='lat' dir='ltr'>vestris</span> <span class='ocrx_word' id='word_1_511' title='bbox 1910 4825 1992 4887; x_wconf 87' lang='lat' dir='ltr'>iustis</span> 
     </span>
     <span class='ocr_line' id='line_1_49' title="bbox 318 4913 1991 5004; baseline -0.005 -21"><span class='ocrx_word' id='word_1_512' title='bbox 318 4918 593 5004; x_wconf 91' lang='lat' dir='ltr'>postulationibus</span> <span class='ocrx_word' id='word_1_513' title='bbox 617 4919 796 4982; x_wconf 90' lang='lat' dir='ltr'>clementer</span> <span class='ocrx_word' id='word_1_514' title='bbox 819 4919 997 4996; x_wconf 72' lang='lat' dir='ltr'>annuimus</span> <span class='ocrx_word' id='word_1_515' title='bbox 1022 4927 1055 4984; x_wconf 91' lang='lat' dir='ltr'>et</span> <span class='ocrx_word' id='word_1_516' title='bbox 1078 4919 1242 5002; x_wconf 83' lang='lat' dir='ltr'>prelatum</span> <span class='ocrx_word' id='word_1_517' title='bbox 1266 4918 1508 4993; x_wconf 89' lang='lat' dir='ltr'>monasterium,</span> <span class='ocrx_word' id='word_1_518' title='bbox 1537 4917 1569 4979; x_wconf 93' lang='lat' dir='ltr'>in</span> <span class='ocrx_word' id='word_1_519' title='bbox 1592 4934 1659 4997; x_wconf 92' lang='lat' dir='ltr'>quo</span> <span class='ocrx_word' id='word_1_520' title='bbox 1683 4915 1796 4978; x_wconf 92' lang='lat' dir='ltr'>divino</span> <span class='ocrx_word' id='word_1_521' title='bbox 1821 4913 1991 4996; x_wconf 88' lang='lat' dir='ltr'>mancipati</span> 
     </span>
     <span class='ocr_line' id='line_1_50' title="bbox 320 5002 1991 5091; baseline -0.005 -19"><span class='ocrx_word' id='word_1_522' title='bbox 320 5011 397 5072; x_wconf 88' lang='lat' dir='ltr'>estis</span> <span class='ocrx_word' id='word_1_523' title='bbox 431 5009 606 5088; x_wconf 91' lang='lat' dir='ltr'>obsequio,</span> <span class='ocrx_word' id='word_1_524' title='bbox 637 5009 699 5072; x_wconf 92' lang='lat' dir='ltr'>sub</span> <span class='ocrx_word' id='word_1_525' title='bbox 731 5009 819 5072; x_wconf 90' lang='lat' dir='ltr'>beati</span> <span class='ocrx_word' id='word_1_526' title='bbox 845 5007 930 5071; x_wconf 89' lang='lat' dir='ltr'>Petri</span> <span class='ocrx_word' id='word_1_527' title='bbox 961 5016 995 5071; x_wconf 92' lang='lat' dir='ltr'>et</span> <span class='ocrx_word' id='word_1_528' title='bbox 1026 5021 1137 5073; x_wconf 90' lang='lat' dir='ltr'>nostra</span> <span class='ocrx_word' id='word_1_529' title='bbox 1169 5010 1373 5091; x_wconf 90' lang='lat' dir='ltr'>protectione</span> <span class='ocrx_word' id='word_1_530' title='bbox 1403 5007 1596 5090; x_wconf 92' lang='lat' dir='ltr'>suscipimus</span> <span class='ocrx_word' id='word_1_531' title='bbox 1627 5014 1661 5067; x_wconf 90' lang='lat' dir='ltr'>et</span> <span class='ocrx_word' id='word_1_532' title='bbox 1693 5006 1855 5088; x_wconf 90' lang='lat' dir='ltr'>presentis</span> <span class='ocrx_word' id='word_1_533' title='bbox 1885 5002 1991 5086; x_wconf 86' lang='lat' dir='ltr'>scripti</span> 
     </span>
     <span class='ocr_line' id='line_1_51' title="bbox 319 5093 1991 5183; baseline -0.004 -21"><span class='ocrx_word' id='word_1_534' title='bbox 319 5097 490 5183; x_wconf 88' lang='lat' dir='ltr'>privilegio</span> <span class='ocrx_word' id='word_1_535' title='bbox 513 5098 759 5162; x_wconf 88' lang='lat' dir='ltr'>communimus.</span> <span class='ocrx_word' id='word_1_536' title='bbox 806 5096 1003 5175; x_wconf 74' lang='lat' dir='ltr'>StatuenteS,</span> <span class='ocrx_word' id='word_1_537' title='bbox 1029 5107 1064 5162; x_wconf 91' lang='lat' dir='ltr'>ut</span> <span class='ocrx_word' id='word_1_538' title='bbox 1083 5117 1306 5181; x_wconf 87' lang='lat' dir='ltr'>quascumque</span> <span class='ocrx_word' id='word_1_539' title='bbox 1322 5099 1557 5179; x_wconf 90' lang='lat' dir='ltr'>possessiones,</span> <span class='ocrx_word' id='word_1_540' title='bbox 1582 5112 1789 5176; x_wconf 90' lang='lat' dir='ltr'>quecumque</span> <span class='ocrx_word' id='word_1_541' title='bbox 1804 5093 1895 5158; x_wconf 89' lang='lat' dir='ltr'>bona</span> <span class='ocrx_word' id='word_1_542' title='bbox 1911 5094 1991 5156; x_wconf 89' lang='lat' dir='ltr'>idem</span> 
     </span>
     <span class='ocr_line' id='line_1_52' title="bbox 319 5183 1991 5270; baseline -0.004 -19"><span class='ocrx_word' id='word_1_543' title='bbox 319 5189 552 5252; x_wconf 88' lang='lat' dir='ltr'>monasterium</span> <span class='ocrx_word' id='word_1_544' title='bbox 584 5187 616 5250; x_wconf 92' lang='lat' dir='ltr'>in</span> <span class='ocrx_word' id='word_1_545' title='bbox 647 5187 882 5270; x_wconf 90' lang='lat' dir='ltr'>presentiarum</span> <span class='ocrx_word' id='word_1_546' title='bbox 914 5189 998 5250; x_wconf 89' lang='lat' dir='ltr'>inste</span> <span class='ocrx_word' id='word_1_547' title='bbox 1030 5197 1063 5252; x_wconf 92' lang='lat' dir='ltr'>et</span> <span class='ocrx_word' id='word_1_548' title='bbox 1094 5189 1252 5251; x_wconf 91' lang='lat' dir='ltr'>canonice</span> <span class='ocrx_word' id='word_1_549' title='bbox 1283 5187 1432 5269; x_wconf 91' lang='lat' dir='ltr'>possidet</span> <span class='ocrx_word' id='word_1_550' title='bbox 1463 5194 1519 5249; x_wconf 91' lang='lat' dir='ltr'>aut</span> <span class='ocrx_word' id='word_1_551' title='bbox 1551 5185 1581 5247; x_wconf 92' lang='lat' dir='ltr'>in</span> <span class='ocrx_word' id='word_1_552' title='bbox 1610 5183 1751 5246; x_wconf 84' lang='lat' dir='ltr'>futurum</span> <span class='ocrx_word' id='word_1_553' title='bbox 1786 5185 1991 5246; x_wconf 84' lang='lat' dir='ltr'>concessione</span> 
     </span>
     <span class='ocr_line' id='line_1_53' title="bbox 319 5272 1991 5361; baseline -0.005 -20"><span class='ocrx_word' id='word_1_554' title='bbox 319 5277 521 5361; x_wconf 86' lang='lat' dir='ltr'>pontificum,</span> <span class='ocrx_word' id='word_1_555' title='bbox 553 5277 726 5358; x_wconf 90' lang='lat' dir='ltr'>largitione</span> <span class='ocrx_word' id='word_1_556' title='bbox 749 5297 863 5357; x_wconf 87' lang='lat' dir='ltr'>regum</span> <span class='ocrx_word' id='word_1_557' title='bbox 886 5276 938 5340; x_wconf 91' lang='lat' dir='ltr'>vel</span> <span class='ocrx_word' id='word_1_558' title='bbox 963 5278 1156 5360; x_wconf 91' lang='lat' dir='ltr'>principum,</span> <span class='ocrx_word' id='word_1_559' title='bbox 1189 5277 1355 5340; x_wconf 88' lang='lat' dir='ltr'>oblatione</span> <span class='ocrx_word' id='word_1_560' title='bbox 1386 5274 1533 5337; x_wconf 87' lang='lat' dir='ltr'>fidelium</span> <span class='ocrx_word' id='word_1_561' title='bbox 1564 5293 1622 5337; x_wconf 91' lang='lat' dir='ltr'>seu</span> <span class='ocrx_word' id='word_1_562' title='bbox 1654 5272 1725 5336; x_wconf 89' lang='lat' dir='ltr'>aliis</span> <span class='ocrx_word' id='word_1_563' title='bbox 1756 5275 1848 5335; x_wconf 91' lang='lat' dir='ltr'>iustis</span> <span class='ocrx_word' id='word_1_564' title='bbox 1885 5273 1991 5344; x_wconf 90' lang='lat' dir='ltr'>modis,</span> 
     </span>
     <span class='ocr_line' id='line_1_54' title="bbox 319 5361 1990 5451; baseline -0.005 -21"><span class='ocrx_word' id='word_1_565' title='bbox 319 5375 488 5451; x_wconf 90' lang='lat' dir='ltr'>prestante</span> <span class='ocrx_word' id='word_1_566' title='bbox 511 5367 656 5442; x_wconf 91' lang='lat' dir='ltr'>domino,</span> <span class='ocrx_word' id='word_1_567' title='bbox 688 5369 810 5449; x_wconf 90' lang='lat' dir='ltr'>poterit</span> <span class='ocrx_word' id='word_1_568' title='bbox 832 5366 977 5450; x_wconf 86' lang='lat' dir='ltr'>adipisci,</span> <span class='ocrx_word' id='word_1_569' title='bbox 1008 5366 1101 5430; x_wconf 86' lang='lat' dir='ltr'>firma</span> <span class='ocrx_word' id='word_1_570' title='bbox 1123 5366 1218 5429; x_wconf 89' lang='lat' dir='ltr'>vobis</span> <span class='ocrx_word' id='word_1_571' title='bbox 1239 5367 1423 5446; x_wconf 88' lang='lat' dir='ltr'>vestrisque</span> <span class='ocrx_word' id='word_1_572' title='bbox 1446 5364 1690 5428; x_wconf 91' lang='lat' dir='ltr'>successoribus</span> <span class='ocrx_word' id='word_1_573' title='bbox 1722 5370 1754 5424; x_wconf 90' lang='lat' dir='ltr'>et</span> <span class='ocrx_word' id='word_1_574' title='bbox 1778 5361 1906 5425; x_wconf 83' lang='lat' dir='ltr'>illibata</span> <span class='ocrx_word' id='word_1_575' title='bbox 1928 5380 1990 5443; x_wconf 88' lang='lat' dir='ltr'>per·</span> 
     </span>
    </p>
   </div>
   <div class='ocr_carea' id='block_1_8' title="bbox 320 5553 1991 5770">
    <p class='ocr_par' dir='ltr' id='par_1_20' title="bbox 320 5553 1991 5770">
     <span class='ocr_line' id='line_1_55' title="bbox 483 5553 1990 5627; baseline -0.004 -17"><span class='ocrx_word' id='word_1_576' title='bbox 483 5562 508 5627; x_wconf 92' lang='lat'>1)</span> <span class='ocrx_word' id='word_1_577' title='bbox 528 5561 563 5609; x_wconf 83' lang='lat' dir='ltr'>Ist</span> <span class='ocrx_word' id='word_1_578' title='bbox 579 5561 646 5611; x_wconf 77' lang='lat' dir='ltr'>nicht</span> <span class='ocrx_word' id='word_1_579' title='bbox 662 5561 777 5622; x_wconf 78' lang='lat' dir='ltr'>erhalten,</span> <span class='ocrx_word' id='word_1_580' title='bbox 796 5577 848 5611; x_wconf 62' lang='lat' dir='ltr'>amr</span> <span class='ocrx_word' id='word_1_581' title='bbox 863 5561 902 5610; x_wconf 82' lang='lat' dir='ltr'>ein</span> <span class='ocrx_word' id='word_1_582' title='bbox 922 5561 998 5611; x_wconf 81' lang='lat' dir='ltr'>Breve</span> <span class='ocrx_word' id='word_1_583' title='bbox 1015 5577 1049 5610; x_wconf 84' lang='lat' dir='ltr'>an</span> <span class='ocrx_word' id='word_1_584' title='bbox 1073 5562 1118 5611; x_wconf 84' lang='lat' dir='ltr'>das</span> <span class='ocrx_word' id='word_1_585' title='bbox 1135 5562 1232 5611; x_wconf 80' lang='lat' dir='ltr'>Klosler</span> <span class='ocrx_word' id='word_1_586' title='bbox 1250 5561 1371 5627; x_wconf 67' lang='lat' dir='ltr'>gerichtet,</span> <span class='ocrx_word' id='word_1_587' title='bbox 1396 5560 1497 5626; x_wconf 80' lang='lat' dir='ltr'>Anagni</span> <span class='ocrx_word' id='word_1_588' title='bbox 1513 5560 1562 5609; x_wconf 90' lang='lat' dir='ltr'>III</span> <span class='ocrx_word' id='word_1_589' title='bbox 1573 5559 1617 5607; x_wconf 87' lang='lat' dir='ltr'>Kl.</span> <span class='ocrx_word' id='word_1_590' title='bbox 1636 5558 1715 5622; x_wconf 83' lang='lat' dir='ltr'>April.</span> <span class='ocrx_word' id='word_1_591' title='bbox 1738 5557 1782 5606; x_wconf 88' lang='lat' dir='ltr'>Or.</span> <span class='ocrx_word' id='word_1_592' title='bbox 1856 5559 1885 5620; x_wconf 89' lang='lat'>2)</span> <span class='ocrx_word' id='word_1_593' title='bbox 1907 5553 1990 5616; x_wconf 72' lang='lat' dir='ltr'>Quina,</span> 
     </span>
     <span class='ocr_line' id='line_1_56' title="bbox 320 5627 1991 5699; baseline -0.007 -14"><span class='ocrx_word' id='word_1_594' title='bbox 320 5634 434 5685; x_wconf 72' lang='lat' dir='ltr'>Frarr&#39;m</span> <span class='ocrx_word' id='word_1_595' title='bbox 452 5634 494 5683; x_wconf 76' lang='lat' dir='ltr'>del</span> <span class='ocrx_word' id='word_1_596' title='bbox 507 5649 566 5682; x_wconf 79' lang='lat' dir='ltr'>corn.</span> <span class='ocrx_word' id='word_1_597' title='bbox 584 5632 611 5681; x_wconf 83' lang='lat' dir='ltr'>di</span> <span class='ocrx_word' id='word_1_598' title='bbox 632 5633 765 5699; x_wconf 74' lang='lat' dir='ltr'>Viareggr&#39;o,</span> <span class='ocrx_word' id='word_1_599' title='bbox 780 5639 851 5697; x_wconf 77' lang='lat' dir='ltr'>prov.</span> <span class='ocrx_word' id='word_1_600' title='bbox 870 5634 898 5682; x_wconf 84' lang='lat' dir='ltr'>di</span> <span class='ocrx_word' id='word_1_601' title='bbox 914 5635 1005 5681; x_wconf 76' lang='lat' dir='ltr'>Lucra.</span> <span class='ocrx_word' id='word_1_602' title='bbox 1040 5633 1079 5682; x_wconf 88' lang='lat' dir='ltr'>La</span> <span class='ocrx_word' id='word_1_603' title='bbox 1098 5641 1201 5683; x_wconf 81' lang='lat' dir='ltr'>contessa</span> <span class='ocrx_word' id='word_1_604' title='bbox 1225 5633 1299 5693; x_wconf 82' lang='lat' dir='ltr'>Villa,</span> <span class='ocrx_word' id='word_1_605' title='bbox 1320 5633 1393 5699; x_wconf 83' lang='lat' dir='ltr'>figlia</span> <span class='ocrx_word' id='word_1_606' title='bbox 1419 5633 1461 5681; x_wconf 83' lang='lat' dir='ltr'>del</span> <span class='ocrx_word' id='word_1_607' title='bbox 1476 5631 1596 5681; x_wconf 75' lang='lat' dir='ltr'>morchere</span> <span class='ocrx_word' id='word_1_608' title='bbox 1618 5630 1669 5695; x_wconf 81' lang='lat' dir='ltr'>Ugo</span> <span class='ocrx_word' id='word_1_609' title='bbox 1688 5629 1772 5678; x_wconf 76' lang='lat' dir='ltr'>Salvio</span> <span class='ocrx_word' id='word_1_610' title='bbox 1789 5643 1801 5677; x_wconf 82' lang='lat' dir='ltr'>e</span> <span class='ocrx_word' id='word_1_611' title='bbox 1820 5628 1907 5694; x_wconf 78' lang='lat' dir='ltr'>moglie</span> <span class='ocrx_word' id='word_1_612' title='bbox 1923 5627 1950 5676; x_wconf 82' lang='lat' dir='ltr'>di</span> <span class='ocrx_word' id='word_1_613' title='bbox 1964 5641 1991 5675; x_wconf 83' lang='lat' dir='ltr'>rm</span> 
     </span>
     <span class='ocr_line' id='line_1_57' title="bbox 321 5701 1685 5770; baseline -0.002 -16"><span class='ocrx_word' id='word_1_614' title='bbox 321 5715 386 5756; x_wconf 79' lang='lat' dir='ltr'>conte</span> <span class='ocrx_word' id='word_1_615' title='bbox 402 5706 521 5765; x_wconf 75' lang='lat' dir='ltr'>Arduino,</span> <span class='ocrx_word' id='word_1_616' title='bbox 540 5718 611 5754; x_wconf 80' lang='lat' dir='ltr'>cresse</span> <span class='ocrx_word' id='word_1_617' title='bbox 628 5705 697 5770; x_wconf 68' lang='lat' dir='ltr'>qrrrbi</span> <span class='ocrx_word' id='word_1_618' title='bbox 713 5721 749 5754; x_wconf 83' lang='lat' dir='ltr'>un</span> <span class='ocrx_word' id='word_1_619' title='bbox 767 5712 898 5754; x_wconf 67' lang='lat' dir='ltr'>monastero</span> <span class='ocrx_word' id='word_1_620' title='bbox 916 5705 944 5753; x_wconf 80' lang='lat' dir='ltr'>di</span> <span class='ocrx_word' id='word_1_621' title='bbox 961 5705 1109 5754; x_wconf 83' lang='lat' dir='ltr'>Benedettim&#39;</span> <span class='ocrx_word' id='word_1_622' title='bbox 1124 5711 1181 5754; x_wconf 79' lang='lat' dir='ltr'>sotto</span> <span class='ocrx_word' id='word_1_623' title='bbox 1200 5704 1299 5754; x_wconf 72' lang='lat' dir='ltr'>r&#39;lrr&#39;lolo</span> <span class='ocrx_word' id='word_1_624' title='bbox 1317 5705 1344 5753; x_wconf 88' lang='lat' dir='ltr'>di</span> <span class='ocrx_word' id='word_1_625' title='bbox 1361 5705 1412 5754; x_wconf 86' lang='lat' dir='ltr'>San</span> <span class='ocrx_word' id='word_1_626' title='bbox 1432 5703 1537 5754; x_wconf 74' lang='lat' dir='ltr'>Michele</span> <span class='ocrx_word' id='word_1_627' title='bbox 1554 5719 1570 5750; x_wconf 84' lang='lat' dir='ltr'>a</span> <span class='ocrx_word' id='word_1_628' title='bbox 1591 5701 1685 5761; x_wconf 79' lang='lat' dir='ltr'>Quieta.</span> 
     </span>
    </p>
   </div>
   <div class='ocr_carea' id='block_1_9' title="bbox 0 0 2078 6356">
    <p class='ocr_par' dir='ltr' id='par_1_21' title="bbox 0 0 2078 6356">
     <span class='ocr_line' id='line_1_58' title="bbox 0 0 2078 6356; baseline 0 0"><span class='ocrx_word' id='word_1_629' title='bbox 0 0 2078 6356; x_wconf 95' lang='lat' dir='ltr'> </span> 
     </span>
    </p>
   </div>
  </div>
 </body>
</html>
