4126 6356
1687 362 1744 412 111

232 535 310 598 Dat.
333 534 454 621 Signie‚
486 554 546 616 per
576 553 710 595 manum
733 531 883 609 Bosonis,
915 541 1027 619 sancte
1050 531 1200 620 Romane
1231 533 1367 620 ecclesie
1390 537 1566 619 scriptoris.
1612 536 1749 600 1111dus

71 622 231 686 Decemb.
276 624 461 687 indictione
482 637 540 686 xv.
586 623 822 687 incarnationis
846 622 1011 685 dominice
1035 642 1121 684 anno
1144 636 1240 686 MCLI.
1284 624 1498 689 Pontificatus
1527 646 1605 689 vero
1635 625 1748 689 domni

71 713 227 776 EUGENII
251 712 311 776 ΡΡ.
335 730 374 775 111
398 733 485 776 anno
510 725 568 776 vll.
1449 713 1451 721 ’

236 827 278 877 Or.
299 825 390 891 (Capit.
410 827 437 876 di
455 827 554 893 R'strrja,
575 830 641 878 1151
661 826 718 876 Dic.
740 829 790 892 11),
809 826 842 876 im
860 825 975 876 Arelivio
992 827 1019 875 di
1035 827 1102 876 State
1119 843 1149 875 eu
1167 825 1276 877 Flereeu.

235 899 306 965 Perg.
323 899 384 958 teat,
402 901 439 948 br.
457 901 545 960 0‚493,
573 901 633 965 lang
650 900 735 960 0,665,
754 905 828 948 anem
846 915 866 947 c.
886 901 965 959 0,035
983 899 1173 964 unigescllagm,
1197 898 1275 947 durch
1292 899 1351 948 antei
1365 899 1459 950 Licher
1472 900 1530 966 geht
1545 898 1596 948 eine
1612 902 1750 966 urspn'e‘ng-

70 971 115 1019 liet
140 987 198 1020 rosa
217 970 400 1030 Seideresclemr,
425 971 497 1020 deren
515 971 643 1038 Bleisr'egel
662 971 709 1020 lose
733 971 848 1020 erialten.
886 969 994 1036 Fallung
1016 972 1059 1020 der
1076 972 1172 1020 Bullen.
1209 970 1322 1019 Inr'tiale:
1335 971 1424 1038 flacit,
1449 973 1560 1022 venierit
1587 970 1749 1036 Uner'rzlsorm.

77 1043 154 1090 Wme
172 1044 218 1092 der
232 1050 308 1092 ersten
327 1042 389 1092 Zeile
402 1043 532 1108 gem'e‘gend
543 1051 661 1110 getrennt,
681 1042 817 1092 wrederltolt
833 1043 864 1091 ist
881 1043 920 1090 ein
938 1042 1075 1107 denserier
1091 1042 1319 1106 Doppelrlberpunkt
1335 1044 1361 1092 in
1380 1043 1574 1109 Sciulenstellung
1596 1043 1749 1108 angetocndt.

75 1115 234 1180 Vereroigreng
258 1114 340 1164 Nr.3
362 1115 488 1179 Jhpsxx,
513 1113 694 1179 starkstriclrg,
712 1115 780 1178 fie'llt
802 1117 872 1175 0,07.
909 1114 1040 1180 Konscript
1062 1115 1118 1164 sele
1140 1115 1225 1162 sauber
1251 1114 1415 1181 eingetragen,
1442 1116 1480 1180 ry't
1505 1122 1529 1164 ct
1555 1115 1611 1163 und
1627 1121 1648 1164 st
1672 1114 1749 1164 durch

69 1186 215 1250 miesnchen
233 1185 665 1250 Spitswickelsclne'r'rkelverbunden.
701 1186 814 1251 Happel-i
836 1187 881 1235 das
898 1187 976 1236 notite
990 1186 1147 1253 gesclwr'tmt.
1185 1183 1312 1250 Masieskel
1328 1187 1391 1236 nach
1415 1188 1518 1236 starkem
1539 1187 1636 1236 Punkte
1653 1187 1750 1235 izernor-

66 1256 173 1322 geiohen.
221 1257 366 1307 Zeilmereite
384 1260 472 1318 0,016.
507 1260 586 1308 Amen
604 1259 651 1308 Nr.
672 1255 739 1317 7x¹,
765 1258 877 1308 nrittleres
900 1259 977 1317 0,055
1002 1260 1069 1324 lang.
1107 1257 1165 1306 Fur
1189 1257 1226 1306 die
1253 1257 1329 1308 rechle
1351 1258 1484 1308 Seilenlinie
1504 1258 1591 1326 finden
1617 1257 1668 1307 sict
1694 1259 1751 1308 ewei

70 1329 226 1388 Stichreihen,
251 1330 288 1378 die
310 1331 354 1378 der
370 1329 452 1378 Kanle
476 1329 564 1380 nitere
585 1331 649 1380 lrilte
672 1329 722 1379 eine
744 1337 817 1378 etwas
839 1330 938 1396 schrdge
955 1329 1025 1380 Linie
1045 1329 1145 1396 gegeben
1167 1329 1224 1376 und
1238 1330 1323 1378 wurde
1343 1330 1439 1380 deslalb
1463 1331 1531 1380 nicht
1552 1331 1650 1378 benutct.
1687 1331 1750 1378 Rota

69 1400 115 1452 Nr.
134 1405 157 1462 1,
184 1401 364 1450 Durckmesser
381 1401 466 1461 0,θό8,
494 1417 544 1451 von
566 1403 610 1452 der
632 1405 713 1452 letzim
737 1401 800 1452 Zeile
818 1403 906 1466 quot,
931 1417 979 1451 ven
1002 1403 1045 1452 der
1069 1401 1150 1451 linken
1171 1401 1253 1450 Kante
1270 1403 1356 1463 0,097,
1383 1418 1437 1451 vom
1464 1401 1632 1467 Menogramm
1661 1403 1748 1462 0,168.

70 1471 242 1538 ciloncgrremm
261 1473 308 1522 Nr.
328 1477 366 1534 7⁵,
390 1473 449 1522 koch
474 1475 562 1534 0,057,
588 1475 647 1524 breit
664 1476 751 1533 0,034,
776 1490 823 1523 von
846 1473 889 1523 der
913 1473 1007 1522 rechten
1029 1473 1110 1522 Kante
1133 1474 1219 1531 OM.
1255 1474 1392 1538 Ringkreuc
1414 1474 1470 1522 und
1489 1473 1651 1538 Untersclmfl
1674 1473 1752 1522 sicher

70 1544 162 1594 disserte
180 1545 258 1594 Dinte
275 1546 331 1594 tend
346 1545 449 1600 schwere
467 1545 552 1595 Hand.
593 1545 730 1610 UmsclreJt
742 1545 857 1611 gelblielee
875 1546 962 1604 Dinle,
987 1545 1055 1594 wohl
1072 1560 1120 1593 ven
1146 1545 1189 1592 der
1207 1545 1314 1610 gleichen
1338 1545 1375 1594 die
1393 1545 1533 1610 Datimng,
1560 1544 1619 1593 doch
1643 1560 1690 1593 von
1708 1546 1752 1594 der

70 1615 148 1663 Hand
162 1617 207 1665 des
224 1617 537 1680 liauplk'o'rperschreibers,
562 1618 671 1668 Bosonis
696 1618 769 1667 dorin
785 1633 833 1667 oon
859 1617 989 1666 dunklerer
1005 1617 1080 1666 Dinle
1103 1616 1259 1682 eingetragen.
1296 1618 1345 1666 Die
1363 1616 1544 1683 Zeugmfirmen
1561 1615 1638 1682 angen
1651 1632 1750 1682 grossen

74 1687 151 1736 Tleeils
167 1695 243 1738 tenter
259 1689 309 1736 siclt
327 1688 364 1737 die
377 1689 468 1754 gleiche
485 1689 571 1750 Hand,
592 1690 669 1740 sicleer
686 1690 723 1738 die
746 1691 826 1739 letalen
852 1690 905 1739 drei
925 1689 1059 1739 Diakonm.
1096 1683 1202 1755 -l-Ego
1215 1687 1273 1738 GG.
1298 1689 1422 1754 presbiter
1447 1688 1581 1738 cardinalis
1604 1687 1665 1736 stete
1686 1688 1751 1737 links

69 1775 115 1878 lm
127 1760 187 1880 Siler
210 1761 293 1881 Zeten
321 1761 463 1821 Seitenlinie,
492 1761 551 1810 weil
575 1763 612 1812 die
638 1761 728 1810 Fima
753 1777 799 1810 vor
825 1762 869 1810 der
885 1763 948 1810 Rota
974 1761 1050 1810 enden
1072 1761 1145 1809 sollte.
1181 1760 1230 1808 Die
1254 1761 1352 1827 ithrgm
1377 1761 1399 1810 E
1425 1761 1470 1810 der
1493 1760 1598 1810 Priester
1620 1759 1696 1810 reehts
1716 1775 1750 1808 on

84 1845 111 1878 er
164 1831 209 1880 'lm
226 1833 230 1843 '
247 1833 274 1882 ie.

817 2143 885 2219 Nr.
916 2146 1001 2220 107.

71 2293 186 2376 Eugen
210 2293 276 2356 III
294 2291 412 2357 ne'mmt
431 2293 494 2356 das
519 2291 651 2357 Kloster
677 2292 845 2358 Casanova
868 2294 928 2374 (D.
960 2295 1092 2373 Terina)
1116 2294 1150 2357 in
1176 2293 1409 2377 apostolzseleen
1433 2293 1568 2371 Scleutz,
1601 2295 1752 2379 beste'ite'gt

541 2384 629 2447 scine
658 2381 874 2467 Ordensregel
892 2384 962 2448 und
982 2383 1220 2448 Besz'tztle'e'mer
1235 2387 1273 2472 ¹).

700 2519 787 2582 1152
810 2519 909 2583 Metrz
931 2521 960 2582 1.
1007 2517 1118 2601 Segni.

227 2651 396 2734 Eugenius
411 2652 596 2735 episcopus,
621 2674 731 2717 servus
747 2674 913 2718 servorum
931 2652 992 2728 dei,
1009 2653 1137 2717 dilectis
1152 2652 1225 2716 filiis
1240 2652 1407 2731 AlbericO,
1430 2654 1543 2718 abbati
1559 2655 1747 2718 monasterii

71 2741 109 2803 de
125 2740 211 2804 Casa
227 2762 323 2817 nova,
349 2742 482 2823 eiusque
506 2743 666 2820 fratribus,
690 2755 759 2807 tam
782 2743 989 2826 presentibus
1014 2763 1114 2824 quam
1130 2743 1252 2818 futuris,
1276 2744 1456 2826 regularem
1472 2745 1573 2807 vitam
1593 2744 1748 2827 professis

70 2842 105 2892 ΙΝ
124 2842 203 2891 ΡΡΜ.
228 2867 273 2876 -
293 2827 298 2916 Ι
319 2829 480 2911 Quotiens
505 2832 583 2895 iliud
607 2854 627 2894 a
650 2833 747 2896 nobis
770 2835 900 2915 petitur,
925 2833 1016 2914 quod
1039 2833 1187 2914 religioni
1211 2840 1244 2895 et
1267 2831 1431 2897 honestati
1448 2835 1622 2897 convenire
1639 2835 1748 2897 dinos-

71 2920 156 2996 citur,
189 2921 303 2983 animo
334 2941 394 2982 nos
426 2921 522 2984 decet
553 2921 666 2985 libenti
699 2923 880 2986 concedere
911 2933 943 2985 et
973 2923 1156 3004 petentium
1180 2921 1349 2986 desideriis
1372 2919 1566 3005 conlgruum
1589 2924 1747 3005 impertiri

71 3009 267 3091 suffragium.
312 3010 508 3092 Eapropter,
540 3011 651 3074 dilecti
681 3013 714 3074 in
747 3013 882 3074 domino
914 3010 979 3088 filii,
1007 3013 1127 3074 'vestris
1157 3011 1248 3074 iustis
1271 3012 1549 3094 postulationibus
1572 3012 1750 3076 clementer

71 3101 241 3162 annuimus
265 3108 298 3162 et
321 3099 482 3180 prefatam
504 3099 508 3184 Ι
529 3101 701 3164 ecclesiam
725 3102 766 3165 de
791 3100 970 3176 Casanova,
996 3101 1028 3163 in
1053 3121 1118 3182 qua
1142 3100 1252 3163 divino
1277 3103 1455 3183 mancipati
1476 3104 1552 3166 estis
1576 3101 1747 3184 obsequio,

71 3188 126 3250 sub
136 3188 228 3251 beati
241 3189 327 3252 Petri
344 3195 377 3251 et
388 3198 501 3252 nostra
515 3192 721 3271 protectione
737 3191 931 3272 suscipimus
947 3200 980 3253 et
995 3191 1156 3272 presentis
1171 3191 1283 3272 scripti
1299 3192 1483 3272 patrocinio
1499 3193 1748 3256 communimus.

71 3277 103 3339 ln
132 3279 250 3359 primis
281 3278 444 3360 siquidem
474 3288 669 3357 statuentes,
710 3289 746 3342 ut
777 3281 858 3343 ordo
890 3281 1105 3355 monasticus,
1147 3281 1202 3361 qui
1232 3281 1413 3343 secundum
1449 3282 1500 3344 dei
1532 3282 1684 3345 timorem
1715 3291 1750 3345 et

72 3365 329 3430 Cisteniensium
371 3367 503 3430 fratrum
543 3369 787 3432 observantiam
827 3370 860 3432 in
893 3369 1013 3432 eodem
1043 3369 1117 3431 loco
1149 3379 1282 3432 auctore
1314 3369 1451 3432 domino
1483 3371 1648 3434 institutus
1678 3391 1749 3434 esse

72 3457 257 3531 dinoscitur,
281 3458 449 3539 perpetuis
472 3459 597 3521 ibidem
619 3459 825 3541 temporibus
848 3457 1080 3522 inviolabiliter
1099 3458 1297 3521 observetur.
1343 3459 1502 3536 Preterea,
1527 3480 1749 3542 quascumque

71 3547 303 3626 possessiones,
329 3567 534 3633 quecumque
557 3548 646 3611 bona
669 3549 786 3611 eadem
803 3547 940 3611 ecclesia
956 3548 988 3610 in
1005 3549 1243 3629 presentiarum
1264 3548 1346 3611 iuste
1367 3559 1401 3611 et
1421 3549 1580 3612 canonice
1600 3550 1752 3632 possidet

72 3648 122 3698 aut
145 3637 178 3698 in
196 3636 343 3699 futurum
358 3637 571 3701 concessione
586 3638 788 3720 pontificum,
814 3637 987 3719 largitione
1002 3657 1117 3719 regum
1131 3637 1183 3700 vel
1199 3637 1394 3719 principum,
1418 3639 1589 3702 oblatione
1604 3639 1750 3703 fidelium

71 3745 123 3788 seu
154 3726 229 3788 aliis
261 3725 353 3788 iustis
383 3726 499 3802 modis,
530 3737 697 3809 prestante
728 3727 878 3802 domino,
911 3726 1034 3808 poterit
1056 3727 1203 3808 adipisci,
1235 3725 1329 3789 firma
1351 3728 1448 3791 vobis
1470 3729 1650 3810 vestrisque
1681 3750 1750 3792 suc-

72 3815 254 3878 cessoribus
277 3825 310 3877 et
333 3814 458 3878 illibata
481 3827 703 3897 permaneant.
749 3817 785 3879 ln
810 3816 928 3898 quibus
951 3816 1013 3878 hec
1029 3816 1170 3898 propriis
1187 3815 1339 3878 duximus
1354 3817 1523 3880 vocabulis
1548 3819 1748 3883 denotanda:

73 3903 185 3981 locum,
213 3905 247 3967 in
281 3924 347 3986 quo
372 3905 479 3986 ipsum
510 3906 744 3969 monasterium
767 3907 866 3968 situm
889 3914 947 3981 est,
970 3906 1100 3967 vineam
1133 3905 1175 3968 de
1197 3905 1358 3968 Tevoleto
1390 3914 1423 3968 et
1451 3927 1565 3970 nemus
1589 3908 1630 3970 de
1654 3906 1749 3970 Cara·

73 4013 197 4076 magna.
247 3992 334 4057 Sane
357 3992 507 4056 laborum
531 4005 722 4073 vestrorum,
748 4015 831 4077 quos
854 3995 996 4077 propriis
1019 3994 1171 4057 manibus
1194 4005 1249 4057 aut
1272 3995 1457 4077 sumptibus
1484 3996 1599 4072 colitis,
1624 3998 1692 4060 sive
1708 3997 1750 4060 de

74 4085 277 4146 nutrimentis
306 4093 490 4146 vestrorum
524 4085 712 4147 animalium
752 4084 857 4147 nullus
890 4085 1025 4146 omnino
1057 4104 1076 4145 a
1105 4084 1202 4146 vobis
1235 4084 1379 4147 decimas
1410 4096 1578 4167 presumat
1608 4087 1749 4168 exigere.

72 4169 285 4236 Decernimus
309 4193 397 4254 ergo,
422 4183 457 4235 ut
480 4173 557 4236 nulli
582 4176 717 4237 omnino
734 4174 905 4237 hominum
921 4173 1025 4250 liceat,
1049 4173 1212 4255 prefatam
1233 4173 1406 4237 ecclesiam
1421 4185 1544 4238 temere
1559 4175 1750 4257 perturbare

74 4271 123 4324 aut
154 4263 226 4326 eius
259 4262 486 4344 possessiones
519 4262 644 4327 auferre
666 4263 719 4326 vel
748 4263 875 4326 ablatas
905 4263 1051 4338 retinere,
1083 4263 1227 4325 minuere
1254 4284 1311 4326 seu
1335 4264 1497 4346 aliquibus
1519 4265 1751 4328 vexationibus

75 4349 215 4434 fatigare,
249 4351 307 4414 sed
338 4352 450 4414 omnia
483 4352 608 4416 illibata
640 4363 673 4416 et
704 4355 830 4435 integra
858 4361 1089 4415 conserventur
1112 4372 1235 4430 eorum,
1266 4372 1327 4435 pro
1352 4374 1488 4434 quorum
1512 4354 1751 4436 gubernatione

74 4460 108 4502 ac
136 4441 377 4505 sustentatione
408 4461 565 4505 concessa
594 4452 669 4506 sunt
699 4443 811 4506 usibus
834 4441 1034 4504 omnimodis
1057 4441 1236 4523 profutura.
1283 4442 1318 4506 Si
1344 4463 1409 4524 qua
1432 4445 1529 4526 igitur
1552 4445 1584 4506 in
1609 4444 1751 4508 futurum

74 4531 290 4594 ecclesiastica
312 4530 506 4593 secularisve
527 4552 670 4613 persona
691 4531 777 4595 hanc
800 4541 910 4595 nostre
934 4532 1176 4594 constitutionis
1200 4531 1356 4613 paginam
1384 4535 1499 4610 sciens,
1532 4543 1647 4597 contra
1676 4555 1750 4597 eam

75 4627 191 4684 temere
215 4621 328 4683 venire
350 4622 569 4702 temptaverit,
593 4621 739 4685 secundo
763 4622 902 4684 tertiove
926 4621 1137 4696 commonita,
1168 4621 1229 4683 nisi
1252 4623 1535 4705 presumptionem
1558 4643 1650 4686 suam
1674 4645 1750 4686 con·

75 4727 148 4789 grua
176 4709 404 4773 satisfactione
436 4712 628 4787 correxerit,
665 4710 839 4793 potestatis
871 4709 1072 4791 honorisque
1102 4710 1150 4772 sui
1192 4709 1351 4792 dignitate
1388 4722 1498 4776 careat
1530 4732 1685 4794 reamque
1715 4734 1750 4777 se

76 4798 180 4862 divino
205 4798 323 4862 iuditio
347 4799 487 4863 existere
510 4801 552 4862 de
576 4810 766 4883 perpetrata
789 4800 960 4881 iniquitate
985 4805 1164 4881 cognoscat
1188 4809 1221 4862 et
1243 4820 1263 4862 a
1290 4803 1509 4865 sacratissimo
1541 4821 1681 4884 corpore
1712 4823 1751 4866 ac

75 4890 227 4970 sanguine
244 4888 297 4951 dei
315 4897 347 4950 et
363 4888 497 4964 domini,
514 4891 732 4972 redemptoris
756 4891 857 4953 nostri
873 4888 944 4952 Iesu
961 4887 1088 4965 Christi,
1113 4888 1221 4951 aliena
1242 4888 1308 4952 fiat.
1347 4890 1480 4956 Cunctis
1499 4901 1618 4968 autem,
1643 4892 1750 4955 eidem

76 4975 144 5040 loco
167 4979 253 5041 iusta
274 4974 279 5062 l
299 4978 518 5054 servantibus,
549 4980 592 5042 sit
624 5000 692 5061 pax
722 4978 847 5042 domini
879 4978 980 5042 nostri
1004 4977 1075 5041 Iesu
1107 4977 1244 5054 Christi,
1278 4990 1439 5060 quatenus
1471 4993 1504 5045 et
1533 4980 1587 5044 hic
1611 4981 1751 5044 fructum

76 5069 196 5132 actonis
235 5067 324 5154 bone
353 5068 538 5149 percipiant
570 5078 603 5132 et
633 5067 723 5152 apud
750 5087 939 5151 supremum
971 5067 1114 5130 iudicem
1145 5069 1272 5150 premia
1306 5079 1417 5158 eterne
1446 5073 1538 5154 pacis
1568 5070 1749 5136 obtineant.

76 5153 188 5220 Amen.
212 5159 305 5222 A-m.
328 5154 447 5220 Amen.
840 5231 842 5234 ¹

285 5243 347 5328 (R)
369 5247 443 5329 Ego
466 5243 632 5329 Eugenius
656 5245 817 5336 catholice
840 5246 976 5334 ecclesie
1000 5247 1177 5330 episcopus
1200 5267 1241 5311 ss
1266 5245 1334 5332 (M)

285 5330 305 5416 †
328 5336 401 5418 Ego
424 5333 565 5400 Ymarus
587 5336 791 5401 Tusculanus
815 5339 990 5420 episcopus
1013 5357 1054 5399 ss.

284 5421 305 5507 †
327 5423 400 5508 Ego
424 5422 581 5490 Nicolaus
604 5422 804 5491 Albanensis
828 5427 1004 5510 episcopus
1027 5447 1067 5488 ss.

283 5513 304 5594 †
327 5515 400 5597 Ego
423 5516 524 5597 Hugo
548 5513 734 5580 Hostiensis
757 5517 933 5600 episcopus
956 5537 997 5579 ss.
1022 5514 1069 5596 (4)

17 5655 18 5676 ἶ
79 5667 170 5680 —-..—

234 5737 258 5802 t)
283 5736 360 5802 Vergl.
379 5737 416 5788 die
437 5737 498 5791 Ure.
515 5754 570 5788 vom
587 5739 623 5789 23
642 5738 718 5789 Miles
741 5740 813 5788 1189.
