4126 6356
326 291 386 356 188

322 480 552 563 indulgencias,
585 500 649 562 que
681 478 713 542 in
743 475 862 543 eodem
893 479 969 543 loco
997 480 1196 561 transposite
1226 490 1259 543 et
1288 480 1449 543 absconse
1478 487 1554 542 sunt
1576 479 1628 542 vel
1659 479 1814 544 translate
1847 478 1891 541 ab
1918 477 1991 540 aliis

321 570 465 634 ecclesiis
488 571 530 632 ad
554 570 737 652 cappellam
761 569 848 632 illam
872 568 1007 632 Andezz
1031 579 1064 630 et
1087 569 1242 650 precipue
1265 570 1450 652 preciosum
1474 569 1660 632 thesaurum
1683 578 1716 631 et
1747 576 1990 630 sacramentum

321 659 423 722 sancti
447 659 591 722 Grecorii
615 679 702 740 pape
726 668 758 721 et
781 658 1004 739 indulgencias
1027 676 1101 720 suas
1125 657 1167 720 ad
1189 657 1254 721 hoc
1287 659 1418 740 largitas
1449 667 1598 739 tempore
1628 668 1662 720 et
1692 657 1808 720 diebus
1839 657 1884 718 ab
1916 656 1991 737 ipso

321 759 436 812 sancto
467 748 628 823 institutis
659 757 695 811 ut
724 767 743 810 a
775 747 1015 810 successoribus
1044 765 1156 808 eorum
1179 761 1254 810 ΧΧΧ
1277 747 1487 829 pontificibus
1517 758 1676 828 perpetue
1704 747 1883 819 duraturas,
1917 765 1989 826 per·

321 857 487 900 mansuras
510 839 542 899 in
566 837 684 899 eodem
708 836 781 899 loco
805 845 838 899 et
860 836 1010 918 cappella
1032 836 1168 898 Andezz
1191 847 1225 899 et
1247 857 1267 899 a
1290 837 1385 900 nobis
1407 835 1569 899 humiliter
1591 836 1633 898 ad
1656 837 1856 917 peticionem
1877 834 1989 896 devoti

320 926 375 988 filii
399 927 499 989 nostri
517 926 658 1000 OttoniS,
683 926 812 988 comitis
836 925 877 988 de
894 923 1169 1000 Wolforthausen,
1193 933 1227 988 et
1246 927 1357 988 uxoris
1377 945 1454 989 suae
1475 925 1615 988 devotae
1630 925 1762 999 iustitie,
1786 923 1852 986 filie
1868 934 1990 998 nostre,

320 1015 472 1096 largimur
495 1025 527 1078 et
550 1015 772 1095 indulgencias
796 1014 911 1076 damus
927 1015 970 1077 ad
986 1013 1170 1095 cappellam
1186 1013 1321 1078 Andezz
1336 1025 1493 1097 perpetue
1509 1015 1678 1076 duraturas
1703 1014 1827 1076 ibidem
1850 1023 1992 1094 propter

320 1106 511 1167 memoriam
527 1105 728 1166 invencionis
743 1104 948 1184 reliquiarum
963 1100 994 1187 ¹),
1012 1122 1096 1184 quae
1112 1104 1263 1166 inventae
1279 1103 1407 1166 luerunt
1422 1103 1507 1166 circa
1522 1104 1645 1179 horam,
1669 1103 1801 1184 quando
1819 1102 1992 1183 pulsantur

319 1213 414 1270 none,
440 1194 472 1254 in
497 1193 549 1256 die
570 1192 771 1265 assensionis,
796 1192 837 1254 ab
861 1192 916 1254 illa
938 1192 1019 1254 hora
1043 1211 1129 1254 nona
1152 1213 1254 1273 usque
1270 1193 1312 1255 ad
1328 1193 1443 1256 horam
1466 1213 1587 1255 nonam
1613 1191 1690 1254 ferie
1706 1201 1799 1255 sexte
1822 1191 1992 1272 sequentis

318 1294 395 1364 post
419 1282 505 1344 diem
528 1282 723 1345 assensionis
747 1301 861 1344 omnes
885 1280 1110 1362 indulgenciae
1132 1283 1235 1344 sancti
1259 1281 1415 1358 Grecorii,
1437 1282 1597 1357 videlicet,
1626 1301 1689 1361 que
1712 1279 1807 1342 simul
1831 1291 1865 1342 et
1888 1279 1992 1342 semel

319 1391 378 1453 per
400 1381 506 1434 totum
529 1391 650 1433 annum
674 1371 835 1432 habentur
858 1371 889 1432 in
913 1369 1065 1451 cappella
1079 1371 1235 1450 predicta,
1260 1391 1280 1433 a
1302 1381 1507 1434 sacramento
1523 1371 1626 1433 sancti
1643 1369 1789 1434 Grecorii
1814 1387 1833 1430 a
1852 1369 1992 1431 meridie

319 1481 421 1541 usque
445 1461 486 1522 ad
510 1460 679 1522 meridiem
703 1460 804 1534 durat,
836 1469 868 1523 et
898 1459 1059 1522 invenitur
1081 1458 1123 1521 ab
1148 1459 1301 1522 omnibus
1325 1460 1535 1541 querentibus
1558 1459 1647 1522 illam
1670 1458 1828 1522 confessis
1854 1468 1890 1520 et
1913 1478 1991 1519 con·

319 1550 409 1612 tritis.
456 1549 490 1611 A
512 1549 608 1611 nobis
631 1548 816 1629 specialiter
839 1557 954 1628 quarta
977 1568 1052 1629 pars
1076 1569 1095 1610 a
1118 1569 1205 1630 pena
1227 1559 1261 1612 et
1284 1548 1381 1631 culpa
1403 1559 1479 1612 eta
1508 1549 1604 1612 nobis
1633 1548 1686 1610 illa
1717 1548 1826 1629 gracia
1856 1547 1994 1628 largitur

318 1638 471 1700 omnibus
494 1636 645 1700 fidelibus
669 1658 688 1698 a
711 1636 790 1698 feria
813 1647 907 1700 sexta
929 1646 1006 1717 post
1030 1637 1118 1700 diem
1141 1638 1336 1700 assensionis
1360 1637 1401 1700 ab
1425 1638 1481 1700 illo
1505 1637 1589 1700 sesto
1614 1657 1673 1718 per
1695 1649 1759 1699 tres
1787 1637 1993 1717 septimanas

319 1727 495 1802 duraturas,
519 1727 671 1788 omnibus
694 1726 904 1807 querentibus
927 1726 1024 1800 illam,
1050 1738 1190 1808 quatuor
1212 1734 1398 1808 temporum
1414 1737 1491 1808 post
1507 1727 1624 1790 festum
1648 1725 1861 1790 exaltacionis
1877 1734 1992 1788 sancte

319 1817 420 1878 crucis
444 1815 524 1878 seria
546 1825 640 1878 sexta
661 1816 805 1877 sedecim
821 1814 891 1876 dies
908 1823 985 1896 post
1006 1815 1101 1878 illam.
1140 1813 1183 1876 Et
1199 1818 1276 1897 quia
1298 1816 1448 1898 cappella
1469 1815 1624 1878 fabricata
1640 1823 1690 1877 est
1704 1817 1736 1877 in
1751 1813 1878 1876 honore
1893 1813 1993 1876 beate

318 1912 428 1967 nostre
452 1903 582 1966 domine
604 1904 858 1966 annunciationis
881 1905 950 1966 eius
974 1911 1006 1966 et
1028 1903 1058 1965 in
1083 1905 1135 1968 die
1160 1925 1249 1978 cene,
1273 1907 1304 1967 in
1328 1905 1381 1966 die
1397 1924 1577 1987 parasseve,
1602 1905 1633 1966 in
1656 1905 1710 1966 die
1732 1904 1993 1976 resurrectionis,

318 2001 535 2075 pentecostes,
559 1993 731 2054 nativitatis
748 1991 866 2056 Christi
882 2002 996 2072 quarta
1013 2012 1096 2074 pars,
1119 1993 1266 2057 remissio
1287 1996 1433 2056 omnium
1450 2002 1660 2076 peccatorum
1677 2014 1697 2056 a
1712 2012 1818 2074 paena
1835 2001 1869 2054 et
1885 1991 1992 2072 culpa,

318 2089 351 2145 et
374 2085 406 2146 in
430 2082 484 2144 die
508 2084 750 2144 resurrectionis
773 2089 850 2144 ante
872 2082 951 2144 solis
975 2090 1081 2145 ortum
1105 2081 1185 2146 hora
1209 2085 1450 2146 resurrectionis
1466 2081 1584 2144 Christi
1600 2082 1782 2145 celebratur
1805 2101 1869 2142 una
1893 2080 1993 2142 missa

318 2191 428 2234 coram
451 2179 665 2246 sacramento,
696 2173 779 2234 sicut
801 2180 931 2234 sanctus
956 2170 1130 2234 Grecorius
1152 2171 1238 2235 iecit.
1284 2171 1332 2235 Illi
1357 2192 1530 2254 nunquam,
1555 2173 1609 2254 qui
1633 2174 1797 2243 intersunt,
1821 2189 1991 2250 nunquam

317 2259 520 2324 descendunt
543 2261 584 2322 ad
609 2259 742 2339 aliquod
766 2262 999 2341 purgatorium,
1022 2262 1074 2323 vel
1097 2262 1285 2324 sacerdotes
1309 2261 1511 2324 celebrantes
1536 2281 1574 2324 ea
1589 2259 1670 2323 hora
1686 2261 1933 2322 resurrectionis
1950 2278 1993 2320 ex

317 2349 498 2412 devocione
521 2349 566 2411 illi
591 2368 706 2412 omnes
730 2347 908 2430 largiuntur
931 2369 950 2410 a
973 2359 1087 2412 sancto
1104 2349 1262 2414 Grecorio
1284 2371 1347 2413 una
1361 2353 1503 2431 septima
1519 2370 1594 2432 pars
1610 2357 1819 2432 peccatorum
1837 2369 1856 2410 a
1872 2348 1948 2410 sola
1966 2345 1994 2430 ⁸)

318 2438 372 2502 illa
396 2439 503 2512 missa,
526 2446 559 2500 et
581 2437 689 2500 adhuc
712 2447 849 2519 possunt
871 2458 912 2500 eo
936 2439 991 2500 die
1013 2441 1045 2501 in
1067 2440 1138 2502 aliis
1162 2438 1307 2502 ecclesiis
1330 2440 1395 2502 suis
1419 2438 1585 2502 celebrare
1608 2459 1667 2520 per
1689 2456 1884 2500 concessum
1900 2438 1992 2499 beati

317 2527 462 2592 Grecorii
478 2548 573 2609 pape,
595 2527 678 2589 sicut
697 2525 836 2589 habetur
851 2528 883 2590 in
899 2528 983 2591 libro
999 2528 1149 2591 racionali
1166 2548 1266 2610 super
1280 2528 1352 2592 hoc.
1399 2526 1472 2612 In(?)
1496 2528 1703 2610 indulgencia
1727 2527 1840 2589 addita
1858 2525 1888 2611 b)
1918 2545 1993 2607 pre·

318 2617 425 2692 missa,
448 2635 546 2695 quam
570 2615 673 2698 largiti
696 2636 808 2678 sumus
832 2618 863 2680 in
886 2616 989 2679 tribus
1005 2617 1095 2680 iestis
1111 2618 1267 2681 ecclesiae
1283 2625 1316 2680 et
1331 2620 1362 2680 in
1378 2621 1521 2699 septimo
1537 2619 1669 2690 domini,
1692 2615 1756 2679 hoc
1773 2625 1823 2679 est
1839 2615 1993 2677 omnibus

318 2704 397 2768 seria
420 2714 514 2768 sexta
538 2713 614 2787 post
637 2705 725 2767 diem
749 2725 847 2786 pasce
870 2707 1021 2768 omnibus
1044 2708 1270 2770 sacerdotibus
1294 2708 1511 2781 concedimus,
1535 2716 1687 2789 presente
1706 2712 1922 2778 sacramento,
1948 2704 1993 2766 ob

319 2797 510 2858 memoriam
535 2795 695 2875 passionis
720 2795 843 2857 domini
868 2803 900 2856 et
923 2798 1143 2876 apparicionis
1166 2799 1268 2859 sancti
1293 2794 1438 2859 Grecorii
1461 2816 1548 2878 pape
1573 2797 1693 2858 devote
1715 2793 1936 2857 recolentibus
1961 2801 1994 2855 et

317 2893 508 2952 venerantes
523 2882 588 2946 hoc
604 2891 842 2946 sacramentum
859 2885 931 2965 ipso
947 2885 1001 2947 die
1017 2886 1095 2948 feria
1109 2895 1211 2961 sexta,
1229 2887 1317 2966 quod
1334 2885 1413 2947 alius
1429 2886 1525 2949 alium
1542 2893 1653 2966 potest
1664 2884 1834 2947 absolvere
1846 2883 1890 2945 ab
1902 2882 1994 2944 omni

318 2974 562 3055 irregularitate.
609 2972 660 3047 Et,
685 2973 747 3051 qui,
772 2981 924 3054 presente
947 2982 1162 3050 sacramento,
1187 2976 1275 3038 omni
1298 2995 1382 3038 anno
1407 2973 1470 3037 hoc
1493 2974 1578 3049 iacit,
1601 2973 1653 3036 ille
1675 2974 1705 3036 in
1730 2973 1792 3035 fine
1807 2973 1896 3034 vitae
1911 2990 1994 3034 suae

318 3069 428 3142 potest
450 3062 510 3125 sibi
535 3061 656 3143 eligere
680 3060 912 3137 consessorem,
937 3065 991 3144 qui
1016 3063 1117 3126 habet
1140 3085 1213 3127 eum
1238 3064 1407 3127 absolvere
1430 3064 1472 3126 ab
1496 3064 1584 3126 omni
1605 3083 1689 3146 pena
1705 3071 1738 3124 et
1753 3061 1859 3142 culpa.
1906 3058 1992 3124 Con·

319 3152 465 3214 cedimus
498 3153 595 3214 etiam
630 3170 760 3214 omnem
786 3151 1027 3233 indulgenciam
1052 3160 1085 3216 et
1108 3156 1249 3235 graciam
1272 3156 1375 3216 sancti
1406 3152 1512 3216 fratris
1537 3151 1680 3216 Grecorii
1711 3171 1799 3234 pape
1830 3151 1926 3233 primi
1960 3159 1994 3212 et

319 3240 548 3303 confirmamus
573 3260 654 3314 eam,
685 3259 766 3320 quas
798 3242 869 3323 ipse
901 3241 1033 3323 largitus
1063 3252 1114 3305 est
1145 3243 1187 3306 ad
1211 3242 1275 3305 hoc
1297 3251 1552 3316 sacramentum,
1584 3251 1618 3305 et
1640 3241 1694 3304 illa
1718 3247 1937 3324 permaneant
1960 3247 1993 3301 et

318 3329 437 3392 durent
461 3332 545 3392 circa
568 3337 806 3392 sacramentum
831 3330 1015 3410 predictum
1045 3340 1078 3393 et
1110 3331 1293 3414 cappellam
1318 3331 1453 3394 Andezz
1481 3341 1514 3394 et
1542 3330 1725 3394 inhibemus
1756 3329 1919 3402 omnibus,
1951 3347 1993 3390 ne

318 3418 431 3498 aliquis
454 3427 691 3482 sacramentum
717 3419 900 3499 predictum
928 3429 961 3482 et
992 3421 1144 3502 reliquias
1175 3423 1329 3502 deportat
1359 3422 1401 3484 de
1432 3421 1506 3485 loco
1541 3429 1574 3484 et
1606 3418 1757 3503 cappella
1779 3417 1926 3492 Andezz,
1959 3425 1993 3480 et

318 3507 379 3584 ille,
403 3508 457 3587 qui
480 3509 681 3591 deportaret,
704 3508 745 3568 sit
769 3507 961 3571 maledictus
985 3517 1017 3572 et
1040 3513 1352 3584 excommunicatus,
1374 3530 1515 3593 persona
1538 3518 1571 3574 et
1594 3510 1695 3585 locus,
1718 3516 1805 3570 terra
1828 3515 1992 3580 contacta,

317 3596 373 3659 ubi
397 3617 521 3660 moram
543 3596 678 3660 traxerit
701 3616 774 3658 cum
792 3597 934 3676 reliquiis
958 3600 1121 3681 predictis.
1161 3598 1380 3664 Concedimus
1401 3600 1502 3662 eciam
1520 3600 1565 3663 ob
1581 3600 1773 3662 memoriam
1791 3598 1993 3660 invencionis

318 3685 523 3765 reliquiarum
546 3685 577 3748 in
601 3685 655 3748 die
679 3687 875 3748 assensionis
899 3689 984 3750 circa
1007 3687 1130 3765 horam,
1155 3691 1287 3771 quando
1305 3689 1473 3771 pulsantur
1487 3709 1582 3762 none,
1606 3689 1648 3752 ab
1664 3688 1719 3751 illa
1734 3686 1870 3750 meridie
1886 3705 1992 3765 usque

317 3774 359 3836 ad
385 3775 553 3838 meridiem
578 3773 659 3837 ferie
681 3783 774 3838 sexte
798 3782 875 3857 post
897 3777 982 3840 diem
1016 3781 1222 3854 assensionis,
1254 3787 1368 3861 quarta
1400 3797 1475 3859 pars
1499 3797 1518 3840 a
1541 3798 1627 3860 pena
1656 3786 1690 3840 et
1713 3776 1809 3858 culpa
1841 3795 1902 3857 per
1925 3784 1992 3838 tres

317 3865 530 3946 septimanas,
560 3871 734 3945 sequentes
768 3865 1015 3944 perduraduras‚
1049 3876 1082 3929 et
1111 3887 1130 3929 a
1159 3869 1292 3930 meridie
1322 3887 1425 3948 usque
1458 3867 1499 3929 ad
1533 3868 1719 3941 meridiem,
1749 3865 1832 3928 sicut
1862 3883 1991 3946 preme

319 3955 524 4027 moravimus,
547 3973 567 4014 a
590 3954 643 4015 die
665 3953 858 4015 assensionis
881 3955 977 4017 simul
998 3964 1031 4018 et
1046 3955 1148 4020 semel
1164 3977 1278 4020 omnes
1293 3956 1523 4038 indulgentias,
1547 3976 1629 4037 quas
1644 3956 1776 4037 largitus
1793 3962 1843 4016 est
1858 3961 1992 4016 sanctus

318 4039 490 4104 Grecorius
515 4049 548 4103 et
563 4062 622 4104 nos
638 4041 680 4103 ad
697 4050 934 4106 sacramentum
953 4046 1134 4126 predictum
1151 4054 1184 4108 et
1199 4047 1241 4109 ad
1258 4046 1411 4125 reliquias
1427 4047 1592 4126 predictas
1609 4045 1760 4109 omnibus
1777 4043 1992 4124 querentibus

318 4128 404 4193 illam
428 4139 462 4193 et
484 4131 605 4194 devote
627 4131 840 4213 suscipientes
872 4152 944 4194 eam
975 4134 1017 4196 ad
1049 4136 1246 4216 peticionem
1279 4136 1408 4198 comitis
1439 4135 1481 4198 de
1504 4133 1772 4197 Wolsorthausen
1803 4142 1836 4194 et
1859 4131 1992 4194 Iusticie

318 4220 490 4294 comitisse,
512 4219 632 4282 devote
655 4219 720 4282 lilie
744 4229 864 4296 nostre,
887 4229 921 4283 et
943 4222 984 4283 ad
1010 4226 1200 4286 memoriam
1225 4224 1421 4287 invencionis
1444 4223 1650 4304 reliquiarum
1673 4230 1874 4285 sanctorum.
1906 4220 1991 4284 Con·

319 4307 465 4371 cedimus
488 4309 639 4371 omnibus
663 4308 805 4371 ecclesiis
828 4317 862 4372 et
884 4310 959 4373 loco
983 4312 1090 4374 vicino
1121 4313 1267 4375 eiusdem
1299 4311 1458 4394 cappelle,
1489 4316 1544 4392 qui
1576 4309 1824 4396 indulgentiae)
1846 4312 1990 4382 veniunt,

319 4417 393 4460 cum
416 4397 544 4460 vexillis
567 4416 679 4460 eorum
704 4397 783 4460 feria
813 4407 906 4462 sexta
937 4409 1013 4480 post
1043 4401 1132 4464 diem
1163 4403 1378 4478 assensionis,
1411 4404 1463 4464 isti
1495 4421 1610 4465 omnes
1641 4403 1839 4484 participent
1870 4400 1913 4462 de
1945 4400 1990 4460 in·

320 4485 494 4568 dulgenciis
518 4489 682 4568 predictis,
706 4489 732 4548 si
757 4489 846 4549 omni
868 4508 954 4550 anno
976 4488 1042 4552 hoc
1072 4490 1200 4554 faciunt.
1245 4491 1444 4572 Precipimus
1475 4491 1625 4554 omnibus
1649 4491 1794 4554 ecclesiis
1824 4487 1990 4571 parochiis

319 4595 375 4637 seu
400 4575 542 4656 capellis,
567 4576 754 4657 presbiteris
778 4576 821 4638 ibi
844 4578 1070 4652 residentibus,
1093 4599 1157 4659 que
1181 4580 1337 4643 collatura
1361 4588 1411 4642 est
1433 4582 1465 4642 in
1490 4580 1637 4642 manibus
1653 4581 1782 4643 comitis
1800 4575 1988 4641 Perchtoldi

319 4664 362 4727 de
385 4665 542 4727 Anndezz
566 4664 616 4726 vel
639 4685 737 4747 super
760 4664 878 4744 quibus
901 4676 951 4729 est
973 4669 1151 4730 advocatus
1167 4667 1202 4754 ²),
1227 4676 1260 4732 et
1284 4669 1475 4732 mandamus
1505 4669 1566 4732 sub
1591 4689 1676 4751 pena
1699 4670 1830 4732 maioris
1855 4686 1989 4730 excom·

320 4756 547 4817 municationis
570 4763 603 4816 et
626 4754 777 4817 omnibus
800 4757 956 4836 personis,
981 4777 1065 4838 quae
1089 4765 1239 4840 spectant
1262 4759 1303 4820 ad
1328 4767 1468 4821 castrum
1493 4759 1676 4840 predictum
1701 4769 1735 4821 et
1763 4777 1837 4820 cum
1861 4755 1989 4818 vexillis

320 4850 353 4906 et
383 4842 527 4923 reliquiis
559 4852 745 4906 sanctorum
777 4852 810 4906 et
842 4865 914 4906 cum
946 4865 1043 4909 censu
1076 4866 1202 4921 eorum,
1235 4850 1318 4910 sicut
1349 4846 1563 4910 Perchtoldus
1596 4867 1717 4922 comes,
1749 4845 1834 4908 filius
1867 4854 1988 4919 noster,

320 4933 484 4995 ordinavit
512 4939 547 4994 et
576 4932 740 4995 constituit
769 4931 815 4996 ob
845 4937 1037 4997 memoriam
1060 4937 1109 4998 sui
1141 4937 1183 4998 ad
1215 4936 1376 5019 capellam
1407 4935 1551 5012 Andezz,
1580 4945 1614 5000 et
1646 4936 1689 5000 ibi
1720 4936 1858 4999 offerant
1892 4953 1989 5016 super

479 5178 504 5244 a)
522 5179 570 5226 Am
588 5177 681 5236 Raude,
699 5178 732 5228 im
755 5179 825 5230 Tarte
843 5182 898 5230 solo
970 5183 996 5248 b)
1015 5200 1056 5233 am
1076 5185 1169 5247 Raude,
1188 5183 1221 5232 im
1245 5183 1313 5233 Texte
1331 5183 1399 5233 adita
1469 5187 1493 5242 c)
1512 5199 1553 5232 am
1570 5185 1663 5243 Rande,
1681 5185 1714 5233 im
1730 5185 1800 5234 Texte
1819 5181 1987 5247 indulgencie.

320 5286 373 5297 -.,
393 5253 429 5316 ,1)
453 5251 532 5314 Vergl.
552 5249 614 5297 m
633 5247 689 5300 MS.
703 5257 731 5313 p.
745 5255 794 5302 43:
811 5251 925 5304 Scientes
949 5270 1037 5304 omnes
1062 5254 1154 5305 Christi
1172 5255 1268 5318 fideles,
1293 5256 1361 5320 quod
1379 5271 1465 5305 comes
1483 5254 1544 5305 Otto
1567 5257 1599 5304 de
1617 5256 1823 5306 Wolsorthnusen
1846 5253 1988 5319 impetrarit

320 5323 436 5372 adhunc
456 5322 541 5372 locum
560 5326 584 5369 et
606 5319 748 5385 kappellam
772 5324 888 5374 Anndess
914 5326 978 5376 hanc
1004 5327 1116 5391 graciam
1144 5333 1168 5377 et
1193 5327 1239 5375 has
1266 5327 1436 5392 indulgentias
1454 5343 1469 5376 a
1486 5327 1589 5377 domino
1613 5329 1766 5377 Innocencio
1791 5342 1860 5391 papa
1878 5325 1987 5375 secundo

319 5401 424 5459 propter
441 5393 557 5458 reliquias
575 5399 673 5442 sanctas
692 5399 716 5443 et
734 5411 846 5460 magnas,
865 5413 928 5462 quae
947 5399 972 5448 in
990 5398 1081 5448 eadem
1099 5398 1200 5463 lrapella
1219 5399 1376 5462 requiescunt
1395 5407 1419 5448 et
1437 5400 1577 5448 absconsae
1596 5406 1658 5458 sunt,
1687 5415 1747 5464 quas
1765 5399 1885 5463 reliquias
1904 5413 1988 5446 comes

320 5466 447 5531 predictus
464 5465 553 5515 dolose
573 5470 596 5513 et
615 5463 782 5516 fraudulenter
800 5469 833 5517 ad
851 5483 878 5518 se
897 5469 1042 5530 intromisit,
1070 5485 1121 5518 non
1146 5476 1249 5535 propter
1267 5471 1358 5519 malam
1377 5477 1402 5520 et
1419 5471 1528 5536 iniquam
1546 5472 1715 5521 intencionem
1741 5471 1782 5520 vel
1801 5468 1987 5534 deceptionem,

321 5537 366 5586 sed
383 5543 487 5602 propter
504 5537 571 5601 piam
590 5542 614 5585 et
632 5553 749 5602 magnam
771 5539 945 5590 devocionem.
976 5541 1066 5590 Vorlur
1080 5541 1151 5606 geht:
1169 5543 1210 5591 De
1230 5557 1303 5591 cruce
1321 5543 1456 5592 victoriosa
1474 5543 1603 5607 quomodo
1621 5543 1718 5607 perdita
1736 5549 1761 5591 et
1777 5557 1862 5591 rursus
1881 5541 1987 5590 inventu.

321 5611 349 5674 a)
369 5607 425 5659 MS.
444 5611 536 5658 Am:
561 5608 725 5659 Perchtoldus
751 5609 775 5658 in
804 5613 853 5661 suis
878 5613 985 5676 posteris
1003 5619 1028 5662 et
1045 5613 1179 5663 heredibus
1197 5619 1235 5663 est
1258 5613 1401 5673 advocatus,
1429 5629 1486 5664 nam
1511 5614 1565 5680 ipse
1584 5613 1750 5664 Perchtoldus
1774 5615 1825 5664 iam
1853 5614 1935 5666 sactus
1953 5619 1987 5662 est

321 5681 473 5734 nonachus:
492 5687 532 5734 aut
553 5680 594 5734 hic
612 5695 694 5732 sermo
713 5689 751 5734 est
769 5682 802 5734 de
820 5683 970 5734 Perchtoldo
989 5684 1093 5737 iuniore.
