<?xml version="1.0" encoding="UTF-8"?>
<!DOCTYPE html PUBLIC "-//W3C//DTD XHTML 1.0 Transitional//EN"
    "http://www.w3.org/TR/xhtml1/DTD/xhtml1-transitional.dtd">
<html xmlns="http://www.w3.org/1999/xhtml" xml:lang="en" lang="en">
 <head>
  <title>
</title>
<meta http-equiv="Content-Type" content="text/html;charset=utf-8" />
  <meta name='ocr-system' content='tesseract 3.04.00' />
  <meta name='ocr-capabilities' content='ocr_page ocr_carea ocr_par ocr_line ocrx_word'/>
</head>
<body>
  <div class='ocr_page' id='page_1' title='image "./actapontificumr00hargoog_0357.png"; bbox 0 0 4126 6366; ppageno 0'>
   <div class='ocr_carea' id='block_1_1' title="bbox 1686 347 1748 415">
    <p class='ocr_par' dir='ltr' id='par_1_1' title="bbox 1686 347 1748 415">
     <span class='ocr_line' id='line_1_1' title="bbox 1686 347 1748 415; baseline 0 0"><span class='ocrx_word' id='word_1_1' title='bbox 1686 347 1748 415; x_wconf 80' lang='lat'>345</span> 
     </span>
    </p>
   </div>
   <div class='ocr_carea' id='block_1_2' title="bbox 60 519 1751 2572">
    <p class='ocr_par' dir='ltr' id='par_1_2' title="bbox 62 519 1751 1482">
     <span class='ocr_line' id='line_1_2' title="bbox 65 519 1750 605; baseline 0.003 -23"><span class='ocrx_word' id='word_1_2' title='bbox 65 521 181 597; x_wconf 86' lang='lat' dir='ltr'>ianuis,</span> <span class='ocrx_word' id='word_1_3' title='bbox 215 519 355 584; x_wconf 85' lang='lat' dir='ltr'>exclusis</span> <span class='ocrx_word' id='word_1_4' title='bbox 393 521 685 584; x_wconf 86' lang='lat' dir='ltr'>excommunicatis</span> <span class='ocrx_word' id='word_1_5' title='bbox 715 530 749 584; x_wconf 92' lang='lat' dir='ltr'>et</span> <span class='ocrx_word' id='word_1_6' title='bbox 780 521 969 598; x_wconf 85' lang='lat' dir='ltr'>interdictis,</span> <span class='ocrx_word' id='word_1_7' title='bbox 1001 541 1067 584; x_wconf 92' lang='lat' dir='ltr'>non</span> <span class='ocrx_word' id='word_1_8' title='bbox 1091 521 1226 605; x_wconf 87' lang='lat' dir='ltr'>pulsatis</span> <span class='ocrx_word' id='word_1_9' title='bbox 1249 523 1435 604; x_wconf 90' lang='lat' dir='ltr'>campanis,</span> <span class='ocrx_word' id='word_1_10' title='bbox 1467 542 1644 604; x_wconf 90' lang='lat' dir='ltr'>suppressa</span> <span class='ocrx_word' id='word_1_11' title='bbox 1666 543 1750 587; x_wconf 91' lang='lat' dir='ltr'>voce</span> 
     </span>
     <span class='ocr_line' id='line_1_3' title="bbox 66 608 1751 694; baseline 0.002 -22"><span class='ocrx_word' id='word_1_12' title='bbox 66 610 178 673; x_wconf 89' lang='lat' dir='ltr'>divina</span> <span class='ocrx_word' id='word_1_13' title='bbox 202 609 313 672; x_wconf 85' lang='lat' dir='ltr'>officia</span> <span class='ocrx_word' id='word_1_14' title='bbox 342 608 516 673; x_wconf 90' lang='lat' dir='ltr'>celebrare.</span> <span class='ocrx_word' id='word_1_15' title='bbox 564 609 772 692; x_wconf 89' lang='lat' dir='ltr'>Sepulturam</span> <span class='ocrx_word' id='word_1_16' title='bbox 803 632 936 694; x_wconf 91' lang='lat' dir='ltr'>quoque</span> <span class='ocrx_word' id='word_1_17' title='bbox 968 612 1069 693; x_wconf 90' lang='lat' dir='ltr'>ipsius</span> <span class='ocrx_word' id='word_1_18' title='bbox 1100 613 1162 675; x_wconf 93' lang='lat' dir='ltr'>loci</span> <span class='ocrx_word' id='word_1_19' title='bbox 1195 612 1331 675; x_wconf 82' lang='lat' dir='ltr'>liberam</span> <span class='ocrx_word' id='word_1_20' title='bbox 1362 631 1434 676; x_wconf 89' lang='lat' dir='ltr'>esse</span> <span class='ocrx_word' id='word_1_21' title='bbox 1467 612 1681 688; x_wconf 90' lang='lat' dir='ltr'>decernimus,</span> <span class='ocrx_word' id='word_1_22' title='bbox 1714 619 1751 676; x_wconf 89' lang='lat' dir='ltr'>ut</span> 
     </span>
     <span class='ocr_line' id='line_1_4' title="bbox 65 699 1750 784; baseline 0.001 -22"><span class='ocrx_word' id='word_1_23' title='bbox 65 720 181 762; x_wconf 88' lang='lat' dir='ltr'>eorum</span> <span class='ocrx_word' id='word_1_24' title='bbox 214 699 383 763; x_wconf 92' lang='lat' dir='ltr'>devotioni</span> <span class='ocrx_word' id='word_1_25' title='bbox 416 709 449 763; x_wconf 93' lang='lat' dir='ltr'>et</span> <span class='ocrx_word' id='word_1_26' title='bbox 479 709 626 764; x_wconf 85' lang='lat' dir='ltr'>extreme</span> <span class='ocrx_word' id='word_1_27' title='bbox 657 700 833 776; x_wconf 85' lang='lat' dir='ltr'>voluntati,</span> <span class='ocrx_word' id='word_1_28' title='bbox 868 700 922 783; x_wconf 92' lang='lat' dir='ltr'>qui</span> <span class='ocrx_word' id='word_1_29' title='bbox 953 721 988 764; x_wconf 89' lang='lat' dir='ltr'>se</span> <span class='ocrx_word' id='word_1_30' title='bbox 1018 701 1084 764; x_wconf 89' lang='lat' dir='ltr'>illic</span> <span class='ocrx_word' id='word_1_31' title='bbox 1115 701 1244 784; x_wconf 91' lang='lat' dir='ltr'>sepeliri</span> <span class='ocrx_word' id='word_1_32' title='bbox 1276 701 1548 777; x_wconf 88' lang='lat' dir='ltr'>deliberaverint,</span> <span class='ocrx_word' id='word_1_33' title='bbox 1578 701 1639 764; x_wconf 90' lang='lat' dir='ltr'>nisi</span> <span class='ocrx_word' id='word_1_34' title='bbox 1663 700 1750 766; x_wconf 82' lang='lat' dir='ltr'>sorte</span> 
     </span>
     <span class='ocr_line' id='line_1_5' title="bbox 64 789 1749 867; baseline 0.001 -15"><span class='ocrx_word' id='word_1_35' title='bbox 64 789 347 866; x_wconf 86' lang='lat' dir='ltr'>excommunicati</span> <span class='ocrx_word' id='word_1_36' title='bbox 370 789 436 853; x_wconf 90' lang='lat' dir='ltr'>sint</span> <span class='ocrx_word' id='word_1_37' title='bbox 451 789 503 852; x_wconf 91' lang='lat' dir='ltr'>vel</span> <span class='ocrx_word' id='word_1_38' title='bbox 527 789 698 866; x_wconf 88' lang='lat' dir='ltr'>interdicti,</span> <span class='ocrx_word' id='word_1_39' title='bbox 723 790 829 853; x_wconf 90' lang='lat' dir='ltr'>nullus</span> <span class='ocrx_word' id='word_1_40' title='bbox 845 790 993 866; x_wconf 90' lang='lat' dir='ltr'>obsistat,</span> <span class='ocrx_word' id='word_1_41' title='bbox 1017 789 1234 855; x_wconf 87' lang='lat' dir='ltr'>salvatamen</span> <span class='ocrx_word' id='word_1_42' title='bbox 1249 789 1371 854; x_wconf 90' lang='lat' dir='ltr'>iustitia</span> <span class='ocrx_word' id='word_1_43' title='bbox 1387 790 1513 854; x_wconf 88' lang='lat' dir='ltr'>illarum</span> <span class='ocrx_word' id='word_1_44' title='bbox 1530 790 1749 867; x_wconf 90' lang='lat' dir='ltr'>ecclesiarum,</span> 
     </span>
     <span class='ocr_line' id='line_1_6' title="bbox 64 879 1749 962; baseline 0.002 -21"><span class='ocrx_word' id='word_1_45' title='bbox 64 899 87 941; x_wconf 90' lang='lat' dir='ltr'>a</span> <span class='ocrx_word' id='word_1_46' title='bbox 109 879 232 960; x_wconf 90' lang='lat' dir='ltr'>quibus</span> <span class='ocrx_word' id='word_1_47' title='bbox 255 887 459 942; x_wconf 90' lang='lat' dir='ltr'>mortuorum</span> <span class='ocrx_word' id='word_1_48' title='bbox 482 899 624 960; x_wconf 88' lang='lat' dir='ltr'>corpora</span> <span class='ocrx_word' id='word_1_49' title='bbox 646 889 860 942; x_wconf 86' lang='lat' dir='ltr'>assumentur.</span> <span class='ocrx_word' id='word_1_50' title='bbox 907 880 1063 943; x_wconf 91' lang='lat' dir='ltr'>Obeunte</span> <span class='ocrx_word' id='word_1_51' title='bbox 1085 901 1163 943; x_wconf 91' lang='lat' dir='ltr'>vero</span> <span class='ocrx_word' id='word_1_52' title='bbox 1186 890 1228 958; x_wconf 95' lang='lat' dir='ltr'>te,</span> <span class='ocrx_word' id='word_1_53' title='bbox 1259 901 1345 944; x_wconf 92' lang='lat' dir='ltr'>nunc</span> <span class='ocrx_word' id='word_1_54' title='bbox 1375 880 1521 943; x_wconf 90' lang='lat' dir='ltr'>eiusdem</span> <span class='ocrx_word' id='word_1_55' title='bbox 1553 879 1616 943; x_wconf 90' lang='lat' dir='ltr'>loci</span> <span class='ocrx_word' id='word_1_56' title='bbox 1640 881 1749 962; x_wconf 89' lang='lat' dir='ltr'>priore</span> 
     </span>
     <span class='ocr_line' id='line_1_7' title="bbox 62 967 1749 1052; baseline 0.002 -22"><span class='ocrx_word' id='word_1_57' title='bbox 62 969 117 1031; x_wconf 89' lang='lat' dir='ltr'>vel</span> <span class='ocrx_word' id='word_1_58' title='bbox 141 979 275 1031; x_wconf 92' lang='lat' dir='ltr'>tuorum</span> <span class='ocrx_word' id='word_1_59' title='bbox 298 967 448 1049; x_wconf 89' lang='lat' dir='ltr'>quolibet</span> <span class='ocrx_word' id='word_1_60' title='bbox 470 988 705 1044; x_wconf 87' lang='lat' dir='ltr'>successorum,</span> <span class='ocrx_word' id='word_1_61' title='bbox 730 967 836 1031; x_wconf 91' lang='lat' dir='ltr'>nullus</span> <span class='ocrx_word' id='word_1_62' title='bbox 859 968 904 1032; x_wconf 90' lang='lat' dir='ltr'>ibi</span> <span class='ocrx_word' id='word_1_63' title='bbox 929 969 1077 1050; x_wconf 80' lang='lat' dir='ltr'>qualibet</span> <span class='ocrx_word' id='word_1_64' title='bbox 1106 970 1328 1052; x_wconf 89' lang='lat' dir='ltr'>subreptionis</span> <span class='ocrx_word' id='word_1_65' title='bbox 1361 970 1481 1033; x_wconf 89' lang='lat' dir='ltr'>astutia</span> <span class='ocrx_word' id='word_1_66' title='bbox 1511 989 1567 1032; x_wconf 91' lang='lat' dir='ltr'>seu</span> <span class='ocrx_word' id='word_1_67' title='bbox 1591 971 1749 1034; x_wconf 89' lang='lat' dir='ltr'>violentia</span> 
     </span>
     <span class='ocr_line' id='line_1_8' title="bbox 63 1057 1748 1144; baseline 0 -22"><span class='ocrx_word' id='word_1_68' title='bbox 63 1067 280 1140; x_wconf 84' lang='lat' dir='ltr'>preponatur,</span> <span class='ocrx_word' id='word_1_69' title='bbox 293 1057 353 1120; x_wconf 91' lang='lat' dir='ltr'>nisi</span> <span class='ocrx_word' id='word_1_70' title='bbox 371 1076 470 1139; x_wconf 91' lang='lat' dir='ltr'>quem</span> <span class='ocrx_word' id='word_1_71' title='bbox 487 1057 602 1121; x_wconf 88' lang='lat' dir='ltr'>fratres</span> <span class='ocrx_word' id='word_1_72' title='bbox 618 1058 784 1122; x_wconf 90' lang='lat' dir='ltr'>communi</span> <span class='ocrx_word' id='word_1_73' title='bbox 802 1077 964 1121; x_wconf 90' lang='lat' dir='ltr'>consensu</span> <span class='ocrx_word' id='word_1_74' title='bbox 975 1059 1028 1122; x_wconf 93' lang='lat' dir='ltr'>vel</span> <span class='ocrx_word' id='word_1_75' title='bbox 1052 1058 1187 1122; x_wconf 84' lang='lat' dir='ltr'>fratrum</span> <span class='ocrx_word' id='word_1_76' title='bbox 1210 1060 1315 1122; x_wconf 88' lang='lat' dir='ltr'>maior</span> <span class='ocrx_word' id='word_1_77' title='bbox 1328 1079 1405 1141; x_wconf 87' lang='lat' dir='ltr'>pars</span> <span class='ocrx_word' id='word_1_78' title='bbox 1421 1059 1547 1122; x_wconf 91' lang='lat' dir='ltr'>consilii</span> <span class='ocrx_word' id='word_1_79' title='bbox 1564 1059 1701 1122; x_wconf 90' lang='lat' dir='ltr'>sanioris</span> <span class='ocrx_word' id='word_1_80' title='bbox 1720 1057 1748 1144; x_wconf 77' lang='lat'>²)</span> 
     </span>
     <span class='ocr_line' id='line_1_9' title="bbox 62 1146 1747 1230; baseline 0.001 -20"><span class='ocrx_word' id='word_1_81' title='bbox 62 1148 249 1210; x_wconf 83' lang='lat' dir='ltr'>secundum</span> <span class='ocrx_word' id='word_1_82' title='bbox 273 1146 371 1209; x_wconf 92' lang='lat' dir='ltr'>deum</span> <span class='ocrx_word' id='word_1_83' title='bbox 395 1156 429 1210; x_wconf 93' lang='lat' dir='ltr'>et</span> <span class='ocrx_word' id='word_1_84' title='bbox 450 1147 539 1210; x_wconf 89' lang='lat' dir='ltr'>beati</span> <span class='ocrx_word' id='word_1_85' title='bbox 562 1146 738 1229; x_wconf 86' lang='lat' dir='ltr'>Augustini</span> <span class='ocrx_word' id='word_1_86' title='bbox 763 1148 909 1229; x_wconf 88' lang='lat' dir='ltr'>regulam</span> <span class='ocrx_word' id='word_1_87' title='bbox 938 1148 1140 1229; x_wconf 84' lang='lat' dir='ltr'>providerint</span> <span class='ocrx_word' id='word_1_88' title='bbox 1170 1149 1366 1230; x_wconf 88' lang='lat' dir='ltr'>eligendum.</span> <span class='ocrx_word' id='word_1_89' title='bbox 1413 1148 1628 1211; x_wconf 89' lang='lat' dir='ltr'>Decernimus</span> <span class='ocrx_word' id='word_1_90' title='bbox 1658 1169 1747 1230; x_wconf 90' lang='lat' dir='ltr'>ergo,</span> 
     </span>
     <span class='ocr_line' id='line_1_10' title="bbox 62 1235 1747 1320; baseline 0.001 -22"><span class='ocrx_word' id='word_1_91' title='bbox 62 1246 101 1300; x_wconf 91' lang='lat' dir='ltr'>ut</span> <span class='ocrx_word' id='word_1_92' title='bbox 124 1237 205 1300; x_wconf 89' lang='lat' dir='ltr'>nulli</span> <span class='ocrx_word' id='word_1_93' title='bbox 229 1235 364 1299; x_wconf 91' lang='lat' dir='ltr'>omnino</span> <span class='ocrx_word' id='word_1_94' title='bbox 386 1235 559 1299; x_wconf 92' lang='lat' dir='ltr'>hominum</span> <span class='ocrx_word' id='word_1_95' title='bbox 588 1236 692 1313; x_wconf 88' lang='lat' dir='ltr'>liceat,</span> <span class='ocrx_word' id='word_1_96' title='bbox 722 1236 886 1320; x_wconf 83' lang='lat' dir='ltr'>prefatam</span> <span class='ocrx_word' id='word_1_97' title='bbox 909 1237 1081 1301; x_wconf 89' lang='lat' dir='ltr'>ecclesiam</span> <span class='ocrx_word' id='word_1_98' title='bbox 1105 1247 1228 1301; x_wconf 90' lang='lat' dir='ltr'>temere</span> <span class='ocrx_word' id='word_1_99' title='bbox 1257 1238 1448 1320; x_wconf 88' lang='lat' dir='ltr'>perturbare</span> <span class='ocrx_word' id='word_1_100' title='bbox 1473 1288 1480 1304; x_wconf 94' lang='lat'>.</span> <span class='ocrx_word' id='word_1_101' title='bbox 1504 1286 1512 1302; x_wconf 95' lang='lat'>.</span> <span class='ocrx_word' id='word_1_102' title='bbox 1536 1283 1543 1300; x_wconf 88' lang='lat'>.</span> <span class='ocrx_word' id='word_1_103' title='bbox 1567 1236 1747 1320; x_wconf 81' lang='lat' dir='ltr'>profutura,</span> 
     </span>
     <span class='ocr_line' id='line_1_11' title="bbox 62 1325 1749 1409; baseline 0.001 -21"><span class='ocrx_word' id='word_1_104' title='bbox 62 1326 157 1389; x_wconf 85' lang='lat' dir='ltr'>salva</span> <span class='ocrx_word' id='word_1_105' title='bbox 179 1326 268 1390; x_wconf 91' lang='lat' dir='ltr'>sedis</span> <span class='ocrx_word' id='word_1_106' title='bbox 291 1325 474 1407; x_wconf 91' lang='lat' dir='ltr'>apostolice</span> <span class='ocrx_word' id='word_1_107' title='bbox 496 1327 691 1390; x_wconf 87' lang='lat' dir='ltr'>auctoritate</span> <span class='ocrx_word' id='word_1_108' title='bbox 714 1335 747 1390; x_wconf 89' lang='lat' dir='ltr'>et</span> <span class='ocrx_word' id='word_1_109' title='bbox 771 1326 937 1389; x_wconf 89' lang='lat' dir='ltr'>diocesani</span> <span class='ocrx_word' id='word_1_110' title='bbox 960 1327 1109 1409; x_wconf 89' lang='lat' dir='ltr'>episcopi</span> <span class='ocrx_word' id='word_1_111' title='bbox 1141 1329 1301 1392; x_wconf 88' lang='lat' dir='ltr'>canonica</span> <span class='ocrx_word' id='word_1_112' title='bbox 1322 1327 1452 1391; x_wconf 88' lang='lat' dir='ltr'>iustitia.</span> <span class='ocrx_word' id='word_1_113' title='bbox 1498 1325 1533 1391; x_wconf 86' lang='lat' dir='ltr'>Si</span> <span class='ocrx_word' id='word_1_114' title='bbox 1556 1347 1622 1408; x_wconf 87' lang='lat' dir='ltr'>qua</span> <span class='ocrx_word' id='word_1_115' title='bbox 1651 1327 1749 1409; x_wconf 88' lang='lat' dir='ltr'>igitur</span> 
     </span>
     <span class='ocr_line' id='line_1_12' title="bbox 63 1414 1438 1482; baseline 0.002 -5"><span class='ocrx_word' id='word_1_116' title='bbox 63 1417 98 1478; x_wconf 91' lang='lat' dir='ltr'>in</span> <span class='ocrx_word' id='word_1_117' title='bbox 123 1415 331 1479; x_wconf 80' lang='lat' dir='ltr'>futurum..</span> <span class='ocrx_word' id='word_1_118' title='bbox 355 1464 362 1479; x_wconf 97' lang='lat'>.</span> <span class='ocrx_word' id='word_1_119' title='bbox 387 1414 520 1479; x_wconf 92' lang='lat' dir='ltr'>Cunctis</span> <span class='ocrx_word' id='word_1_120' title='bbox 544 1425 654 1479; x_wconf 90' lang='lat' dir='ltr'>autem</span> <span class='ocrx_word' id='word_1_121' title='bbox 678 1465 685 1482; x_wconf 95' lang='lat'>.</span> <span class='ocrx_word' id='word_1_122' title='bbox 710 1464 717 1479; x_wconf 97' lang='lat'>.</span> <span class='ocrx_word' id='word_1_123' title='bbox 742 1463 749 1478; x_wconf 93' lang='lat'>.</span> <span class='ocrx_word' id='word_1_124' title='bbox 774 1417 950 1479; x_wconf 88' lang='lat' dir='ltr'>inveniant.</span> <span class='ocrx_word' id='word_1_125' title='bbox 996 1414 1115 1479; x_wconf 89' lang='lat' dir='ltr'>Amen.</span> <span class='ocrx_word' id='word_1_126' title='bbox 1138 1415 1228 1480; x_wconf 80' lang='lat' dir='ltr'>Am.</span> <span class='ocrx_word' id='word_1_127' title='bbox 1252 1417 1371 1480; x_wconf 91' lang='lat' dir='ltr'>Amen.</span> <span class='ocrx_word' id='word_1_128' title='bbox 1394 1451 1438 1464; x_wconf 91' lang='grc'>-</span> 
     </span>
    </p>

    <p class='ocr_par' dir='ltr' id='par_1_3' title="bbox 281 1500 1328 1592">
     <span class='ocr_line' id='line_1_13' title="bbox 281 1500 1328 1592; baseline 0.002 -24"><span class='ocrx_word' id='word_1_129' title='bbox 281 1500 337 1589; x_wconf 91' lang='lat' dir='ltr'>(R)</span> <span class='ocrx_word' id='word_1_130' title='bbox 360 1503 434 1586; x_wconf 88' lang='lat' dir='ltr'>Ego</span> <span class='ocrx_word' id='word_1_131' title='bbox 457 1505 634 1587; x_wconf 86' lang='lat' dir='ltr'>Gregorius</span> <span class='ocrx_word' id='word_1_132' title='bbox 658 1505 820 1569; x_wconf 88' lang='lat' dir='ltr'>catholice</span> <span class='ocrx_word' id='word_1_133' title='bbox 842 1505 979 1569; x_wconf 87' lang='lat' dir='ltr'>ecclesie</span> <span class='ocrx_word' id='word_1_134' title='bbox 1003 1506 1179 1588; x_wconf 90' lang='lat' dir='ltr'>episcopus</span> <span class='ocrx_word' id='word_1_135' title='bbox 1201 1527 1242 1571; x_wconf 91' lang='lat' dir='ltr'>ss.</span> <span class='ocrx_word' id='word_1_136' title='bbox 1265 1503 1328 1592; x_wconf 88' lang='lat' dir='ltr'>(M)</span> 
     </span>
    </p>

    <p class='ocr_par' dir='ltr' id='par_1_4' title="bbox 281 1590 1142 1680">
     <span class='ocr_line' id='line_1_14' title="bbox 281 1590 1142 1680; baseline 0.002 -24"><span class='ocrx_word' id='word_1_137' title='bbox 281 1590 303 1676; x_wconf 87' lang='lat'><strong>†</strong></span> <span class='ocrx_word' id='word_1_138' title='bbox 325 1594 399 1676; x_wconf 88' lang='lat' dir='ltr'>Ego</span> <span class='ocrx_word' id='word_1_139' title='bbox 423 1594 584 1657; x_wconf 89' lang='lat' dir='ltr'>Henricus</span> <span class='ocrx_word' id='word_1_140' title='bbox 606 1593 808 1659; x_wconf 88' lang='lat' dir='ltr'>Albanensis</span> <span class='ocrx_word' id='word_1_141' title='bbox 831 1594 1008 1678; x_wconf 93' lang='lat' dir='ltr'>episcopus</span> <span class='ocrx_word' id='word_1_142' title='bbox 1030 1616 1071 1659; x_wconf 90' lang='lat' dir='ltr'>ss.</span> <span class='ocrx_word' id='word_1_143' title='bbox 1095 1590 1142 1680; x_wconf 88' lang='lat'>(1)</span> 
     </span>
    </p>

    <p class='ocr_par' dir='ltr' id='par_1_5' title="bbox 281 1679 1475 1770">
     <span class='ocr_line' id='line_1_15' title="bbox 281 1679 1475 1770; baseline 0.003 -24"><span class='ocrx_word' id='word_1_144' title='bbox 281 1679 302 1765; x_wconf 87' lang='lat'><em>†</em></span> <span class='ocrx_word' id='word_1_145' title='bbox 325 1683 400 1765; x_wconf 91' lang='lat' dir='ltr'>Ego</span> <span class='ocrx_word' id='word_1_146' title='bbox 423 1682 638 1747; x_wconf 88' lang='lat' dir='ltr'>Theobaldus</span> <span class='ocrx_word' id='word_1_147' title='bbox 661 1685 848 1748; x_wconf 90' lang='lat' dir='ltr'>Hostiensis</span> <span class='ocrx_word' id='word_1_148' title='bbox 871 1695 906 1748; x_wconf 95' lang='lat' dir='ltr'>et</span> <span class='ocrx_word' id='word_1_149' title='bbox 927 1684 1141 1748; x_wconf 89' lang='lat' dir='ltr'>Velletrensis</span> <span class='ocrx_word' id='word_1_150' title='bbox 1165 1685 1340 1767; x_wconf 90' lang='lat' dir='ltr'>episcopus</span> <span class='ocrx_word' id='word_1_151' title='bbox 1363 1706 1405 1749; x_wconf 89' lang='lat' dir='ltr'>ss.</span> <span class='ocrx_word' id='word_1_152' title='bbox 1428 1679 1475 1770; x_wconf 90' lang='lat' dir='ltr'>(r)</span> 
     </span>
    </p>

    <p class='ocr_par' dir='ltr' id='par_1_6' title="bbox 281 1770 1613 1856">
     <span class='ocr_line' id='line_1_16' title="bbox 281 1770 1613 1856; baseline 0.001 -21"><span class='ocrx_word' id='word_1_153' title='bbox 281 1807 324 1816; x_wconf 96' lang='lat'><em>-</em></span> <span class='ocrx_word' id='word_1_154' title='bbox 348 1770 368 1855; x_wconf 85' lang='lat'><strong>†</strong></span> <span class='ocrx_word' id='word_1_155' title='bbox 392 1774 465 1855; x_wconf 87' lang='lat' dir='ltr'>Ego</span> <span class='ocrx_word' id='word_1_156' title='bbox 489 1773 603 1836; x_wconf 89' lang='lat' dir='ltr'>Petrus</span> <span class='ocrx_word' id='word_1_157' title='bbox 626 1772 668 1836; x_wconf 88' lang='lat' dir='ltr'>de</span> <span class='ocrx_word' id='word_1_158' title='bbox 691 1774 787 1838; x_wconf 92' lang='lat' dir='ltr'>Bono</span> <span class='ocrx_word' id='word_1_159' title='bbox 812 1775 974 1856; x_wconf 88' lang='lat' dir='ltr'>presbiter</span> <span class='ocrx_word' id='word_1_160' title='bbox 996 1773 1168 1838; x_wconf 89' lang='lat' dir='ltr'>cardinalis</span> <span class='ocrx_word' id='word_1_161' title='bbox 1191 1775 1240 1838; x_wconf 93' lang='lat' dir='ltr'>tit.</span> <span class='ocrx_word' id='word_1_162' title='bbox 1264 1781 1377 1838; x_wconf 89' lang='lat' dir='ltr'>sancte</span> <span class='ocrx_word' id='word_1_163' title='bbox 1400 1771 1550 1838; x_wconf 89' lang='lat' dir='ltr'>Susanne</span> <span class='ocrx_word' id='word_1_164' title='bbox 1572 1795 1613 1837; x_wconf 94' lang='lat' dir='ltr'>ss.</span> 
     </span>
    </p>

    <p class='ocr_par' dir='ltr' id='par_1_7' title="bbox 281 1857 1745 1944">
     <span class='ocr_line' id='line_1_17' title="bbox 281 1857 1745 1944; baseline 0 -20"><span class='ocrx_word' id='word_1_165' title='bbox 281 1857 301 1942; x_wconf 92' lang='lat'><strong>†</strong></span> <span class='ocrx_word' id='word_1_166' title='bbox 324 1862 398 1944; x_wconf 87' lang='lat' dir='ltr'>Ego</span> <span class='ocrx_word' id='word_1_167' title='bbox 421 1861 593 1926; x_wconf 88' lang='lat' dir='ltr'>Laborans</span> <span class='ocrx_word' id='word_1_168' title='bbox 616 1863 777 1943; x_wconf 90' lang='lat' dir='ltr'>presbiter</span> <span class='ocrx_word' id='word_1_169' title='bbox 800 1863 972 1927; x_wconf 89' lang='lat' dir='ltr'>cardinalis</span> <span class='ocrx_word' id='word_1_170' title='bbox 995 1875 1107 1926; x_wconf 91' lang='lat' dir='ltr'>sancte</span> <span class='ocrx_word' id='word_1_171' title='bbox 1130 1863 1233 1926; x_wconf 89' lang='lat' dir='ltr'>Marie</span> <span class='ocrx_word' id='word_1_172' title='bbox 1256 1864 1476 1928; x_wconf 84' lang='lat' dir='ltr'>transtiberim</span> <span class='ocrx_word' id='word_1_173' title='bbox 1501 1865 1548 1927; x_wconf 84' lang='lat' dir='ltr'>tit</span> <span class='ocrx_word' id='word_1_174' title='bbox 1565 1862 1685 1928; x_wconf 90' lang='lat' dir='ltr'>Calixti</span> <span class='ocrx_word' id='word_1_175' title='bbox 1704 1881 1745 1924; x_wconf 90' lang='lat' dir='ltr'>ss.</span> 
     </span>
    </p>

    <p class='ocr_par' dir='ltr' id='par_1_8' title="bbox 281 1946 1746 2039">
     <span class='ocr_line' id='line_1_18' title="bbox 281 1946 1746 2039; baseline -0.001 -25"><span class='ocrx_word' id='word_1_176' title='bbox 281 1946 301 2034; x_wconf 89' lang='lat'>†</span> <span class='ocrx_word' id='word_1_177' title='bbox 324 1951 398 2032; x_wconf 86' lang='lat' dir='ltr'>Ego</span> <span class='ocrx_word' id='word_1_178' title='bbox 409 1949 1101 2037; x_wconf 84' lang='lat' dir='ltr'>Meliorpresbitercardinalissanetorumb)</span> <span class='ocrx_word' id='word_1_179' title='bbox 1111 1952 1265 2016; x_wconf 88' lang='lat' dir='ltr'>Iohannis</span> <span class='ocrx_word' id='word_1_180' title='bbox 1274 1953 1457 2016; x_wconf 89' lang='lat' dir='ltr'>etPaulitit.</span> <span class='ocrx_word' id='word_1_181' title='bbox 1466 1949 1746 2039; x_wconf 80' lang='lat' dir='ltr'>Pamachiib)ss.b)</span> 
     </span>
    </p>

    <p class='ocr_par' dir='ltr' id='par_1_9' title="bbox 281 2037 1425 2124">
     <span class='ocr_line' id='line_1_19' title="bbox 281 2037 1425 2124; baseline 0.003 -22"><span class='ocrx_word' id='word_1_182' title='bbox 281 2037 301 2122; x_wconf 86' lang='lat'>†</span> <span class='ocrx_word' id='word_1_183' title='bbox 324 2041 398 2122; x_wconf 87' lang='lat' dir='ltr'>Ego</span> <span class='ocrx_word' id='word_1_184' title='bbox 422 2038 609 2104; x_wconf 89' lang='lat' dir='ltr'>Adelardus</span> <span class='ocrx_word' id='word_1_185' title='bbox 633 2041 681 2106; x_wconf 91' lang='lat' dir='ltr'>tit.</span> <span class='ocrx_word' id='word_1_186' title='bbox 705 2042 808 2106; x_wconf 89' lang='lat' dir='ltr'>sancti</span> <span class='ocrx_word' id='word_1_187' title='bbox 833 2041 978 2106; x_wconf 88' lang='lat' dir='ltr'>Marcelli</span> <span class='ocrx_word' id='word_1_188' title='bbox 1003 2043 1166 2124; x_wconf 87' lang='lat' dir='ltr'>presbiter</span> <span class='ocrx_word' id='word_1_189' title='bbox 1188 2043 1361 2106; x_wconf 90' lang='lat' dir='ltr'>cardinalis</span> <span class='ocrx_word' id='word_1_190' title='bbox 1384 2063 1425 2106; x_wconf 91' lang='lat' dir='ltr'>ss.</span> 
     </span>
    </p>

    <p class='ocr_par' dir='ltr' id='par_1_10' title="bbox 280 2123 1689 2215">
     <span class='ocr_line' id='line_1_20' title="bbox 280 2123 1689 2215; baseline 0 -23"><span class='ocrx_word' id='word_1_191' title='bbox 280 2164 324 2175; x_wconf 97' lang='lat'>—</span> <span class='ocrx_word' id='word_1_192' title='bbox 348 2128 368 2213; x_wconf 86' lang='lat'>†</span> <span class='ocrx_word' id='word_1_193' title='bbox 391 2128 464 2211; x_wconf 89' lang='lat' dir='ltr'>Ego</span> <span class='ocrx_word' id='word_1_194' title='bbox 488 2125 656 2215; x_wconf 87' lang='lat' dir='ltr'>Iac(intus)</span> <span class='ocrx_word' id='word_1_195' title='bbox 678 2139 790 2194; x_wconf 90' lang='lat' dir='ltr'>sancte</span> <span class='ocrx_word' id='word_1_196' title='bbox 814 2129 917 2194; x_wconf 73' lang='lat' dir='ltr'>Mar-ie</span> <span class='ocrx_word' id='word_1_197' title='bbox 941 2133 973 2194; x_wconf 92' lang='lat' dir='ltr'>in</span> <span class='ocrx_word' id='word_1_198' title='bbox 997 2130 1179 2213; x_wconf 90' lang='lat' dir='ltr'>Cosmidyn</span> <span class='ocrx_word' id='word_1_199' title='bbox 1204 2131 1362 2196; x_wconf 89' lang='lat' dir='ltr'>diaconus</span> <span class='ocrx_word' id='word_1_200' title='bbox 1385 2131 1557 2196; x_wconf 89' lang='lat' dir='ltr'>cardinalis</span> <span class='ocrx_word' id='word_1_201' title='bbox 1580 2150 1620 2193; x_wconf 92' lang='lat' dir='ltr'>ss.</span> <span class='ocrx_word' id='word_1_202' title='bbox 1643 2123 1689 2212; x_wconf 87' lang='lat'>(2)</span> 
     </span>
    </p>

    <p class='ocr_par' dir='ltr' id='par_1_11' title="bbox 281 2215 1677 2302">
     <span class='ocr_line' id='line_1_21' title="bbox 281 2215 1677 2302; baseline 0 -21"><span class='ocrx_word' id='word_1_203' title='bbox 281 2215 301 2300; x_wconf 89' lang='lat'>†</span> <span class='ocrx_word' id='word_1_204' title='bbox 323 2219 398 2301; x_wconf 88' lang='lat' dir='ltr'>Ego</span> <span class='ocrx_word' id='word_1_205' title='bbox 422 2218 582 2283; x_wconf 85' lang='lat' dir='ltr'>Radulsus</span> <span class='ocrx_word' id='word_1_206' title='bbox 605 2221 709 2284; x_wconf 89' lang='lat' dir='ltr'>sancti</span> <span class='ocrx_word' id='word_1_207' title='bbox 733 2220 867 2302; x_wconf 84' lang='lat' dir='ltr'>Georgii</span> <span class='ocrx_word' id='word_1_208' title='bbox 891 2222 934 2283; x_wconf 88' lang='lat' dir='ltr'>ad</span> <span class='ocrx_word' id='word_1_209' title='bbox 957 2218 1078 2284; x_wconf 92' lang='lat' dir='ltr'>Velum</span> <span class='ocrx_word' id='word_1_210' title='bbox 1101 2241 1234 2284; x_wconf 90' lang='lat' dir='ltr'>aureum</span> <span class='ocrx_word' id='word_1_211' title='bbox 1259 2221 1416 2285; x_wconf 89' lang='lat' dir='ltr'>diaconus</span> <span class='ocrx_word' id='word_1_212' title='bbox 1440 2220 1613 2284; x_wconf 89' lang='lat' dir='ltr'>cardinalis</span> <span class='ocrx_word' id='word_1_213' title='bbox 1636 2239 1677 2282; x_wconf 83' lang='lat' dir='ltr'>ss</span> 
     </span>
    </p>

    <p class='ocr_par' dir='ltr' id='par_1_12' title="bbox 226 2308 1744 2392">
     <span class='ocr_line' id='line_1_22' title="bbox 226 2308 1744 2392; baseline 0 -22"><span class='ocrx_word' id='word_1_214' title='bbox 226 2308 303 2370; x_wconf 85' lang='lat' dir='ltr'>Dat</span> <span class='ocrx_word' id='word_1_215' title='bbox 319 2309 473 2382; x_wconf 88' lang='lat' dir='ltr'>Ferrarie,</span> <span class='ocrx_word' id='word_1_216' title='bbox 490 2327 551 2390; x_wconf 88' lang='lat' dir='ltr'>per</span> <span class='ocrx_word' id='word_1_217' title='bbox 565 2329 699 2372; x_wconf 89' lang='lat' dir='ltr'>manum</span> <span class='ocrx_word' id='word_1_218' title='bbox 715 2310 833 2392; x_wconf 90' lang='lat' dir='ltr'>Moysi,</span> <span class='ocrx_word' id='word_1_219' title='bbox 849 2310 1078 2374; x_wconf 87' lang='lat' dir='ltr'>Lateranensis</span> <span class='ocrx_word' id='word_1_220' title='bbox 1094 2311 1252 2386; x_wconf 89' lang='lat' dir='ltr'>canonici,</span> <span class='ocrx_word' id='word_1_221' title='bbox 1273 2311 1414 2392; x_wconf 90' lang='lat' dir='ltr'>gerentis</span> <span class='ocrx_word' id='word_1_222' title='bbox 1429 2311 1535 2373; x_wconf 90' lang='lat' dir='ltr'>vicem</span> <span class='ocrx_word' id='word_1_223' title='bbox 1551 2308 1744 2372; x_wconf 89' lang='lat' dir='ltr'>cancellarii.</span> 
     </span>
    </p>

    <p class='ocr_par' dir='ltr' id='par_1_13' title="bbox 60 2391 1743 2572">
     <span class='ocr_line' id='line_1_23' title="bbox 60 2391 1743 2484; baseline -0.001 -24"><span class='ocrx_word' id='word_1_224' title='bbox 60 2409 88 2460; x_wconf 92' lang='lat'>11</span> <span class='ocrx_word' id='word_1_225' title='bbox 111 2391 168 2456; x_wconf 89' lang='lat' dir='ltr'>Kl.</span> <span class='ocrx_word' id='word_1_226' title='bbox 192 2391 401 2462; x_wconf 89' lang='lat' dir='ltr'>Novembris.</span> <span class='ocrx_word' id='word_1_227' title='bbox 454 2397 637 2462; x_wconf 78' lang='lat' dir='ltr'>indictione</span> <span class='ocrx_word' id='word_1_228' title='bbox 661 2411 697 2462; x_wconf 86' lang='lat' dir='ltr'>vl</span> <span class='ocrx_word' id='word_1_229' title='bbox 716 2395 754 2484; x_wconf 75' lang='lat' dir='ltr'>c).</span> <span class='ocrx_word' id='word_1_230' title='bbox 799 2398 1037 2463; x_wconf 89' lang='lat' dir='ltr'>Incarnationis</span> <span class='ocrx_word' id='word_1_231' title='bbox 1068 2400 1233 2463; x_wconf 88' lang='lat' dir='ltr'>dominice</span> <span class='ocrx_word' id='word_1_232' title='bbox 1263 2419 1350 2463; x_wconf 92' lang='lat' dir='ltr'>anno</span> <span class='ocrx_word' id='word_1_233' title='bbox 1381 2411 1589 2463; x_wconf 82' lang='lat' dir='ltr'>Mchxxvss.</span> <span class='ocrx_word' id='word_1_234' title='bbox 1633 2397 1743 2460; x_wconf 89' lang='lat' dir='ltr'>Ponti·</span> 
     </span>
     <span class='ocr_line' id='line_1_24' title="bbox 60 2482 966 2572; baseline 0.006 -27"><span class='ocrx_word' id='word_1_235' title='bbox 60 2482 183 2547; x_wconf 88' lang='lat' dir='ltr'>ficatus</span> <span class='ocrx_word' id='word_1_236' title='bbox 206 2506 283 2549; x_wconf 89' lang='lat' dir='ltr'>vero</span> <span class='ocrx_word' id='word_1_237' title='bbox 302 2485 332 2572; x_wconf 86' lang='lat' dir='ltr'>d)</span> <span class='ocrx_word' id='word_1_238' title='bbox 356 2487 468 2550; x_wconf 90' lang='lat' dir='ltr'>domni</span> <span class='ocrx_word' id='word_1_239' title='bbox 493 2486 642 2569; x_wconf 91' lang='lat' dir='ltr'>Gregorii</span> <span class='ocrx_word' id='word_1_240' title='bbox 666 2509 723 2571; x_wconf 92' lang='lat' dir='ltr'>pp.</span> <span class='ocrx_word' id='word_1_241' title='bbox 748 2499 811 2552; x_wconf 84' lang='lat' dir='ltr'>vm</span> <span class='ocrx_word' id='word_1_242' title='bbox 834 2509 922 2552; x_wconf 90' lang='lat' dir='ltr'>anno</span> <span class='ocrx_word' id='word_1_243' title='bbox 944 2502 966 2551; x_wconf 92' lang='lat'>1.</span> 
     </span>
    </p>
   </div>
   <div class='ocr_carea' id='block_1_3' title="bbox 57 2599 1747 3170">
    <p class='ocr_par' dir='ltr' id='par_1_14' title="bbox 57 2599 1743 2740">
     <span class='ocr_line' id='line_1_25' title="bbox 231 2599 1743 2668; baseline 0 -18"><span class='ocrx_word' id='word_1_244' title='bbox 231 2599 274 2650; x_wconf 85' lang='lat' dir='ltr'>Or.</span> <span class='ocrx_word' id='word_1_245' title='bbox 292 2601 329 2666; x_wconf 88' lang='lat' dir='ltr'>(S.</span> <span class='ocrx_word' id='word_1_246' title='bbox 352 2601 477 2651; x_wconf 78' lang='lat' dir='ltr'>Giovamri</span> <span class='ocrx_word' id='word_1_247' title='bbox 493 2601 520 2650; x_wconf 84' lang='lat' dir='ltr'>r&#39;n</span> <span class='ocrx_word' id='word_1_248' title='bbox 539 2601 639 2664; x_wconf 77' lang='lat' dir='ltr'>Monte),</span> <span class='ocrx_word' id='word_1_249' title='bbox 664 2602 698 2652; x_wconf 84' lang='lat' dir='ltr'>im</span> <span class='ocrx_word' id='word_1_250' title='bbox 717 2603 830 2652; x_wconf 83' lang='lat' dir='ltr'>Arelrr&#39;vr&#39;o</span> <span class='ocrx_word' id='word_1_251' title='bbox 855 2603 882 2651; x_wconf 81' lang='lat' dir='ltr'>di</span> <span class='ocrx_word' id='word_1_252' title='bbox 898 2603 972 2663; x_wconf 80' lang='lat' dir='ltr'>State,</span> <span class='ocrx_word' id='word_1_253' title='bbox 999 2603 1055 2652; x_wconf 75' lang='grc' dir='ltr'>εεηᾶ</span> <span class='ocrx_word' id='word_1_254' title='bbox 1070 2601 1195 2668; x_wconf 79' lang='lat' dir='ltr'>Abschn&#39;st</span> <span class='ocrx_word' id='word_1_255' title='bbox 1210 2603 1252 2652; x_wconf 83' lang='lat' dir='ltr'>des</span> <span class='ocrx_word' id='word_1_256' title='bbox 1269 2601 1307 2653; x_wconf 91' lang='lat' dir='ltr'>M.</span> <span class='ocrx_word' id='word_1_257' title='bbox 1326 2602 1353 2653; x_wconf 90' lang='lat' dir='ltr'>S.</span> <span class='ocrx_word' id='word_1_258' title='bbox 1372 2602 1398 2653; x_wconf 83' lang='lat' dir='ltr'>in</span> <span class='ocrx_word' id='word_1_259' title='bbox 1416 2605 1483 2652; x_wconf 79' lang='lat' dir='ltr'>Aula</span> <span class='ocrx_word' id='word_1_260' title='bbox 1501 2603 1540 2651; x_wconf 81' lang='lat'>11.</span> <span class='ocrx_word' id='word_1_261' title='bbox 1563 2601 1589 2651; x_wconf 87' lang='lat' dir='ltr'>C.</span> <span class='ocrx_word' id='word_1_262' title='bbox 1613 2601 1675 2666; x_wconf 81' lang='lat' dir='ltr'>Cops</span> <span class='ocrx_word' id='word_1_263' title='bbox 1701 2599 1743 2662; x_wconf 72' lang='lat'>34,</span> 
     </span>
     <span class='ocr_line' id='line_1_26' title="bbox 57 2669 707 2740; baseline 0.011 -21"><span class='ocrx_word' id='word_1_264' title='bbox 57 2675 86 2734; x_wconf 76' lang='lat' dir='ltr'>p.</span> <span class='ocrx_word' id='word_1_265' title='bbox 106 2669 149 2730; x_wconf 77' lang='lat'>23,</span> <span class='ocrx_word' id='word_1_266' title='bbox 168 2671 213 2721; x_wconf 82' lang='lat' dir='ltr'>der</span> <span class='ocrx_word' id='word_1_267' title='bbox 229 2672 291 2721; x_wconf 82' lang='lat' dir='ltr'>Br‘bl.</span> <span class='ocrx_word' id='word_1_268' title='bbox 310 2673 367 2722; x_wconf 77' lang='lat' dir='ltr'>dell·</span> <span class='ocrx_word' id='word_1_269' title='bbox 389 2671 526 2723; x_wconf 75' lang='lat' dir='ltr'>Universitd</span> <span class='ocrx_word' id='word_1_270' title='bbox 543 2689 573 2724; x_wconf 78' lang='lat' dir='ltr'>ru</span> <span class='ocrx_word' id='word_1_271' title='bbox 590 2673 707 2740; x_wconf 80' lang='lat' dir='ltr'>Bologna.</span> 
     </span>
    </p>

    <p class='ocr_par' dir='ltr' id='par_1_15' title="bbox 58 2743 1747 3170">
     <span class='ocr_line' id='line_1_27' title="bbox 229 2743 1747 2812; baseline 0.001 -20"><span class='ocrx_word' id='word_1_272' title='bbox 229 2743 297 2810; x_wconf 78' lang='lat' dir='ltr'>Perg.</span> <span class='ocrx_word' id='word_1_273' title='bbox 317 2745 377 2804; x_wconf 73' lang='lat' dir='ltr'>r&#39;taL,</span> <span class='ocrx_word' id='word_1_274' title='bbox 395 2745 430 2793; x_wconf 79' lang='lat' dir='ltr'>br.</span> <span class='ocrx_word' id='word_1_275' title='bbox 450 2746 528 2804; x_wconf 76' lang='lat'><em>0‚545</em></span> <span class='ocrx_word' id='word_1_276' title='bbox 546 2747 606 2810; x_wconf 76' lang='lat' dir='ltr'>long</span> <span class='ocrx_word' id='word_1_277' title='bbox 624 2747 711 2810; x_wconf 60' lang='lat' dir='ltr'>omre,</span> <span class='ocrx_word' id='word_1_278' title='bbox 736 2752 812 2796; x_wconf 73' lang='lat' dir='ltr'>senten</span> <span class='ocrx_word' id='word_1_279' title='bbox 830 2747 910 2805; x_wconf 78' lang='lat'>0,023</span> <span class='ocrx_word' id='word_1_280' title='bbox 935 2748 1124 2812; x_wconf 78' lang='lat' dir='ltr'>umgeschlagen,</span> <span class='ocrx_word' id='word_1_281' title='bbox 1150 2746 1230 2795; x_wconf 77' lang='lat' dir='ltr'>durch</span> <span class='ocrx_word' id='word_1_282' title='bbox 1246 2746 1263 2793; x_wconf 80' lang='lat'><em>2</em></span> <span class='ocrx_word' id='word_1_283' title='bbox 1280 2745 1373 2796; x_wconf 68' lang='lat' dir='ltr'>Lache</span> <span class='ocrx_word' id='word_1_284' title='bbox 1390 2748 1448 2812; x_wconf 76' lang='lat' dir='ltr'>geht</span> <span class='ocrx_word' id='word_1_285' title='bbox 1470 2745 1508 2795; x_wconf 79' lang='lat' dir='ltr'>die</span> <span class='ocrx_word' id='word_1_286' title='bbox 1534 2745 1668 2812; x_wconf 75' lang='lat' dir='ltr'>sr&#39;egelrotlu</span> <span class='ocrx_word' id='word_1_287' title='bbox 1691 2743 1747 2794; x_wconf 82' lang='grc' dir='ltr'>εοεᾶ</span> 
     </span>
     <span class='ocr_line' id='line_1_28' title="bbox 58 2811 1743 2884; baseline 0.002 -24"><span class='ocrx_word' id='word_1_288' title='bbox 58 2811 128 2876; x_wconf 73' lang='lat' dir='ltr'>gelde</span> <span class='ocrx_word' id='word_1_289' title='bbox 145 2813 295 2881; x_wconf 69' lang='lat' dir='ltr'>starkjridige</span> <span class='ocrx_word' id='word_1_290' title='bbox 313 2816 497 2876; x_wconf 78' lang='lat' dir='ltr'>Seidensclmur,</span> <span class='ocrx_word' id='word_1_291' title='bbox 516 2818 588 2868; x_wconf 82' lang='lat' dir='ltr'>deren</span> <span class='ocrx_word' id='word_1_292' title='bbox 606 2817 733 2883; x_wconf 81' lang='lat' dir='ltr'>Bler&#39;sr&#39;egel</span> <span class='ocrx_word' id='word_1_293' title='bbox 746 2821 863 2877; x_wconf 79' lang='lat' dir='ltr'>verloren,</span> <span class='ocrx_word' id='word_1_294' title='bbox 883 2817 994 2882; x_wconf 76' lang='lat' dir='ltr'>Fallung</span> <span class='ocrx_word' id='word_1_295' title='bbox 1017 2819 1060 2866; x_wconf 85' lang='lat' dir='ltr'>der</span> <span class='ocrx_word' id='word_1_296' title='bbox 1077 2819 1175 2867; x_wconf 83' lang='lat' dir='ltr'>Bullen.</span> <span class='ocrx_word' id='word_1_297' title='bbox 1219 2817 1291 2868; x_wconf 73' lang='lat' dir='ltr'>Wold</span> <span class='ocrx_word' id='word_1_298' title='bbox 1310 2818 1448 2884; x_wconf 78' lang='lat' dir='ltr'>Rr&#39;ngkreus</span> <span class='ocrx_word' id='word_1_299' title='bbox 1471 2815 1564 2866; x_wconf 83' lang='lat' dir='ltr'>undE</span> <span class='ocrx_word' id='word_1_300' title='bbox 1583 2817 1628 2866; x_wconf 84' lang='lat' dir='ltr'>der</span> <span class='ocrx_word' id='word_1_301' title='bbox 1656 2815 1743 2865; x_wconf 65' lang='lat' dir='ltr'>Uare-</span> 
     </span>
     <span class='ocr_line' id='line_1_29' title="bbox 60 2885 1743 2955; baseline 0.002 -21"><span class='ocrx_word' id='word_1_302' title='bbox 60 2885 154 2948; x_wconf 74' lang='lat' dir='ltr'>sclrrifi</span> <span class='ocrx_word' id='word_1_303' title='bbox 169 2901 219 2935; x_wconf 80' lang='lat' dir='ltr'>verr</span> <span class='ocrx_word' id='word_1_304' title='bbox 235 2886 330 2952; x_wconf 77' lang='lat' dir='ltr'>er&#39;gener</span> <span class='ocrx_word' id='word_1_305' title='bbox 345 2888 427 2938; x_wconf 79' lang='lat' dir='ltr'>Hand</span> <span class='ocrx_word' id='word_1_306' title='bbox 437 2889 556 2953; x_wconf 66' lang='lat' dir='ltr'>gorram,</span> <span class='ocrx_word' id='word_1_307' title='bbox 576 2889 705 2955; x_wconf 74' lang='lat' dir='ltr'>Datr&#39;rrmg</span> <span class='ocrx_word' id='word_1_308' title='bbox 721 2905 776 2939; x_wconf 84' lang='lat' dir='ltr'>vom</span> <span class='ocrx_word' id='word_1_309' title='bbox 787 2889 1080 2953; x_wconf 72' lang='lat' dir='ltr'>Hauprturpmctreiber,</span> <span class='ocrx_word' id='word_1_310' title='bbox 1099 2891 1127 2938; x_wconf 95' lang='lat' dir='ltr'>M</span> <span class='ocrx_word' id='word_1_311' title='bbox 1152 2887 1192 2938; x_wconf 85' lang='lat' dir='ltr'>des</span> <span class='ocrx_word' id='word_1_312' title='bbox 1210 2888 1288 2938; x_wconf 87' lang='lat' dir='ltr'>Moses</span> <span class='ocrx_word' id='word_1_313' title='bbox 1303 2889 1348 2938; x_wconf 73' lang='lat' dir='ltr'>mit</span> <span class='ocrx_word' id='word_1_314' title='bbox 1368 2891 1471 2939; x_wconf 69' lang='lat' dir='ltr'>mederer</span> <span class='ocrx_word' id='word_1_315' title='bbox 1488 2889 1564 2938; x_wconf 81' lang='lat' dir='ltr'>Dinte</span> <span class='ocrx_word' id='word_1_316' title='bbox 1587 2888 1743 2953; x_wconf 80' lang='lat' dir='ltr'>eingetragm.</span> 
     </span>
     <span class='ocr_line' id='line_1_30' title="bbox 60 2955 1743 3026; baseline 0.003 -22"><span class='ocrx_word' id='word_1_317' title='bbox 60 2955 113 3004; x_wconf 86' lang='lat' dir='ltr'>Dr&#39;e</span> <span class='ocrx_word' id='word_1_318' title='bbox 129 2955 212 3007; x_wconf 62' lang='lat' dir='ltr'>&amp;niden</span> <span class='ocrx_word' id='word_1_319' title='bbox 224 2959 334 3025; x_wconf 73' lang='lat' dir='ltr'>Br&#39;schdfe</span> <span class='ocrx_word' id='word_1_320' title='bbox 350 2961 442 3010; x_wconf 73' lang='lat' dir='ltr'>eiihrm</span> <span class='ocrx_word' id='word_1_321' title='bbox 452 2961 520 3010; x_wconf 78' lang='lat' dir='ltr'>wohl</span> <span class='ocrx_word' id='word_1_322' title='bbox 533 2976 581 3012; x_wconf 82' lang='lat' dir='ltr'>ven</span> <span class='ocrx_word' id='word_1_323' title='bbox 589 2961 695 3026; x_wconf 78' lang='lat' dir='ltr'>gleicher</span> <span class='ocrx_word' id='word_1_324' title='bbox 705 2961 785 3011; x_wconf 78' lang='lat' dir='ltr'>Hand</span> <span class='ocrx_word' id='word_1_325' title='bbox 793 2963 843 3020; x_wconf 76' lang='lat' dir='ltr'>ter,</span> <span class='ocrx_word' id='word_1_326' title='bbox 857 2969 922 3012; x_wconf 78' lang='lat' dir='ltr'>ronst</span> <span class='ocrx_word' id='word_1_327' title='bbox 931 2962 1009 3026; x_wconf 69' lang='lat' dir='ltr'>:engen</span> <span class='ocrx_word' id='word_1_328' title='bbox 1020 2962 1071 3012; x_wconf 79' lang='lat' dir='ltr'>sich</span> <span class='ocrx_word' id='word_1_329' title='bbox 1081 2961 1108 3010; x_wconf 84' lang='lat' dir='ltr'>in</span> <span class='ocrx_word' id='word_1_330' title='bbox 1120 2961 1166 3009; x_wconf 83' lang='lat' dir='ltr'>den</span> <span class='ocrx_word' id='word_1_331' title='bbox 1179 2959 1462 3026; x_wconf 76' lang='lat' dir='ltr'>Zeugmunterscln&#39;jren</span> <span class='ocrx_word' id='word_1_332' title='bbox 1472 2959 1634 3011; x_wconf 68' lang='lat' dir='ltr'>verschiedne</span> <span class='ocrx_word' id='word_1_333' title='bbox 1646 2959 1743 3009; x_wconf 72' lang='lat' dir='ltr'>Ho&#39;nde.</span> 
     </span>
     <span class='ocr_line' id='line_1_31' title="bbox 60 3025 1747 3098; baseline 0.001 -20"><span class='ocrx_word' id='word_1_334' title='bbox 60 3025 81 3086; x_wconf 83' lang='lat'>†</span> <span class='ocrx_word' id='word_1_335' title='bbox 98 3027 160 3092; x_wconf 82' lang='lat' dir='ltr'>Ego</span> <span class='ocrx_word' id='word_1_336' title='bbox 178 3029 319 3080; x_wconf 78' lang='lat' dir='ltr'>Adelardns</span> <span class='ocrx_word' id='word_1_337' title='bbox 337 3032 374 3082; x_wconf 88' lang='lat' dir='ltr'>tit.</span> <span class='ocrx_word' id='word_1_338' title='bbox 390 3031 477 3081; x_wconf 71' lang='lat' dir='ltr'>kdnnte</span> <span class='ocrx_word' id='word_1_339' title='bbox 494 3033 540 3081; x_wconf 84' lang='lat' dir='ltr'>mit</span> <span class='ocrx_word' id='word_1_340' title='bbox 555 3033 656 3082; x_wconf 77' lang='lat' dir='ltr'>hellerer</span> <span class='ocrx_word' id='word_1_341' title='bbox 673 3033 749 3082; x_wconf 73' lang='lat' dir='ltr'>Dinte</span> <span class='ocrx_word' id='word_1_342' title='bbox 761 3033 909 3098; x_wconf 79' lang='lat' dir='ltr'>gescher&#39;ebm</span> <span class='ocrx_word' id='word_1_343' title='bbox 926 3034 977 3082; x_wconf 79' lang='lat' dir='ltr'>sein</span> <span class='ocrx_word' id='word_1_344' title='bbox 994 3033 1033 3082; x_wconf 85' lang='lat' dir='ltr'>als</span> <span class='ocrx_word' id='word_1_345' title='bbox 1050 3032 1093 3082; x_wconf 81' lang='lat' dir='ltr'>der</span> <span class='ocrx_word' id='word_1_346' title='bbox 1110 3035 1184 3093; x_wconf 63' lang='lat' dir='ltr'>Rern</span> <span class='ocrx_word' id='word_1_347' title='bbox 1201 3033 1280 3082; x_wconf 71' lang='lat' dir='ltr'>abnuo</span> <span class='ocrx_word' id='word_1_348' title='bbox 1298 3032 1343 3081; x_wconf 82' lang='lat' dir='ltr'>dns</span> <span class='ocrx_word' id='word_1_349' title='bbox 1360 3034 1382 3083; x_wconf 85' lang='lat' dir='ltr'>E</span> <span class='ocrx_word' id='word_1_350' title='bbox 1402 3033 1442 3082; x_wconf 84' lang='lat' dir='ltr'>des</span> <span class='ocrx_word' id='word_1_351' title='bbox 1463 3033 1582 3098; x_wconf 76' lang='lat' dir='ltr'>Jaeinrur</span> <span class='ocrx_word' id='word_1_352' title='bbox 1598 3032 1665 3080; x_wconf 78' lang='lat' dir='ltr'>wohl</span> <span class='ocrx_word' id='word_1_353' title='bbox 1678 3031 1747 3080; x_wconf 70' lang='lat' dir='ltr'>erich!</span> 
     </span>
     <span class='ocr_line' id='line_1_32' title="bbox 60 3099 1299 3170; baseline 0.006 -23"><span class='ocrx_word' id='word_1_354' title='bbox 60 3114 119 3148; x_wconf 78' lang='lat' dir='ltr'>vm</span> <span class='ocrx_word' id='word_1_355' title='bbox 138 3099 263 3152; x_wconf 71' lang='lat' dir='ltr'>Schrer&#39;ber</span> <span class='ocrx_word' id='word_1_356' title='bbox 278 3103 438 3164; x_wconf 61' lang='lat' dir='ltr'>merendi,</span> <span class='ocrx_word' id='word_1_357' title='bbox 457 3104 501 3154; x_wconf 88' lang='lat' dir='ltr'>der</span> <span class='ocrx_word' id='word_1_358' title='bbox 517 3103 562 3153; x_wconf 84' lang='lat' dir='ltr'>das</span> <span class='ocrx_word' id='word_1_359' title='bbox 582 3104 680 3170; x_wconf 72' lang='lat' dir='ltr'>Ueber&#39;ge</span> <span class='ocrx_word' id='word_1_360' title='bbox 696 3105 832 3170; x_wconf 78' lang='lat' dir='ltr'>ausfiihrte,</span> <span class='ocrx_word' id='word_1_361' title='bbox 852 3105 968 3154; x_wconf 77' lang='lat' dir='ltr'>vieller&#39;clu</span> <span class='ocrx_word' id='word_1_362' title='bbox 984 3105 1048 3155; x_wconf 70' lang='lat' dir='ltr'>asech</span> <span class='ocrx_word' id='word_1_363' title='bbox 1064 3104 1132 3155; x_wconf 75' lang='lat' dir='ltr'>nicht</span> <span class='ocrx_word' id='word_1_364' title='bbox 1148 3105 1193 3154; x_wconf 86' lang='lat' dir='ltr'>das</span> <span class='ocrx_word' id='word_1_365' title='bbox 1211 3103 1299 3154; x_wconf 75' lang='lat' dir='ltr'>Kreun</span> 
     </span>
    </p>
   </div>
   <div class='ocr_carea' id='block_1_4' title="bbox 814 3391 998 3466">
    <p class='ocr_par' dir='ltr' id='par_1_16' title="bbox 814 3391 998 3466">
     <span class='ocr_line' id='line_1_33' title="bbox 814 3391 998 3466; baseline -0.011 0"><span class='ocrx_word' id='word_1_366' title='bbox 814 3391 880 3466; x_wconf 89' lang='lat' dir='ltr'>Nr.</span> <span class='ocrx_word' id='word_1_367' title='bbox 910 3393 998 3466; x_wconf 88' lang='grc'><strong>394.</strong></span> 
     </span>
    </p>
   </div>
   <div class='ocr_carea' id='block_1_5' title="bbox 65 3519 1746 3695">
    <p class='ocr_par' dir='ltr' id='par_1_17' title="bbox 65 3519 1746 3695">
     <span class='ocr_line' id='line_1_34' title="bbox 65 3519 1746 3608; baseline -0.001 -22"><span class='ocrx_word' id='word_1_368' title='bbox 65 3520 200 3605; x_wconf 84' lang='lat' dir='ltr'>Gregor</span> <span class='ocrx_word' id='word_1_369' title='bbox 222 3520 314 3587; x_wconf 88' lang='lat' dir='ltr'><em>VIII</em></span> <span class='ocrx_word' id='word_1_370' title='bbox 335 3523 453 3587; x_wconf 82' lang='lat' dir='ltr'>nimmt</span> <span class='ocrx_word' id='word_1_371' title='bbox 475 3522 538 3586; x_wconf 82' lang='lat' dir='ltr'>das</span> <span class='ocrx_word' id='word_1_372' title='bbox 564 3519 696 3587; x_wconf 84' lang='lat' dir='ltr'>Kloster</span> <span class='ocrx_word' id='word_1_373' title='bbox 717 3521 786 3587; x_wconf 83' lang='lat' dir='ltr'>San</span> <span class='ocrx_word' id='word_1_374' title='bbox 813 3521 953 3587; x_wconf 82' lang='lat' dir='ltr'>Michele</span> <span class='ocrx_word' id='word_1_375' title='bbox 981 3523 1014 3586; x_wconf 86' lang='lat' dir='ltr'>in</span> <span class='ocrx_word' id='word_1_376' title='bbox 1041 3523 1182 3586; x_wconf 84' lang='lat' dir='ltr'>Pescara</span> <span class='ocrx_word' id='word_1_377' title='bbox 1209 3521 1268 3603; x_wconf 86' lang='lat' dir='ltr'>(D.</span> <span class='ocrx_word' id='word_1_378' title='bbox 1297 3523 1421 3608; x_wconf 82' lang='lat' dir='ltr'>Penne)</span> <span class='ocrx_word' id='word_1_379' title='bbox 1450 3523 1488 3586; x_wconf 84' lang='lat' dir='ltr'>in</span> <span class='ocrx_word' id='word_1_380' title='bbox 1514 3519 1746 3607; x_wconf 82' lang='lat' dir='ltr'>apostolischen</span> 
     </span>
     <span class='ocr_line' id='line_1_35' title="bbox 434 3609 1377 3695; baseline 0.001 -20"><span class='ocrx_word' id='word_1_381' title='bbox 434 3610 553 3676; x_wconf 80' lang='lat' dir='ltr'>Schute</span> <span class='ocrx_word' id='word_1_382' title='bbox 567 3612 637 3676; x_wconf 84' lang='lat' dir='ltr'>und</span> <span class='ocrx_word' id='word_1_383' title='bbox 650 3611 800 3695; x_wconf 77' lang='lat' dir='ltr'>besteitigt</span> <span class='ocrx_word' id='word_1_384' title='bbox 813 3613 902 3676; x_wconf 73' lang='lat' dir='ltr'>scine</span> <span class='ocrx_word' id='word_1_385' title='bbox 917 3609 1153 3676; x_wconf 72' lang='lat' dir='ltr'>Besitetluimer</span> <span class='ocrx_word' id='word_1_386' title='bbox 1166 3611 1236 3676; x_wconf 85' lang='lat' dir='ltr'>und</span> <span class='ocrx_word' id='word_1_387' title='bbox 1249 3611 1377 3676; x_wconf 78' lang='lat' dir='ltr'>Rechte.</span> 
     </span>
    </p>
   </div>
   <div class='ocr_carea' id='block_1_6' title="bbox 650 3725 1165 3792">
    <p class='ocr_par' dir='ltr' id='par_1_18' title="bbox 650 3725 1165 3792">
     <span class='ocr_line' id='line_1_36' title="bbox 650 3725 1165 3792; baseline 0 -2"><span class='ocrx_word' id='word_1_388' title='bbox 650 3730 738 3790; x_wconf 79' lang='lat'><em>1187</em></span> <span class='ocrx_word' id='word_1_389' title='bbox 752 3725 934 3792; x_wconf 83' lang='lat' dir='ltr'>November</span> <span class='ocrx_word' id='word_1_390' title='bbox 946 3731 979 3792; x_wconf 82' lang='lat'>2.</span> <span class='ocrx_word' id='word_1_391' title='bbox 1011 3727 1165 3791; x_wconf 81' lang='lat' dir='ltr'>Ferrara.</span> 
     </span>
    </p>
   </div>
   <div class='ocr_carea' id='block_1_7' title="bbox 61 3842 1748 5439">
    <p class='ocr_par' dir='ltr' id='par_1_19' title="bbox 61 3842 1748 5439">
     <span class='ocr_line' id='line_1_37' title="bbox 230 3842 1746 3926; baseline 0 -20"><span class='ocrx_word' id='word_1_392' title='bbox 230 3843 406 3925; x_wconf 83' lang='lat' dir='ltr'>Gregorius</span> <span class='ocrx_word' id='word_1_393' title='bbox 429 3845 616 3926; x_wconf 89' lang='lat' dir='ltr'>episcopus,</span> <span class='ocrx_word' id='word_1_394' title='bbox 640 3865 751 3908; x_wconf 89' lang='lat' dir='ltr'>servus</span> <span class='ocrx_word' id='word_1_395' title='bbox 773 3865 940 3908; x_wconf 86' lang='lat' dir='ltr'>servorum</span> <span class='ocrx_word' id='word_1_396' title='bbox 963 3845 1025 3920; x_wconf 91' lang='lat' dir='ltr'>dei,</span> <span class='ocrx_word' id='word_1_397' title='bbox 1049 3844 1174 3907; x_wconf 90' lang='lat' dir='ltr'>dilectis</span> <span class='ocrx_word' id='word_1_398' title='bbox 1197 3842 1270 3907; x_wconf 86' lang='lat' dir='ltr'>filiis</span> <span class='ocrx_word' id='word_1_399' title='bbox 1285 3844 1391 3919; x_wconf 90' lang='lat' dir='ltr'>Petro,</span> <span class='ocrx_word' id='word_1_400' title='bbox 1420 3843 1534 3907; x_wconf 91' lang='lat' dir='ltr'>abbati</span> <span class='ocrx_word' id='word_1_401' title='bbox 1559 3845 1746 3908; x_wconf 89' lang='lat' dir='ltr'>monasterii</span> 
     </span>
     <span class='ocr_line' id='line_1_38' title="bbox 62 3930 1746 4018; baseline 0 -22"><span class='ocrx_word' id='word_1_402' title='bbox 62 3932 173 3996; x_wconf 89' lang='lat' dir='ltr'>sancti</span> <span class='ocrx_word' id='word_1_403' title='bbox 189 3930 360 3996; x_wconf 89' lang='lat' dir='ltr'>Michaelis</span> <span class='ocrx_word' id='word_1_404' title='bbox 376 3934 460 3997; x_wconf 86' lang='lat' dir='ltr'>inira</span> <span class='ocrx_word' id='word_1_405' title='bbox 474 3935 594 3997; x_wconf 88' lang='lat' dir='ltr'>Hostia</span> <span class='ocrx_word' id='word_1_406' title='bbox 605 3932 638 4018; x_wconf 88' lang='lat'>¹),</span> <span class='ocrx_word' id='word_1_407' title='bbox 663 3935 797 4016; x_wconf 90' lang='lat' dir='ltr'>eiusque</span> <span class='ocrx_word' id='word_1_408' title='bbox 812 3934 974 4009; x_wconf 82' lang='lat' dir='ltr'>fratribus,</span> <span class='ocrx_word' id='word_1_409' title='bbox 997 3945 1065 3997; x_wconf 88' lang='lat' dir='ltr'>tam</span> <span class='ocrx_word' id='word_1_410' title='bbox 1081 3933 1287 4016; x_wconf 91' lang='lat' dir='ltr'>presentibus</span> <span class='ocrx_word' id='word_1_411' title='bbox 1303 3951 1402 4015; x_wconf 89' lang='lat' dir='ltr'>quam</span> <span class='ocrx_word' id='word_1_412' title='bbox 1420 3932 1542 4008; x_wconf 81' lang='lat' dir='ltr'>suturis,</span> <span class='ocrx_word' id='word_1_413' title='bbox 1567 3933 1746 4014; x_wconf 87' lang='lat' dir='ltr'>regularem</span> 
     </span>
     <span class='ocr_line' id='line_1_39' title="bbox 61 4019 1747 4108; baseline 0.001 -24"><span class='ocrx_word' id='word_1_414' title='bbox 61 4023 171 4084; x_wconf 87' lang='lat' dir='ltr'>vitam</span> <span class='ocrx_word' id='word_1_415' title='bbox 194 4021 359 4104; x_wconf 80' lang='lat' dir='ltr'>professis,</span> <span class='ocrx_word' id='word_1_416' title='bbox 382 4037 420 4086; x_wconf 85' lang='lat' dir='ltr'>IN</span> <span class='ocrx_word' id='word_1_417' title='bbox 444 4035 521 4086; x_wconf 80' lang='lat' dir='ltr'>PPM.</span> <span class='ocrx_word' id='word_1_418' title='bbox 544 4057 589 4068; x_wconf 90' lang='lat'><em>-</em></span> <span class='ocrx_word' id='word_1_419' title='bbox 608 4019 613 4108; x_wconf 86' lang='grc' dir='ltr'>Ι</span> <span class='ocrx_word' id='word_1_420' title='bbox 633 4023 796 4088; x_wconf 83' lang='lat' dir='ltr'>Effectum</span> <span class='ocrx_word' id='word_1_421' title='bbox 820 4025 904 4087; x_wconf 89' lang='lat' dir='ltr'>iusta</span> <span class='ocrx_word' id='word_1_422' title='bbox 927 4022 1170 4106; x_wconf 88' lang='lat' dir='ltr'>postulantibus</span> <span class='ocrx_word' id='word_1_423' title='bbox 1192 4021 1360 4105; x_wconf 89' lang='lat' dir='ltr'>indulgere</span> <span class='ocrx_word' id='word_1_424' title='bbox 1383 4031 1417 4086; x_wconf 88' lang='lat' dir='ltr'>et</span> <span class='ocrx_word' id='word_1_425' title='bbox 1435 4022 1529 4104; x_wconf 92' lang='lat' dir='ltr'>vigor</span> <span class='ocrx_word' id='word_1_426' title='bbox 1545 4023 1698 4104; x_wconf 91' lang='lat' dir='ltr'>equitatis</span> <span class='ocrx_word' id='word_1_427' title='bbox 1714 4033 1747 4086; x_wconf 92' lang='lat' dir='ltr'>et</span> 
     </span>
     <span class='ocr_line' id='line_1_40' title="bbox 62 4110 1746 4195; baseline 0.001 -21"><span class='ocrx_word' id='word_1_428' title='bbox 62 4111 152 4174; x_wconf 93' lang='lat' dir='ltr'>ordo</span> <span class='ocrx_word' id='word_1_429' title='bbox 168 4110 273 4192; x_wconf 87' lang='lat' dir='ltr'>exigit</span> <span class='ocrx_word' id='word_1_430' title='bbox 288 4113 432 4186; x_wconf 88' lang='lat' dir='ltr'>rationis,</span> <span class='ocrx_word' id='word_1_431' title='bbox 448 4112 619 4195; x_wconf 89' lang='lat' dir='ltr'>presertim</span> <span class='ocrx_word' id='word_1_432' title='bbox 635 4113 769 4194; x_wconf 88' lang='lat' dir='ltr'>quando</span> <span class='ocrx_word' id='word_1_433' title='bbox 786 4114 969 4194; x_wconf 92' lang='lat' dir='ltr'>petentium</span> <span class='ocrx_word' id='word_1_434' title='bbox 984 4113 1170 4177; x_wconf 85' lang='lat' dir='ltr'>voluntates</span> <span class='ocrx_word' id='word_1_435' title='bbox 1185 4121 1218 4175; x_wconf 89' lang='lat' dir='ltr'>et</span> <span class='ocrx_word' id='word_1_436' title='bbox 1233 4113 1340 4193; x_wconf 89' lang='lat' dir='ltr'>pietas</span> <span class='ocrx_word' id='word_1_437' title='bbox 1361 4111 1494 4175; x_wconf 90' lang='lat' dir='ltr'>adiuvat</span> <span class='ocrx_word' id='word_1_438' title='bbox 1504 4118 1537 4174; x_wconf 91' lang='lat' dir='ltr'>et</span> <span class='ocrx_word' id='word_1_439' title='bbox 1547 4112 1667 4175; x_wconf 89' lang='lat' dir='ltr'>veritas</span> <span class='ocrx_word' id='word_1_440' title='bbox 1679 4132 1746 4175; x_wconf 91' lang='lat' dir='ltr'>non</span> 
     </span>
     <span class='ocr_line' id='line_1_41' title="bbox 62 4200 1748 4287; baseline 0.001 -25"><span class='ocrx_word' id='word_1_441' title='bbox 62 4200 247 4281; x_wconf 88' lang='lat' dir='ltr'>relinquit..</span> <span class='ocrx_word' id='word_1_442' title='bbox 277 4201 474 4284; x_wconf 88' lang='lat' dir='ltr'>Eapropter,</span> <span class='ocrx_word' id='word_1_443' title='bbox 506 4200 628 4287; x_wconf 71' lang='lat' dir='ltr'>dillecti</span> <span class='ocrx_word' id='word_1_444' title='bbox 659 4203 692 4265; x_wconf 92' lang='lat' dir='ltr'>in</span> <span class='ocrx_word' id='word_1_445' title='bbox 724 4203 861 4265; x_wconf 94' lang='lat' dir='ltr'>domino</span> <span class='ocrx_word' id='word_1_446' title='bbox 892 4202 964 4279; x_wconf 89' lang='lat' dir='ltr'>filii,</span> <span class='ocrx_word' id='word_1_447' title='bbox 993 4203 1110 4266; x_wconf 90' lang='lat' dir='ltr'>vestris</span> <span class='ocrx_word' id='word_1_448' title='bbox 1141 4201 1232 4264; x_wconf 89' lang='lat' dir='ltr'>iustis</span> <span class='ocrx_word' id='word_1_449' title='bbox 1262 4200 1540 4284; x_wconf 89' lang='lat' dir='ltr'>postulationibus</span> <span class='ocrx_word' id='word_1_450' title='bbox 1571 4201 1748 4264; x_wconf 90' lang='lat' dir='ltr'>clementer</span> 
     </span>
     <span class='ocr_line' id='line_1_42' title="bbox 63 4290 1743 4372; baseline 0.001 -20"><span class='ocrx_word' id='word_1_451' title='bbox 63 4290 243 4352; x_wconf 90' lang='lat' dir='ltr'>annuimus</span> <span class='ocrx_word' id='word_1_452' title='bbox 266 4299 300 4352; x_wconf 91' lang='lat' dir='ltr'>et</span> <span class='ocrx_word' id='word_1_453' title='bbox 314 4291 480 4372; x_wconf 84' lang='lat' dir='ltr'>prelatum</span> <span class='ocrx_word' id='word_1_454' title='bbox 496 4292 730 4354; x_wconf 88' lang='lat' dir='ltr'>monasterium</span> <span class='ocrx_word' id='word_1_455' title='bbox 745 4292 849 4354; x_wconf 88' lang='lat' dir='ltr'>sancti</span> <span class='ocrx_word' id='word_1_456' title='bbox 867 4292 1037 4355; x_wconf 89' lang='lat' dir='ltr'>Michaelis</span> <span class='ocrx_word' id='word_1_457' title='bbox 1054 4291 1137 4355; x_wconf 83' lang='lat' dir='ltr'>infra</span> <span class='ocrx_word' id='word_1_458' title='bbox 1152 4291 1279 4368; x_wconf 88' lang='lat' dir='ltr'>Hostia,</span> <span class='ocrx_word' id='word_1_459' title='bbox 1304 4292 1337 4354; x_wconf 92' lang='lat' dir='ltr'>in</span> <span class='ocrx_word' id='word_1_460' title='bbox 1354 4310 1421 4372; x_wconf 92' lang='lat' dir='ltr'>quo</span> <span class='ocrx_word' id='word_1_461' title='bbox 1438 4290 1549 4352; x_wconf 91' lang='lat' dir='ltr'>divino</span> <span class='ocrx_word' id='word_1_462' title='bbox 1565 4291 1743 4372; x_wconf 88' lang='lat' dir='ltr'>mancipati</span> 
     </span>
     <span class='ocr_line' id='line_1_43' title="bbox 62 4378 1745 4464; baseline 0 -22"><span class='ocrx_word' id='word_1_463' title='bbox 62 4380 146 4442; x_wconf 90' lang='lat' dir='ltr'>estis</span> <span class='ocrx_word' id='word_1_464' title='bbox 158 4378 330 4460; x_wconf 90' lang='lat' dir='ltr'>obsequio,</span> <span class='ocrx_word' id='word_1_465' title='bbox 343 4380 386 4443; x_wconf 92' lang='lat' dir='ltr'>ad</span> <span class='ocrx_word' id='word_1_466' title='bbox 397 4381 568 4462; x_wconf 87' lang='lat' dir='ltr'>exemplar</span> <span class='ocrx_word' id='word_1_467' title='bbox 579 4379 683 4444; x_wconf 83' lang='lat' dir='ltr'>seticis</span> <span class='ocrx_word' id='word_1_468' title='bbox 695 4379 945 4464; x_wconf 85' lang='lat' dir='ltr'>recor)dationis</span> <span class='ocrx_word' id='word_1_469' title='bbox 957 4379 1176 4444; x_wconf 69' lang='lat' dir='ltr'>ALEXANDRI</span> <span class='ocrx_word' id='word_1_470' title='bbox 1188 4400 1285 4462; x_wconf 88' lang='lat' dir='ltr'>pape,</span> <span class='ocrx_word' id='word_1_471' title='bbox 1306 4380 1546 4462; x_wconf 87' lang='lat' dir='ltr'>predecessoris</span> <span class='ocrx_word' id='word_1_472' title='bbox 1559 4380 1671 4455; x_wconf 90' lang='lat' dir='ltr'>nostri,</span> <span class='ocrx_word' id='word_1_473' title='bbox 1684 4378 1745 4443; x_wconf 89' lang='lat' dir='ltr'>sub</span> 
     </span>
     <span class='ocr_line' id='line_1_44' title="bbox 61 4468 1745 4552; baseline 0 -21"><span class='ocrx_word' id='word_1_474' title='bbox 61 4468 157 4532; x_wconf 90' lang='lat' dir='ltr'>beati</span> <span class='ocrx_word' id='word_1_475' title='bbox 174 4468 260 4531; x_wconf 90' lang='lat' dir='ltr'>Petri</span> <span class='ocrx_word' id='word_1_476' title='bbox 284 4479 317 4532; x_wconf 92' lang='lat' dir='ltr'>et</span> <span class='ocrx_word' id='word_1_477' title='bbox 340 4481 452 4533; x_wconf 89' lang='lat' dir='ltr'>nostra</span> <span class='ocrx_word' id='word_1_478' title='bbox 475 4471 683 4552; x_wconf 90' lang='lat' dir='ltr'>protectione</span> <span class='ocrx_word' id='word_1_479' title='bbox 706 4471 900 4552; x_wconf 91' lang='lat' dir='ltr'>suscipimus</span> <span class='ocrx_word' id='word_1_480' title='bbox 924 4480 957 4534; x_wconf 92' lang='lat' dir='ltr'>et</span> <span class='ocrx_word' id='word_1_481' title='bbox 980 4471 1140 4552; x_wconf 89' lang='lat' dir='ltr'>presentis</span> <span class='ocrx_word' id='word_1_482' title='bbox 1163 4470 1275 4552; x_wconf 91' lang='lat' dir='ltr'>scripti</span> <span class='ocrx_word' id='word_1_483' title='bbox 1299 4470 1470 4551; x_wconf 90' lang='lat' dir='ltr'>privilegio</span> <span class='ocrx_word' id='word_1_484' title='bbox 1495 4469 1745 4532; x_wconf 88' lang='lat' dir='ltr'>communimus.</span> 
     </span>
     <span class='ocr_line' id='line_1_45' title="bbox 61 4556 1747 4641; baseline 0 -19"><span class='ocrx_word' id='word_1_485' title='bbox 61 4556 267 4634; x_wconf 89' lang='lat' dir='ltr'>Statuentes,</span> <span class='ocrx_word' id='word_1_486' title='bbox 279 4568 315 4621; x_wconf 92' lang='lat' dir='ltr'>ut</span> <span class='ocrx_word' id='word_1_487' title='bbox 328 4578 551 4640; x_wconf 89' lang='lat' dir='ltr'>quascumque</span> <span class='ocrx_word' id='word_1_488' title='bbox 563 4560 797 4641; x_wconf 69' lang='lat' dir='ltr'>possessiones</span> <span class='ocrx_word' id='word_1_489' title='bbox 812 4579 1017 4641; x_wconf 89' lang='lat' dir='ltr'>quecumque</span> <span class='ocrx_word' id='word_1_490' title='bbox 1030 4559 1215 4623; x_wconf 89' lang='lat' dir='ltr'>bonaidem</span> <span class='ocrx_word' id='word_1_491' title='bbox 1228 4559 1461 4622; x_wconf 88' lang='lat' dir='ltr'>monasterium</span> <span class='ocrx_word' id='word_1_492' title='bbox 1471 4559 1747 4640; x_wconf 89' lang='lat' dir='ltr'>inpresentiarum</span> 
     </span>
     <span class='ocr_line' id='line_1_46' title="bbox 62 4647 1746 4730; baseline 0.002 -22"><span class='ocrx_word' id='word_1_493' title='bbox 62 4647 152 4710; x_wconf 87' lang='lat' dir='ltr'>iuste</span> <span class='ocrx_word' id='word_1_494' title='bbox 176 4658 210 4709; x_wconf 91' lang='lat' dir='ltr'>et</span> <span class='ocrx_word' id='word_1_495' title='bbox 233 4648 391 4712; x_wconf 89' lang='lat' dir='ltr'>canonice</span> <span class='ocrx_word' id='word_1_496' title='bbox 414 4648 564 4730; x_wconf 90' lang='lat' dir='ltr'>possidet</span> <span class='ocrx_word' id='word_1_497' title='bbox 587 4658 642 4711; x_wconf 91' lang='lat' dir='ltr'>aut</span> <span class='ocrx_word' id='word_1_498' title='bbox 673 4650 705 4712; x_wconf 90' lang='lat' dir='ltr'>in</span> <span class='ocrx_word' id='word_1_499' title='bbox 730 4649 872 4712; x_wconf 86' lang='lat' dir='ltr'>loturum</span> <span class='ocrx_word' id='word_1_500' title='bbox 896 4651 1110 4714; x_wconf 88' lang='lat' dir='ltr'>concessione</span> <span class='ocrx_word' id='word_1_501' title='bbox 1133 4647 1336 4730; x_wconf 89' lang='lat' dir='ltr'>pontificum,</span> <span class='ocrx_word' id='word_1_502' title='bbox 1361 4647 1534 4729; x_wconf 88' lang='lat' dir='ltr'>largitione</span> <span class='ocrx_word' id='word_1_503' title='bbox 1557 4667 1669 4729; x_wconf 88' lang='lat' dir='ltr'>regum</span> <span class='ocrx_word' id='word_1_504' title='bbox 1694 4649 1746 4712; x_wconf 89' lang='lat' dir='ltr'>vel</span> 
     </span>
     <span class='ocr_line' id='line_1_47' title="bbox 61 4735 1745 4820; baseline 0.001 -21"><span class='ocrx_word' id='word_1_505' title='bbox 61 4735 262 4818; x_wconf 89' lang='lat' dir='ltr'>principum,</span> <span class='ocrx_word' id='word_1_506' title='bbox 279 4736 448 4800; x_wconf 89' lang='lat' dir='ltr'>oblatione</span> <span class='ocrx_word' id='word_1_507' title='bbox 463 4737 609 4800; x_wconf 86' lang='lat' dir='ltr'>fidelium</span> <span class='ocrx_word' id='word_1_508' title='bbox 624 4758 681 4801; x_wconf 92' lang='lat' dir='ltr'>seu</span> <span class='ocrx_word' id='word_1_509' title='bbox 698 4738 768 4801; x_wconf 87' lang='lat' dir='ltr'>aliis</span> <span class='ocrx_word' id='word_1_510' title='bbox 780 4737 869 4801; x_wconf 91' lang='lat' dir='ltr'>iustis</span> <span class='ocrx_word' id='word_1_511' title='bbox 882 4739 999 4812; x_wconf 91' lang='lat' dir='ltr'>modis,</span> <span class='ocrx_word' id='word_1_512' title='bbox 1014 4747 1180 4820; x_wconf 88' lang='lat' dir='ltr'>prestante</span> <span class='ocrx_word' id='word_1_513' title='bbox 1194 4738 1339 4814; x_wconf 93' lang='lat' dir='ltr'>domino,</span> <span class='ocrx_word' id='word_1_514' title='bbox 1357 4737 1479 4818; x_wconf 89' lang='lat' dir='ltr'>poterit</span> <span class='ocrx_word' id='word_1_515' title='bbox 1490 4737 1636 4819; x_wconf 90' lang='lat' dir='ltr'>adipisci,</span> <span class='ocrx_word' id='word_1_516' title='bbox 1653 4736 1745 4800; x_wconf 86' lang='lat' dir='ltr'>firma</span> 
     </span>
     <span class='ocr_line' id='line_1_48' title="bbox 62 4823 1747 4910; baseline 0.001 -23"><span class='ocrx_word' id='word_1_517' title='bbox 62 4823 164 4888; x_wconf 90' lang='lat' dir='ltr'>vobis</span> <span class='ocrx_word' id='word_1_518' title='bbox 188 4827 368 4908; x_wconf 88' lang='lat' dir='ltr'>vestrisque</span> <span class='ocrx_word' id='word_1_519' title='bbox 397 4827 640 4890; x_wconf 88' lang='lat' dir='ltr'>successoribus</span> <span class='ocrx_word' id='word_1_520' title='bbox 668 4837 702 4890; x_wconf 90' lang='lat' dir='ltr'>et</span> <span class='ocrx_word' id='word_1_521' title='bbox 724 4827 850 4890; x_wconf 88' lang='lat' dir='ltr'>illibata</span> <span class='ocrx_word' id='word_1_522' title='bbox 872 4835 1095 4910; x_wconf 89' lang='lat' dir='ltr'>permaneant.</span> <span class='ocrx_word' id='word_1_523' title='bbox 1142 4827 1178 4889; x_wconf 93' lang='lat' dir='ltr'>In</span> <span class='ocrx_word' id='word_1_524' title='bbox 1203 4827 1321 4909; x_wconf 92' lang='lat' dir='ltr'>quibus</span> <span class='ocrx_word' id='word_1_525' title='bbox 1345 4827 1405 4888; x_wconf 90' lang='lat' dir='ltr'>hec</span> <span class='ocrx_word' id='word_1_526' title='bbox 1428 4827 1569 4908; x_wconf 89' lang='lat' dir='ltr'>propriis</span> <span class='ocrx_word' id='word_1_527' title='bbox 1593 4826 1747 4890; x_wconf 91' lang='lat' dir='ltr'>duximus</span> 
     </span>
     <span class='ocr_line' id='line_1_49' title="bbox 63 4914 1746 4999; baseline 0 -21"><span class='ocrx_word' id='word_1_528' title='bbox 63 4914 288 4995; x_wconf 89' lang='lat' dir='ltr'>exprimenda</span> <span class='ocrx_word' id='word_1_529' title='bbox 317 4916 502 4979; x_wconf 86' lang='lat' dir='ltr'>vocabulis:</span> <span class='ocrx_word' id='word_1_530' title='bbox 539 4915 648 4979; x_wconf 91' lang='lat' dir='ltr'>locum</span> <span class='ocrx_word' id='word_1_531' title='bbox 683 4917 798 4998; x_wconf 89' lang='lat' dir='ltr'>ipsum,</span> <span class='ocrx_word' id='word_1_532' title='bbox 829 4917 861 4979; x_wconf 92' lang='lat' dir='ltr'>in</span> <span class='ocrx_word' id='word_1_533' title='bbox 895 4937 961 4998; x_wconf 91' lang='lat' dir='ltr'>quo</span> <span class='ocrx_word' id='word_1_534' title='bbox 993 4914 1155 4999; x_wconf 83' lang='lat' dir='ltr'>prelatum</span> <span class='ocrx_word' id='word_1_535' title='bbox 1187 4916 1421 4978; x_wconf 89' lang='lat' dir='ltr'>monasterium</span> <span class='ocrx_word' id='word_1_536' title='bbox 1452 4915 1548 4977; x_wconf 90' lang='lat' dir='ltr'>situm</span> <span class='ocrx_word' id='word_1_537' title='bbox 1581 4925 1640 4991; x_wconf 89' lang='lat' dir='ltr'>est,</span> <span class='ocrx_word' id='word_1_538' title='bbox 1672 4935 1746 4978; x_wconf 92' lang='lat' dir='ltr'>curn</span> 
     </span>
     <span class='ocr_line' id='line_1_50' title="bbox 63 5003 1747 5087; baseline 0.001 -21"><span class='ocrx_word' id='word_1_539' title='bbox 63 5003 224 5066; x_wconf 90' lang='lat' dir='ltr'>omnibus</span> <span class='ocrx_word' id='word_1_540' title='bbox 248 5006 452 5087; x_wconf 90' lang='lat' dir='ltr'>pertinentiis</span> <span class='ocrx_word' id='word_1_541' title='bbox 475 5005 549 5081; x_wconf 90' lang='lat' dir='ltr'>suis,</span> <span class='ocrx_word' id='word_1_542' title='bbox 574 5005 747 5068; x_wconf 88' lang='lat' dir='ltr'>ecclesiam</span> <span class='ocrx_word' id='word_1_543' title='bbox 770 5015 883 5069; x_wconf 88' lang='lat' dir='ltr'>sancte</span> <span class='ocrx_word' id='word_1_544' title='bbox 905 5004 1007 5069; x_wconf 89' lang='lat' dir='ltr'>Lucie</span> <span class='ocrx_word' id='word_1_545' title='bbox 1030 5006 1073 5069; x_wconf 91' lang='lat' dir='ltr'>de</span> <span class='ocrx_word' id='word_1_546' title='bbox 1095 5005 1265 5079; x_wconf 88' lang='lat' dir='ltr'>Fabriano,</span> <span class='ocrx_word' id='word_1_547' title='bbox 1296 5003 1467 5067; x_wconf 87' lang='lat' dir='ltr'>ecclesiam</span> <span class='ocrx_word' id='word_1_548' title='bbox 1498 5012 1610 5067; x_wconf 88' lang='lat' dir='ltr'>sancte</span> <span class='ocrx_word' id='word_1_549' title='bbox 1634 5004 1747 5068; x_wconf 88' lang='lat' dir='ltr'>Crucis</span> 
     </span>
     <span class='ocr_line' id='line_1_51' title="bbox 64 5091 1745 5174; baseline 0.002 -19"><span class='ocrx_word' id='word_1_550' title='bbox 64 5094 108 5155; x_wconf 92' lang='lat' dir='ltr'>de</span> <span class='ocrx_word' id='word_1_551' title='bbox 133 5091 276 5174; x_wconf 87' lang='lat' dir='ltr'>Attigio,</span> <span class='ocrx_word' id='word_1_552' title='bbox 300 5094 472 5158; x_wconf 90' lang='lat' dir='ltr'>ecclesiam</span> <span class='ocrx_word' id='word_1_553' title='bbox 494 5095 598 5158; x_wconf 89' lang='lat' dir='ltr'>sancti</span> <span class='ocrx_word' id='word_1_554' title='bbox 623 5095 744 5172; x_wconf 89' lang='lat' dir='ltr'>Iustini,</span> <span class='ocrx_word' id='word_1_555' title='bbox 777 5095 950 5159; x_wconf 89' lang='lat' dir='ltr'>ecclesiam</span> <span class='ocrx_word' id='word_1_556' title='bbox 979 5095 1083 5159; x_wconf 89' lang='lat' dir='ltr'>sancti</span> <span class='ocrx_word' id='word_1_557' title='bbox 1106 5095 1196 5158; x_wconf 91' lang='lat' dir='ltr'>Pauli</span> <span class='ocrx_word' id='word_1_558' title='bbox 1221 5096 1263 5158; x_wconf 89' lang='lat' dir='ltr'>de</span> <span class='ocrx_word' id='word_1_559' title='bbox 1287 5092 1411 5169; x_wconf 91' lang='lat' dir='ltr'>Clusia,</span> <span class='ocrx_word' id='word_1_560' title='bbox 1445 5094 1617 5156; x_wconf 90' lang='lat' dir='ltr'>ecclesiam</span> <span class='ocrx_word' id='word_1_561' title='bbox 1641 5095 1745 5158; x_wconf 89' lang='lat' dir='ltr'>sancti</span> 
     </span>
     <span class='ocr_line' id='line_1_52' title="bbox 62 5181 1747 5267; baseline 0.001 -21"><span class='ocrx_word' id='word_1_562' title='bbox 62 5181 230 5265; x_wconf 84' lang='lat' dir='ltr'>Stephani</span> <span class='ocrx_word' id='word_1_563' title='bbox 255 5184 297 5246; x_wconf 91' lang='lat' dir='ltr'>de</span> <span class='ocrx_word' id='word_1_564' title='bbox 311 5183 452 5260; x_wconf 84' lang='lat' dir='ltr'>Rolano,</span> <span class='ocrx_word' id='word_1_565' title='bbox 476 5184 646 5247; x_wconf 90' lang='lat' dir='ltr'>ecclesiam</span> <span class='ocrx_word' id='word_1_566' title='bbox 671 5185 774 5248; x_wconf 92' lang='lat' dir='ltr'>sancti</span> <span class='ocrx_word' id='word_1_567' title='bbox 791 5185 924 5260; x_wconf 92' lang='lat' dir='ltr'>Donati,</span> <span class='ocrx_word' id='word_1_568' title='bbox 957 5186 1005 5249; x_wconf 88' lang='lat' dir='ltr'>ius</span> <span class='ocrx_word' id='word_1_569' title='bbox 1029 5184 1119 5267; x_wconf 91' lang='lat' dir='ltr'>quod</span> <span class='ocrx_word' id='word_1_570' title='bbox 1143 5184 1271 5248; x_wconf 86' lang='lat' dir='ltr'>habetis</span> <span class='ocrx_word' id='word_1_571' title='bbox 1295 5184 1328 5246; x_wconf 94' lang='lat' dir='ltr'>in</span> <span class='ocrx_word' id='word_1_572' title='bbox 1351 5182 1488 5247; x_wconf 89' lang='lat' dir='ltr'>ecclesia</span> <span class='ocrx_word' id='word_1_573' title='bbox 1511 5193 1623 5247; x_wconf 90' lang='lat' dir='ltr'>sancte</span> <span class='ocrx_word' id='word_1_574' title='bbox 1644 5184 1747 5248; x_wconf 89' lang='lat' dir='ltr'>Marie</span> 
     </span>
     <span class='ocr_line' id='line_1_53' title="bbox 64 5271 1746 5351; baseline 0.001 -17"><span class='ocrx_word' id='word_1_575' title='bbox 64 5272 108 5336; x_wconf 92' lang='lat' dir='ltr'>de</span> <span class='ocrx_word' id='word_1_576' title='bbox 132 5271 280 5348; x_wconf 73' lang='lat' dir='ltr'>Pallam,</span> <span class='ocrx_word' id='word_1_577' title='bbox 310 5274 481 5337; x_wconf 89' lang='lat' dir='ltr'>ecclesiam</span> <span class='ocrx_word' id='word_1_578' title='bbox 512 5273 616 5337; x_wconf 90' lang='lat' dir='ltr'>sancti</span> <span class='ocrx_word' id='word_1_579' title='bbox 640 5272 793 5337; x_wconf 89' lang='lat' dir='ltr'>Venantii</span> <span class='ocrx_word' id='word_1_580' title='bbox 825 5273 867 5337; x_wconf 92' lang='lat' dir='ltr'>de</span> <span class='ocrx_word' id='word_1_581' title='bbox 890 5273 996 5351; x_wconf 90' lang='lat' dir='ltr'>Corie,</span> <span class='ocrx_word' id='word_1_582' title='bbox 1026 5274 1199 5338; x_wconf 88' lang='lat' dir='ltr'>ecclesiam</span> <span class='ocrx_word' id='word_1_583' title='bbox 1225 5283 1339 5337; x_wconf 88' lang='lat' dir='ltr'>sancte</span> <span class='ocrx_word' id='word_1_584' title='bbox 1363 5273 1466 5335; x_wconf 91' lang='lat' dir='ltr'>Marie</span> <span class='ocrx_word' id='word_1_585' title='bbox 1497 5272 1539 5335; x_wconf 91' lang='lat' dir='ltr'>de</span> <span class='ocrx_word' id='word_1_586' title='bbox 1562 5271 1746 5350; x_wconf 88' lang='lat' dir='ltr'>Savenano,</span> 
     </span>
     <span class='ocr_line' id='line_1_54' title="bbox 63 5357 1746 5439; baseline 0 -15"><span class='ocrx_word' id='word_1_587' title='bbox 63 5361 242 5424; x_wconf 87' lang='lat' dir='ltr'>ecclesiam</span> <span class='ocrx_word' id='word_1_588' title='bbox 272 5363 376 5426; x_wconf 88' lang='lat' dir='ltr'>sancti</span> <span class='ocrx_word' id='word_1_589' title='bbox 399 5361 578 5428; x_wconf 90' lang='lat' dir='ltr'>Salvatoris</span> <span class='ocrx_word' id='word_1_590' title='bbox 609 5361 650 5426; x_wconf 92' lang='lat' dir='ltr'>de</span> <span class='ocrx_word' id='word_1_591' title='bbox 672 5359 814 5439; x_wconf 91' lang='lat' dir='ltr'>Vinano,</span> <span class='ocrx_word' id='word_1_592' title='bbox 846 5363 1018 5426; x_wconf 90' lang='lat' dir='ltr'>ecclesiam</span> <span class='ocrx_word' id='word_1_593' title='bbox 1048 5373 1160 5427; x_wconf 89' lang='lat' dir='ltr'>sancte</span> <span class='ocrx_word' id='word_1_594' title='bbox 1182 5363 1287 5427; x_wconf 89' lang='lat' dir='ltr'>Marie</span> <span class='ocrx_word' id='word_1_595' title='bbox 1315 5361 1357 5425; x_wconf 92' lang='lat' dir='ltr'>de</span> <span class='ocrx_word' id='word_1_596' title='bbox 1379 5357 1544 5437; x_wconf 87' lang='lat' dir='ltr'>Vabiano‚</span> <span class='ocrx_word' id='word_1_597' title='bbox 1574 5363 1746 5426; x_wconf 89' lang='lat' dir='ltr'>ecclesiam</span> 
     </span>
    </p>
   </div>
   <div class='ocr_carea' id='block_1_8' title="bbox 67 5677 1747 5822">
    <p class='ocr_par' dir='ltr' id='par_1_20' title="bbox 67 5677 1747 5822">
     <span class='ocr_line' id='line_1_55' title="bbox 229 5677 1747 5748; baseline -0.002 -18"><span class='ocrx_word' id='word_1_598' title='bbox 229 5684 255 5747; x_wconf 81' lang='lat' dir='ltr'>a)</span> <span class='ocrx_word' id='word_1_599' title='bbox 274 5681 346 5730; x_wconf 75' lang='lat' dir='ltr'>senio</span> <span class='ocrx_word' id='word_1_600' title='bbox 363 5683 416 5747; x_wconf 82' lang='lat' dir='ltr'>auf</span> <span class='ocrx_word' id='word_1_601' title='bbox 428 5684 514 5732; x_wconf 71' lang='lat' dir='ltr'>Reme</span> <span class='ocrx_word' id='word_1_602' title='bbox 583 5681 612 5748; x_wconf 94' lang='lat' dir='ltr'>b)</span> <span class='ocrx_word' id='word_1_603' title='bbox 630 5680 754 5732; x_wconf 61' lang='grc' dir='ltr'>Μινώα</span> <span class='ocrx_word' id='word_1_604' title='bbox 769 5682 822 5746; x_wconf 74' lang='lat' dir='ltr'>ares</span> <span class='ocrx_word' id='word_1_605' title='bbox 836 5683 920 5730; x_wconf 79' lang='lat' dir='ltr'>Rorur</span> <span class='ocrx_word' id='word_1_606' title='bbox 1009 5681 1034 5744; x_wconf 92' lang='lat' dir='ltr'>c)</span> <span class='ocrx_word' id='word_1_607' title='bbox 1052 5679 1077 5729; x_wconf 86' lang='lat' dir='ltr'>V</span> <span class='ocrx_word' id='word_1_608' title='bbox 1095 5677 1218 5730; x_wconf 73' lang='lat' dir='ltr'>rheilweise</span> <span class='ocrx_word' id='word_1_609' title='bbox 1234 5679 1287 5746; x_wconf 80' lang='lat' dir='ltr'>auf</span> <span class='ocrx_word' id='word_1_610' title='bbox 1299 5681 1386 5730; x_wconf 79' lang='lat' dir='ltr'>Reme</span> <span class='ocrx_word' id='word_1_611' title='bbox 1472 5678 1501 5747; x_wconf 90' lang='lat' dir='ltr'>d)</span> <span class='ocrx_word' id='word_1_612' title='bbox 1519 5681 1573 5745; x_wconf 80' lang='lat' dir='ltr'>ares</span> <span class='ocrx_word' id='word_1_613' title='bbox 1584 5682 1675 5730; x_wconf 72' lang='lat' dir='ltr'>Rome.</span> <span class='ocrx_word' id='word_1_614' title='bbox 1694 5717 1747 5727; x_wconf 67' lang='lat'>..-</span> 
     </span>
     <span class='ocr_line' id='line_1_56' title="bbox 67 5749 1579 5822; baseline -0.001 -18"><span class='ocrx_word' id='word_1_615' title='bbox 67 5757 92 5822; x_wconf 87' lang='lat' dir='ltr'>r)</span> <span class='ocrx_word' id='word_1_616' title='bbox 115 5753 185 5804; x_wconf 69' lang='lat' dir='ltr'>Ostia</span> <span class='ocrx_word' id='word_1_617' title='bbox 204 5752 292 5803; x_wconf 82' lang='lat' dir='ltr'>Aterni</span> <span class='ocrx_word' id='word_1_618' title='bbox 300 5755 361 5818; x_wconf 72' lang='lat' dir='ltr'>jetti</span> <span class='ocrx_word' id='word_1_619' title='bbox 379 5754 492 5804; x_wconf 84' lang='lat' dir='ltr'>Pescara.</span> <span class='ocrx_word' id='word_1_620' title='bbox 515 5755 593 5820; x_wconf 84' lang='lat' dir='ltr'>Vergl.</span> <span class='ocrx_word' id='word_1_621' title='bbox 612 5753 651 5803; x_wconf 81' lang='lat' dir='ltr'>La</span> <span class='ocrx_word' id='word_1_622' title='bbox 670 5749 819 5814; x_wconf 72' lang='lat' dir='ltr'>Marniric&#39;re,</span> <span class='ocrx_word' id='word_1_623' title='bbox 842 5751 1015 5818; x_wconf 77' lang='lat' dir='ltr'>Geographisch</span> <span class='ocrx_word' id='word_1_624' title='bbox 1034 5752 1090 5802; x_wconf 72' lang='lat' dir='ltr'>md</span> <span class='ocrx_word' id='word_1_625' title='bbox 1108 5751 1233 5802; x_wconf 80' lang='lat' dir='ltr'>Critisclres</span> <span class='ocrx_word' id='word_1_626' title='bbox 1250 5752 1355 5802; x_wconf 77' lang='lat' dir='ltr'>Lexicon</span> <span class='ocrx_word' id='word_1_627' title='bbox 1378 5749 1449 5799; x_wconf 90' lang='lat' dir='ltr'><em>VIII</em></span> <span class='ocrx_word' id='word_1_628' title='bbox 1455 5759 1483 5816; x_wconf 81' lang='lat' dir='ltr'>p.</span> <span class='ocrx_word' id='word_1_629' title='bbox 1503 5753 1579 5802; x_wconf 72' lang='lat'>1228.</span> 
     </span>
    </p>
   </div>
   <div class='ocr_carea' id='block_1_9' title="bbox 120 5845 1539 5902">
    <p class='ocr_par' dir='ltr' id='par_1_21' title="bbox 120 5845 1539 5902">
     <span class='ocr_line' id='line_1_57' title="bbox 120 5845 1539 5902; baseline -0.004 -8"><span class='ocrx_word' id='word_1_630' title='bbox 120 5865 142 5894; x_wconf 79' lang='lat' dir='ltr'>v.</span> <span class='ocrx_word' id='word_1_631' title='bbox 156 5851 447 5902; x_wconf 53' lang='lat' dir='ltr'>Pilosa-linitura,</span> <span class='ocrx_word' id='word_1_632' title='bbox 461 5851 531 5902; x_wconf 70' lang='lat' dir='ltr'>nera,</span> <span class='ocrx_word' id='word_1_633' title='bbox 547 5851 589 5892; x_wconf 83' lang='grc' dir='ltr'><strong>ΙΙΙ.</strong></span> <span class='ocrx_word' id='word_1_634' title='bbox 1503 5845 1539 5896; x_wconf 83' lang='grc'>44</span> 
     </span>
    </p>
   </div>
   <div class='ocr_carea' id='block_1_10' title="bbox 0 0 2074 6356">
    <p class='ocr_par' dir='ltr' id='par_1_22' title="bbox 0 0 2074 6356">
     <span class='ocr_line' id='line_1_58' title="bbox 0 0 2074 6356; baseline 0 0"><span class='ocrx_word' id='word_1_635' title='bbox 0 0 2074 6356; x_wconf 95' lang='lat' dir='ltr'> </span> 
     </span>
    </p>
   </div>
  </div>
 </body>
</html>
