4090 6358
1757 397 1772 466 5

96 568 245 652 aliquam
268 572 528 634 dominationem
551 569 708 634 exhibere
729 566 756 654 ⁸)
779 571 811 632 in
843 591 898 646 ea,
929 573 997 635 sive
1028 571 1116 635 illam
1148 572 1348 648 interdicere,
1381 591 1488 654 neque
1518 592 1616 655 super
1639 571 1776 635 clericos
1856 603 1860 610 ·

97 658 183 722 illius
205 663 272 724 vim
296 661 439 743 aliquam
462 661 591 724 inferre.
640 658 741 741 Quod
772 680 831 722 nos
855 661 963 724 divina
992 661 1061 723 fulti
1086 661 1205 725 fiducia
1227 662 1271 724 ita
1295 660 1539 737 confirmamus
1570 670 1606 725 ut
1629 661 1776 744 praefata

98 748 239 813 ecclesia
261 751 306 813 ita
327 753 370 814 sit
393 769 525 832 semper
547 750 590 813 ab
623 752 768 812 omnium
791 748 958 814 hominum
989 751 1212 814 dominatione
1235 749 1346 827 libera,
1378 760 1414 814 ut
1437 759 1567 833 praeter
1590 751 1776 814 Romanum

98 839 293 922 pontificem
316 839 438 902 nullum
462 840 560 902 alium
583 837 705 902 habeat
728 839 920 921 praesulem.
966 837 1146 904 Statuimus
1170 849 1281 904 autem
1300 840 1339 923 b),
1363 849 1398 902 ut
1422 861 1483 923 pro
1507 860 1620 903 amore
1643 847 1777 907 sanctae

98 929 271 992 Romanae
294 927 452 993 ecclesiae
475 948 587 991 comes
603 927 860 1010 Andegavorum
883 929 1040 992 adversus
1056 950 1171 993 omnes
1194 928 1341 992 homines
1364 929 1406 991 sit
1428 931 1558 993 adiutor
1574 937 1607 992 et
1622 929 1777 994 defensor

99 1017 166 1081 loci
186 1022 218 1096 ιτ)
241 1017 338 1092 illius,
372 1025 407 1080 ut
429 1020 513 1080 sicut
536 1027 568 1081 te
592 1038 654 1100 pro
684 1019 929 1080 constructione
948 1017 977 1098 d)
1009 1019 1147 1082 salutem
1179 1026 1430 1082 consecuturum
1461 1021 1641 1094 credimus,
1671 1019 1715 1081 sic
1744 1025 1778 1082 et

100 1109 165 1190 ipsi
186 1127 248 1190 pro
271 1108 463 1170 defensione
487 1116 700 1190 peccatorum
723 1127 855 1180 suorum
877 1111 907 1189 e)
931 1108 1058 1171 veniam
1081 1117 1115 1170 et
1138 1110 1238 1171 vitam
1262 1116 1446 1171 mereantur
1477 1116 1654 1172 aeternam
1702 1107 1776 1170 Hoc

98 1205 212 1260 autem
227 1197 350 1260 factum
367 1204 418 1260 est
432 1217 566 1261 assensu
584 1205 616 1260 et
632 1195 798 1259 voluntate
815 1195 982 1272 Harduini,
1006 1206 1082 1261 tunc
1098 1197 1256 1280 temporis
1272 1198 1472 1260 Turonensis
1492 1197 1732 1280 archiepiscopi
1744 1197 1776 1278 ¹),

100 1287 133 1348 in
153 1286 315 1369 presentia
330 1285 518 1361 Alberonis,
534 1284 730 1349 Rhemensis
746 1284 984 1369 archiepiscopi
1005 1287 1033 1366 f)
1045 1287 1080 1366 ²).
1118 1284 1153 1350 Si
1171 1287 1241 1366 quis
1257 1294 1368 1350 autem
1384 1286 1520 1350 violator
1536 1286 1629 1350 huius
1645 1296 1777 1351 nostrae

99 1377 343 1439 constitutionis
367 1375 518 1450 extiterit,
542 1377 602 1438 nisi
626 1376 796 1458 resipuerit
819 1383 852 1439 et
877 1375 1044 1438 Romanae
1068 1375 1225 1439 ecclesiae
1247 1376 1450 1450 satisfecerit,
1474 1377 1561 1450 sciat,
1585 1397 1621 1438 se
1644 1384 1777 1458 aposto·

98 1464 163 1528 lica
197 1467 392 1528 auctoritate
427 1473 590 1547 perpetuo
625 1467 832 1528 anathemate
867 1485 1058 1547 percussum
1092 1465 1294 1548 diaboloque
1325 1484 1399 1528 cum
1422 1466 1529 1548 impiis
1549 1469 1578 1542 Β)
1611 1467 1776 1529 traditum.

100 1551 168 1634 Qui
192 1562 302 1618 autern
320 1553 350 1639 h)
379 1563 592 1617 conservator
619 1556 688 1616 eius
711 1564 744 1618 et
775 1555 931 1618 obediens
960 1555 1161 1637 apostolicae
1192 1557 1376 1618 auctoritati
1409 1553 1515 1627 fuerit,
1548 1555 1777 1618 benedictione

99 1641 260 1725 et'gratia
283 1645 338 1707 dei
358 1642 388 1726 e)
412 1645 649 1725 omnipotentis
673 1644 864 1725 perfruatur,
887 1651 920 1706 et
943 1665 1018 1706 curn
1042 1644 1171 1708 Christo
1196 1645 1339 1726 gaudeat
1361 1645 1392 1706 in
1416 1652 1592 1707 aeternum.
1640 1643 1725 1707 Sane
1745 1641 1776 1728 i)

98 1732 143 1794 ad
167 1733 324 1796 indicium
355 1741 532 1814 perceptae
561 1730 656 1795 huius
686 1733 879 1796 aRomana
917 1732 1052 1796 ecclesia
1088 1732 1245 1797 libertatis
1278 1733 1445 1816 praefatae
1479 1732 1639 1796 ecclesiae
1669 1732 1776 1796 clerici

100 1823 247 1902 quinque
270 1822 395 1885 solidos
420 1821 657 1884 Pictavensium
679 1822 811 1904 singulis
827 1822 918 1885 annis
942 1822 1131 1904 persolvant
1155 1824 1253 1886 beato
1269 1821 1497 1905 apostolorum
1520 1823 1668 1906 principi,
1692 1823 1778 1885 unde

100 1910 215 1974 oleum
238 1921 373 1986 emetur,
398 1911 489 1993 quod
514 1919 588 1973 ante
612 1914 680 1974 eius
703 1914 957 1974 sacratissimum
981 1933 1100 1995 corpus
1124 1911 1342 1974 comburetur.

263 2003 351 2064 Data
369 1997 398 2083 1ί)
421 2001 599 2063 Lateranis
645 2015 671 2064 11
698 2003 774 2064 Idus
805 2000 957 2083 Augusti.
1002 2002 1102 2064 Anno
1134 2001 1176 2064 ab
1207 2001 1427 2064 incarnatione
1458 2001 1582 2063 domini
1608 1999 1777 2063 millesimo

101 2090 278 2154 undecimo
296 2089 338 2156 ll.
383 2089 594 2153 Pontificatus
618 2111 696 2153 vero
719 2091 843 2154 domini
866 2091 992 2154 loannis
1015 2091 1169 2154 secundo.

262 2205 387 2269 Abscirifl
403 2205 446 2254 der
467 2204 525 2254 CoII.
545 2203 636 2254 Beluae
647 2205 681 2254 3⁸
690 2206 741 2269 fel.
762 2205 819 2264 seb,
838 2205 894 2254 und
908 2205 948 2255 des
965 2205 1001 2253 D.
1020 2205 1146 2254 Housseau
1158 2205 1176 2253 I
1183 2204 1230 2253 Nr.
1246 2206 1303 2265 187,
1322 2204 1348 2252 irs
1365 2204 1409 2253 der
1426 2204 1488 2253 Bibl.
1507 2203 1636 2252 Nationale
1653 2219 1682 2252 su
1697 2203 1776 2252 Puris.

264 2277 298 2325 D.
317 2276 442 2325 Housseau
460 2291 489 2324 m
506 2273 548 2326 rete
566 2277 595 2324 de
612 2283 667 2325 cette
679 2274 744 2340 price
760 2284 808 2325 met
825 2276 853 2324 de
870 2279 921 2325 965
941 2273 956 2326 ei
976 2279 1035 2330 972.
1061 2277 1115 2326 c'est
1132 2277 1183 2325 dire
1201 2275 1265 2341 pu'il
1281 2273 1435 2324 Iattsr'buesi
1457 2276 1524 2340 Jean
1541 2275 1613 2324 XIII
1632 2282 1655 2324 ee
1671 2291 1720 2324 non
1733 2282 1780 2339 pas

100 2361 190 2396 comme
210 2345 326 2397 Baluseri
343 2348 409 2412 Jean
421 2347 491 2400 XIX.
528 2347 567 2396 La
584 2347 688 2398 mention
700 2349 728 2397 de
741 2351 766 2396 la
779 2345 891 2412 presence
902 2349 931 2396 de
941 2345 1079 2397 Adalbe'ron
1096 2349 1207 2416 confirme
1223 2348 1337 2412 Iopinion
1355 2347 1383 2396 de
1400 2348 1461 2396 dom.
1474 2345 1608 2396 Housseeru.
1645 2346 1780 2396 D'ailleurs

99 2421 126 2466 Ia
149 2418 232 2467 Gallia
255 2419 392 2468 Chn'str'ana
411 2419 478 2468 XIX
491 2419 528 2466 dii
549 2417 564 2467 ὰ
584 2427 670 2482 propos
687 2419 716 2468 de
734 2420 864 2469 Hardouin
882 2420 941 2479 „illo
958 2422 1070 2483 praesule
1087 2421 1238 2479 reaedificata
1255 2427 1289 2469 est
1304 2419 1399 2468 ecclesia
1417 2419 1563 2468 Lucacensr's
1580 2419 1655 2466 castri
1672 2453 1678 2467 .
1698 2454 1704 2465 .
1726 2453 1732 2464 .
1753 2425 1779 2466 .“

100 2497 122 2540 ee
134 2492 207 2553 place
224 2505 255 2539 en
273 2493 323 2539 965
342 2493 368 2539 Ia
386 2489 548 2540 coesse'cratr'on
566 2491 595 2538 de
612 2498 667 2540 celte
685 2487 761 2557 e'glr'se.
783 2520 815 2528 -
835 2491 870 2540 Le
887 2493 940 2540 tetre
963 2506 1009 2556 que
1033 2507 1094 2539 nous
1119 2489 1261 2540 donnum&
1282 2497 1336 2540 cette
1352 2491 1422 2549 brrIIe,
1441 2505 1502 2539 nous
1518 2489 1615 2538 I'avons
1638 2487 1702 2554 copie'
1719 2489 1781 2539 dans

100 2561 199 2611 Beluae.
238 2563 273 2612 D.
293 2561 417 2611 Housseau
439 2563 490 2611 dit:
511 2559 627 2627 Privilige
650 2561 730 2612 denne'
745 2560 761 2612 ὰ
778 2561 868 2628 Ie'inse
892 2559 1010 2628 colle'giale
1028 2563 1056 2610 de
1073 2562 1161 2612 laches
1180 2571 1232 2626 par
1247 2565 1269 2612 le
1282 2569 1345 2626 pape
1374 2563 1448 2627 Jean.
1472 2589 1501 2598 -
1526 2557 1605 2627 Jnffe',
1630 2563 1689 2626 Il'eg.
1709 2563 1778 2610 4069

99 2634 131 2682 ist
148 2634 187 2682 die
208 2633 325 2684 Ursum
346 2635 449 2699 Jokann
461 2633 529 2682 XIX
542 2634 717 2700 sugesclm'eben
734 2636 786 2700 auf
803 2635 895 2685 Grund
910 2636 953 2683 der
973 2634 1125 2698 JaIeressaIrl,
1153 2634 1212 2682 doele
1230 2635 1275 2682 wie
1291 2635 1370 2700 wenig
1386 2636 1439 2700 auf
1458 2633 1552 2682 dieselbe
1575 2649 1604 2680 su
1619 2633 1700 2697 geben,
1724 2633 1782 2698 seigt

100 2705 139 2754 die
163 2705 226 2754 dasu
248 2705 359 2772 gelinge
376 2705 550 2770 Anmerkung;
574 2705 623 2754 wir
648 2709 744 2756 miissen
766 2723 815 2756 sens
832 2724 865 2756 an
890 2707 936 2756 den
955 2706 1052 2754 Numen
1074 2706 1114 2754 des
1131 2706 1275 2754 Adressaten
1300 2706 1387 2756 hulten.
1424 2706 1471 2755 Die
1495 2703 1635 2771 Iitlschung
1655 2704 1713 2772 geht
1735 2721 1782 2754 ares

100 2778 174 2826 ollem
192 2792 219 2826 so
236 2775 341 2826 deeeIIr'cIs
358 2777 451 2837 berver,
472 2777 529 2826 dass
544 2776 577 2826 sie
594 2777 661 2826 nicht
676 2785 725 2828 erst
740 2779 829 2828 einseln
847 2777 979 2844 dargcrtan
997 2793 1027 2826 su
1044 2779 1140 2826 werden
1158 2777 1267 2828 desiuit.

874 3089 941 3164 ΝΥ.
975 3092 1008 3164 6.
1050 3167 1051 3172 ,

306 3237 326 3324 †
343 3238 496 3303 Benedict
519 3238 610 3304 VIII
620 3237 769 3324 bestie'trgt
782 3240 843 3305 der
858 3239 981 3305 KircIee
995 3261 1055 3304 von
1072 3239 1184 3324 Noyon
1201 3239 1272 3304 e'Iere
1289 3239 1527 3304 Bese'tztluimer
1543 3239 1577 3322 ³).

805 3377 890 3438 1017
904 3374 1004 3438 Matre
1018 3376 1073 3437 23.

264 3507 461 3572 Benedictus
484 3509 670 3590 episcopus,
693 3529 804 3573 servus
827 3529 995 3572 servorum
1011 3510 1074 3584 dei,
1098 3511 1187 3572 omni
1205 3509 1341 3572 ecclesie
1357 3509 1532 3575 Gallicane.
1569 3508 1779 3571 Potissimum

1 3679 2 3690 ἵ
100 3597 212 3660 divine
242 3597 462 3661 retributionis
493 3599 653 3679 premium
685 3599 727 3662 ab
759 3601 832 3682 ipso
863 3598 951 3662 fideli
982 3606 1225 3661 remuneratore
1248 3599 1383 3682 adipisci
1412 3598 1615 3672 confidimus,
1650 3599 1677 3659 si
1700 3617 1780 3678 apo·

101 3687 220 3750 stolica
255 3694 437 3769 potestate,
470 3686 566 3748 nobis
596 3688 751 3750 divinitus
786 3690 851 3751 deo
872 3689 1069 3770 propitiante
1102 3687 1238 3761 collata,
1271 3689 1479 3752 ecclesiarum
1514 3686 1707 3750 utilitatibus
1735 3687 1780 3747 in·

100 3777 244 3839 sistimus
267 3795 444 3857 earumque
467 3777 713 3840 necessitatibus
737 3787 770 3841 et
792 3779 930 3860 angariis
949 3779 1121 3861 sepissime
1144 3779 1191 3840 eis
1215 3778 1350 3853 iniectis,
1375 3787 1411 3841 ut
1433 3779 1538 3852 decet,
1562 3777 1781 3840 subvenimus.

101 3861 273 3928 Universis
305 3868 403 3948 igitur
431 3874 543 3928 sancte
572 3868 682 3929 matris
716 3866 854 3931 ecclesie
877 3867 959 3942 filiis,
990 3867 1198 3948 presentibus
1220 3876 1320 3948 atque
1344 3868 1467 3942 futuris,
1492 3874 1606 3929 notum
1630 3863 1781 3928 volumus

102 3953 183 4029 fieri,
207 3953 420 4030 Harduinum,
444 3956 663 4018 venerabilem
688 3953 927 4020 Noviomorum
952 3977 990 4020 ac
1013 3956 1272 4019 Tornacensium
1296 3956 1457 4040 presulem
1475 3957 1514 4040 ⁴),
1536 3963 1612 4018 ante
1636 3962 1781 4016 nostram

103 4045 303 4126 presentiam
336 4046 463 4108 venisse
485 4045 715 4127 continuisque
747 4046 899 4128 precibus
923 4065 1087 4119 exorasse,
1118 4048 1279 4127 quatinus
1314 4046 1404 4128 quod
1428 4048 1494 4108 suis
1518 4043 1681 4107 canonicis
1705 4062 1781 4104 con·

102 4133 172 4196 cilii
197 4132 329 4196 consilio
352 4155 391 4198 ac
414 4133 503 4216 regio
527 4143 686 4217 precepto
710 4143 931 4211 concesserat,
956 4135 1137 4217 apostolica
1160 4137 1354 4198 auctoritate
1379 4135 1653 4206 confirmaremus,
1678 4131 1781 4194 eccle·

102 4225 187 4286 siam
218 4222 369 4287 videlicet
400 4225 442 4287 de
466 4221 649 4287 Hombleus
681 4246 756 4287 cum
787 4245 847 4287 sex
870 4227 991 4288 mansis
1015 4225 1057 4287 de
1087 4233 1173 4287 terra
1195 4227 1227 4287 in
1257 4226 1372 4287 eadem
1396 4225 1481 4300 villa,
1504 4243 1569 4304 que
1592 4222 1634 4285 ab
1660 4219 1779 4284 Odone

103 4311 227 4374 comite
257 4313 310 4376 diu
334 4313 438 4376 fuerat
469 4333 635 4396 possessa,
667 4315 794 4376 noviter
817 4335 894 4377 vero
918 4316 1023 4378 eidem
1048 4315 1218 4397 episcopo,
1243 4323 1278 4376 ut
1301 4314 1379 4377 olim
1403 4314 1472 4388 fuit,
1496 4313 1633 4375 reddita.
1682 4309 1781 4372 Cuius

103 4402 266 4482 petitioni,
292 4405 445 4483 quoniam
471 4402 570 4484 digna
592 4405 661 4465 visa
677 4412 726 4466 est
743 4412 776 4466 et
791 4402 970 4467 secundum
995 4403 1145 4466 Toletani
1170 4402 1298 4466 concilii
1320 4403 1410 4467 tercii
1434 4400 1612 4484 capitulum
1629 4407 1780 4480 quartum

103 4511 267 4553 canonum
290 4493 471 4555 auctoritati
502 4491 587 4554 nullo
619 4494 720 4556 modo
754 4495 921 4569 contraria,
952 4495 994 4556 ad
1018 4493 1169 4556 effectum
1193 4493 1410 4575 perducentes
1433 4490 1615 4573 apostolica
1645 4509 1781 4552 censura

103 4578 344 4654 confirmamus,
369 4590 403 4644 ut
425 4581 587 4664 prefatam
611 4582 779 4645 ecclesiam
797 4592 830 4645 et
853 4592 971 4646 terram
997 4583 1202 4664 designatam
1227 4584 1373 4645 canonici
1397 4590 1511 4644 sancte
1528 4581 1631 4643 Marie
1654 4580 1782 4658 absque

103 4669 171 4732 ulla
205 4672 461 4734 contradictione
496 4671 730 4753 perpetualiter
761 4680 901 4736 teneant.
947 4675 1154 4754 Deprecatus
1187 4680 1237 4734 est
1269 4673 1366 4734 etiam
1397 4671 1568 4733 iamdictus
1604 4671 1781 4751 episcopus

103 4766 252 4822 nostram
287 4758 507 4836 clementiam,
551 4769 586 4822 ut
617 4761 895 4844 quemadmodum
928 4762 1016 4825 bona
1058 4763 1329 4844 predecessorum
1361 4779 1493 4822 suorum
1525 4757 1730 4841 temporibus
1762 4779 1782 4820 a

103 4847 264 4929 religiosis
287 4849 361 4911 viris
385 4869 443 4912 sue
466 4849 603 4913 ecclesie
627 4871 804 4925 concessa,
828 4852 870 4914 ab
894 4849 987 4913 huius
1010 4858 1121 4914 sancte
1144 4851 1293 4913 Romane
1321 4849 1459 4913 ecclesie
1490 4847 1699 4930 pontificibus
1723 4866 1783 4929 per

103 4938 268 5019 privilegii
304 4940 517 5002 assertionem
549 4941 699 5022 insignita
734 4948 833 5015 erant,
866 4940 910 5002 ita
943 4961 990 5014 ea,
1025 4959 1088 5020 que
1119 4961 1162 5002 ex
1193 4942 1326 5023 propria
1356 4938 1537 5001 hereditate
1568 4938 1640 5020 ipse
1668 4945 1702 4998 et
1724 4956 1782 4998 sua

104 5034 213 5089 mater
235 5025 441 5090 Hadeuvidis
472 5037 505 5091 et
527 5048 586 5091 sua
615 5049 710 5093 soror
743 5025 863 5092 Oidela
896 5031 1060 5092 canonicis
1092 5037 1205 5093 sancte
1229 5030 1333 5092 Marie
1365 5029 1527 5092 dederant
1557 5036 1597 5102 et,
1629 5045 1694 5107 que
1716 5027 1782 5088 suis

103 5116 311 5197 temporibus
335 5135 354 5178 a
378 5119 477 5180 deum
500 5119 690 5182 timentibus
712 5117 827 5200 largita
859 5119 993 5194 fuerant,
1025 5128 1135 5184 nostra
1159 5120 1365 5202 dignaremur
1397 5117 1590 5180 confirmare
1612 5116 1781 5178 sententia.

267 5313 293 5372 al
311 5326 428 5361 exercere
447 5311 480 5360 H.
565 5312 592 5374 b)
611 5320 694 5362 tamen
713 5313 747 5362 H.
833 5317 858 5376 c)
879 5331 930 5363 mer
946 5315 980 5363 H.
1066 5315 1093 5378 d)
1113 5315 1304 5364 conservatione
1324 5313 1356 5362 H.
1439 5313 1463 5377 e)
1481 5327 1532 5360 mer
1548 5312 1582 5361 H.
1657 5311 1739 5368 finon
1758 5311 1782 5360 in

101 5399 139 5432 uu
159 5397 209 5431 nur
225 5382 252 5431 in
270 5382 304 5431 H.
400 5387 428 5447 g)
448 5383 605 5450 diabolisqne
631 5385 712 5450 impiis
732 5387 823 5436 BaIuee
918 5387 946 5450 h)
964 5401 1025 5435 vero
1044 5385 1078 5435 H.
1174 5387 1192 5448 i)
1211 5393 1274 5435 toute
1300 5393 1355 5434 cette
1374 5385 1464 5448 phrase
1488 5384 1571 5446 defuis
1595 5383 1661 5432 Sane
1678 5380 1783 5448 jusqu'ri

102 5457 200 5506 Durum
217 5471 322 5520 maeque
339 5455 402 5504 dans
419 5455 453 5503 H.
545 5457 571 5522 lr)
591 5457 682 5506 Datum
701 5456 733 5505 H
842 5459 861 5521 l)
880 5460 915 5508 Le
933 5458 1016 5522 copiste
1035 5457 1063 5506 de
1081 5457 1170 5506 BaIuse
1186 5459 1254 5508 avait
1271 5457 1374 5506 dabord
1393 5453 1453 5506 e'm't
1471 5455 1546 5514 MXI,
1565 5456 1623 5518 puis
1640 5454 1692 5503 ila
1710 5453 1785 5520 efface'

101 5543 141 5576 res
160 5525 257 5594 chrJres
274 5527 381 5576 romains
393 5535 459 5591 pour
481 5535 563 5577 nuttre
579 5530 605 5576 la
623 5529 676 5578 date
693 5544 723 5577 en
740 5535 814 5578 toules
831 5533 916 5590 lettres,
942 5531 1004 5578 mais
1025 5544 1073 5578 eme
1090 5536 1141 5577 note
1167 5531 1302 5596 inargr'nule
1318 5529 1347 5578 de
1364 5530 1390 5576 la
1409 5526 1481 5577 eerime
1499 5523 1600 5576 e'eritesre
1617 5541 1661 5591 que
1678 5528 1704 5575 la
1722 5527 1784 5592 copie

1 5593 2 5610 ³
100 5595 190 5647 ensie're
207 5599 255 5646 die:
276 5599 339 5648 forte
359 5597 424 5648 unde
445 5627 477 5636 -
497 5598 639 5648 millesimo.
675 5601 749 5649 Dans
766 5603 792 5649 la
815 5603 934 5651 collection
952 5602 980 5650 de
1002 5601 1123 5650 Touraine
1140 5603 1165 5649 Ia
1183 5602 1237 5650 date
1254 5602 1290 5666 s’y
1307 5597 1384 5650 arriIe
1406 5595 1475 5664 apris
1497 5598 1681 5658 Incamatione,
1709 5605 1731 5646 et
1754 5613 1784 5647 ne

100 5670 210 5733 reprmd
225 5667 473 5734 qu'eiPontificatns.
492 5671 750 5736 m.1)Hnruiein‚
777 5673 922 5738 Erebischof
933 5690 980 5723 von
1002 5672 1088 5730 Teurs,
1114 5674 1263 5723 959-980.
1372 5677 1398 5738 2)
1417 5671 1535 5720 Adalbero
1552 5670 1698 5729 et'Ardenne,
1722 5671 1784 5718 Ere·

99 5741 200 5805 hstias
211 5757 260 5790 von
278 5742 366 5802 Reims,
386 5743 536 5792 ssu-988.
627 5743 654 5806 3)
675 5744 722 5792 Die
740 5745 865 5810 Absclmst
881 5746 956 5795 dieser
975 5743 1093 5794 Urkunde
1111 5744 1232 5794 verdanke
1255 5744 1293 5795 icIs
1311 5745 1396 5795 Herm
1413 5743 1535 5795 Arcuear
1553 5741 1585 5794 E.
1608 5741 1784 5814 Caesarei-Lm

99 5829 132 5862 sse
152 5813 281 5862 Beauvais.
355 5819 383 5880 4)
402 5813 521 5864 Harduin
537 5829 584 5863 uon
607 5815 675 5881 Croy,
696 5815 798 5882 BiscIsos
810 5833 858 5866 von
876 5817 968 5884 Noyon,
987 5832 1007 5865 r.
1030 5817 1213 5868 roro-1030.
