4126 6356
1697 321 1758 384 103

73 494 110 550 et
133 487 225 550 beati
248 483 386 549 Eusebii
409 485 547 549 ecclesie
570 485 765 550 exhibendis
788 487 873 548 inter
894 505 953 548 vos
979 492 1012 548 et
1036 489 1212 550 canonicos
1234 489 1336 570 ipsius
1360 488 1500 553 ecclesie
1522 499 1706 557 statuerunt
1728 501 1762 557 et

71 575 200 657 scripto
224 573 435 637 firmaverunt
453 574 490 652 ¹),
521 575 643 638 favoris
674 575 778 638 nostri
803 575 981 638 munimine
1004 574 1234 639 confirmantes
1266 577 1482 654 decernimus,
1514 589 1550 643 ut
1578 582 1760 646 secundum

75 665 246 745 antiquam
269 664 540 727 consuetudinem
562 684 623 728 vos
647 673 680 727 et
702 682 909 727 successores
931 664 1029 726 vestri
1059 665 1092 727 in
1123 665 1270 746 predicta
1300 665 1437 730 ecclesia
1463 669 1616 733 ordinarii
1633 669 1658 754 ²)
1690 673 1761 734 sitis

75 762 110 817 et
133 751 355 817 ecclesiastica
377 755 517 833 negocia
548 773 622 816 cum
655 752 713 816 illis
738 751 868 815 insimul
897 753 1110 834 pertractetis.
1157 750 1343 819 Sanctimus
1374 758 1482 832 etiam,
1514 765 1550 820 ut
1580 758 1611 821 in
1642 761 1760 823 eadem

75 842 177 906 beate
200 840 304 904 Marie
327 838 467 904 ecclesia
490 841 616 923 absque
640 843 791 925 episcopi
815 849 848 904 et
871 843 1036 906 communi
1068 849 1124 906 aut
1155 845 1292 906 sanioris
1323 845 1423 927 partis
1452 845 1588 910 fratrum
1612 849 1760 913 eiusdem

73 931 216 995 ecclesie
244 948 408 993 consensu
439 930 545 994 nullus
576 941 718 1014 ponatur
740 934 810 994 sive
832 932 1008 993 canonicus
1031 938 1202 994 statuatur.
1248 933 1464 997 Decemimus
1494 954 1584 1018 ergo,
1617 944 1653 999 ut
1684 937 1761 1001 nulli

75 1022 214 1084 omnino
237 1016 407 1082 hominum
437 1017 543 1095 liceat,
574 1020 734 1102 prefatam
767 1018 938 1083 ecclesiam
970 1027 1095 1084 temere
1125 1019 1317 1102 perturbare
1346 1032 1403 1084 aut
1435 1023 1502 1086 eius
1532 1028 1761 1107 possessiones

75 1109 207 1174 auferre
229 1106 282 1171 vel
304 1106 430 1171 ablatas
444 1109 591 1185 retinere,
616 1109 761 1172 minuere
777 1116 834 1172 aut
848 1107 1012 1188 aliquibus
1028 1108 1258 1172 vexationibus
1275 1110 1420 1192 fatigare,
1435 1113 1495 1174 sed
1512 1115 1620 1177 omnia
1636 1117 1761 1198 integra

75 1207 312 1262 conserventur
327 1216 450 1273 eorum,
467 1219 529 1280 pro
545 1217 686 1279 qnorum
703 1198 943 1280 gubernatione
959 1198 1019 1276 (et)
1034 1198 1270 1261 sustentatione
1286 1218 1442 1262 concessa
1457 1209 1539 1278 sunt,
1563 1203 1675 1266 usibus
1691 1224 1759 1268 om·

76 1287 221 1350 nimodis
244 1285 427 1368 profutura,
450 1286 540 1350 salva
562 1289 712 1370 episcopi
736 1287 833 1349 vestri
857 1288 1014 1349 canonica
1036 1288 1228 1350 reverentia.
1272 1288 1328 1350 Ad
1353 1289 1510 1352 indicium
1532 1300 1641 1355 autem
1665 1292 1760 1356 huius

72 1397 95 1440 a
117 1377 202 1440 sede
224 1373 408 1458 apostolica
432 1383 589 1459 percepte
612 1378 830 1458 protectionis
853 1375 1029 1438 bizantium
1049 1395 1183 1438 aureum
1198 1375 1292 1439 nobis
1312 1377 1495 1458 nostrisque
1516 1380 1760 1444 successoribus

75 1467 171 1528 annis
193 1463 328 1546 singulis
356 1465 559 1546 persolvetis.
606 1466 642 1530 Si
672 1484 738 1545 qua
767 1467 864 1547 igitur
892 1466 924 1527 in
957 1463 1101 1527 futurum
1133 1463 1355 1529 ecclesiastica
1385 1465 1580 1532 secularisve
1608 1489 1758 1552 persona,

74 1553 163 1618 banc
187 1562 299 1618 nostre
322 1554 564 1617 constitutionis
580 1553 733 1637 paginam
750 1556 865 1629 sciens,
888 1561 1003 1616 contra
1019 1573 1091 1616 eam
1106 1562 1232 1617 temere
1246 1557 1358 1617 venire
1373 1559 1593 1638 temptaverit,
1613 1558 1759 1623 secundo

74 1645 220 1707 tertiove
243 1642 454 1718 commonita,
478 1643 505 1705 si
528 1664 594 1706 non
616 1642 840 1706 satisfactione
862 1662 1006 1723 congrua
1029 1644 1263 1719 emendaverit,
1286 1647 1459 1725 potestatis
1488 1643 1688 1727 honorisque
1711 1650 1759 1712 sui

73 1733 240 1815 dignitate
269 1739 379 1793 careat
409 1751 565 1814 reamque
593 1752 629 1795 se
652 1733 764 1795 divino
787 1733 909 1795 iudicio
934 1733 1076 1794 existere
1099 1732 1141 1794 de
1171 1740 1360 1814 perpetrata
1391 1733 1560 1815 iniquitate
1583 1745 1762 1818 cognoscat

73 1831 110 1886 et
133 1843 154 1885 a
177 1821 398 1884 sacratissimo
431 1841 571 1904 corpore
601 1842 641 1884 ac
670 1821 827 1903 sanguine
858 1821 913 1883 dei
946 1828 980 1882 et
1006 1820 1137 1894 domini,
1169 1821 1388 1904 redemptoris
1410 1825 1513 1887 nostri
1536 1823 1609 1887 Iesu
1633 1824 1760 1902 Christi,

74 1909 183 1974 aliena
205 1909 271 1986 fiat,
293 1915 395 1988 atque
418 1910 451 1971 in
474 1918 624 1974 extremo
648 1911 801 1973 examine
825 1909 971 1973 districte
996 1908 1111 1973 ultioni
1133 1909 1309 1974 subiaceat
1354 1910 1485 1975 Cunctis
1509 1921 1627 1992 autem,
1653 1916 1760 1979 eidem

72 1999 152 2062 loco
176 2001 263 2062 iusta
285 1993 500 2074 servantibus,
523 2000 565 2061 sit
587 2019 655 2082 pax
677 1999 801 2062 domini
825 2000 927 2062 nostri
951 1997 1023 2061 Iesu
1048 1996 1179 2074 Christi,
1201 2007 1361 2079 quatenus
1385 2007 1417 2063 et
1441 1999 1494 2064 hic
1514 2001 1654 2066 fructum
1671 2004 1761 2067 bone

71 2088 215 2152 actionis
246 2086 429 2171 percipiant
458 2096 492 2150 et
521 2097 603 2170 aput
633 2088 818 2151 districtum
848 2089 991 2151 iudicem
1021 2089 1147 2170 premia
1171 2083 1396 2171 eterne'pacis
1419 2089 1592 2153 inveniant.
1637 2092 1758 2157 Amen.

72 2175 198 2242 Amen.
222 2178 342 2240 Amen.

294 2266 356 2340 (R)
380 2265 454 2348 Ego
478 2266 645 2347 Eugenius
669 2263 831 2328 catholice
854 2265 990 2328 ecclesie
1014 2266 1190 2348 episcopus
1212 2286 1254 2328 ss
1280 2267 1347 2346 (M)

295 2352 315 2435 †
339 2351 412 2436 Ego
437 2356 560 2417 lmarus
584 2353 837 2417 Tusculanensis
861 2354 1037 2436 episcopus
1059 2374 1100 2416 ss.

294 2440 315 2524 †
338 2441 411 2524 Ego
435 2440 591 2506 Nicolaus
614 2441 810 2506 Albanensis
834 2445 1011 2525 episcopus
1033 2462 1075 2506 ss.

292 2533 313 2614 †
337 2530 411 2612 Ego
435 2531 610 2595 Hubaldus
634 2532 797 2613 presbiter
819 2531 991 2594 cardinalis
1012 2533 1060 2594 tit.
1083 2537 1195 2594 sancte
1219 2530 1374 2594 Praxedis
1398 2551 1440 2594 ss.

293 2621 315 2705 's
338 2619 411 2702 Ego
435 2619 625 2683 Manfredus
648 2620 812 2702 presbiter
835 2620 1007 2684 cardinalis
1030 2628 1144 2683 sancte
1167 2617 1285 2683 Savine
1308 2640 1350 2684 ss,

293 2708 314 2788 's
337 2711 411 2791 Ego
435 2707 611 2773 Aribertus
633 2709 798 2791 presbiter
820 2709 993 2773 cardinalis
1015 2712 1063 2772 tit.
1086 2717 1198 2772 sancte
1221 2707 1396 2774 Anastasie
1418 2730 1461 2773 ss.

293 2798 315 2882 'r
338 2797 412 2879 Ego
434 2799 531 2862 Iulius
555 2799 718 2882 presbiter
740 2798 912 2862 cardinalis
934 2801 982 2862 tit.
1005 2800 1108 2862 sancti
1132 2797 1279 2861 Marcelli
1302 2819 1343 2860 ss.

293 2887 314 2968 †
337 2888 411 2969 Ego
436 2885 546 2951 Guido
569 2887 732 2970 presbiter
755 2887 927 2950 cardinalis
950 2891 999 2950 tit
1023 2886 1165 2950 Pastoris
1187 2907 1229 2949 ss.

292 2977 314 3061 's
336 2976 411 3058 Ego
435 2973 635 3040 Octavianus
658 2975 822 3059 presbiter
844 2976 1015 3040 cardinalis
1038 2978 1086 3039 tit.
1109 2983 1221 3039 sancte
1244 2975 1365 3041 Cecilie
1388 2995 1430 3038 ss.

293 3067 315 3145 †
337 3063 411 3148 Ego
435 3064 617 3128 Rollandus
641 3065 804 3148 presbiter
827 3065 1000 3129 cardinalis
1023 3068 1072 3128 tit.
1095 3067 1198 3128 sancti
1222 3064 1325 3127 Marci
1349 3084 1391 3127 ss.

293 3153 410 3237 †Ego
436 3152 601 3217 Gerardus
623 3154 785 3238 presbiter
816 3155 985 3217 cardinalis
1008 3157 1056 3217 tit.
1087 3156 1191 3217 sancti
1215 3151 1375 3235 Stephani
1407 3155 1439 3216 in
1463 3151 1555 3217 Celio
1579 3161 1692 3216 monte
1715 3172 1756 3214 ss.

292 3243 313 3328 †
336 3244 410 3325 Ego
433 3242 595 3306 lohannes
611 3264 738 3325 paparo
760 3244 923 3326 presbiter
945 3243 1116 3307 cardinalis
1139 3245 1186 3306 tit.
1203 3245 1306 3306 sancti
1321 3243 1487 3306 Laurentii
1506 3243 1538 3305 in
1553 3243 1699 3305 Damaso
1715 3261 1756 3304 ss.

292 3335 314 3408 †
337 3333 410 3415 Ego
435 3330 518 3396 Otto
542 3333 701 3396 diaconus
724 3333 896 3396 cerdinalis
918 3334 1022 3397 sancti
1046 3333 1180 3415 Georgii
1205 3333 1247 3395 ad
1270 3331 1391 3394 Velum
1415 3352 1548 3395 aureum
1571 3352 1612 3394 ss.

292 3421 314 3500 †
337 3419 410 3504 Ego
435 3418 614 3504 Gregorius
637 3422 793 3484 diaconus
817 3421 991 3485 cardinalis
1014 3424 1118 3485 sancti
1141 3420 1263 3502 Angeli
1286 3440 1327 3483 ss.
1731 3415 1732 3418 ’

291 3508 312 3592 †
335 3509 408 3592 Ego
432 3509 595 3574 Iohannes
619 3512 776 3573 diaconus
800 3510 970 3574 cardinalis
993 3518 1106 3574 sancte
1129 3511 1234 3573 Marie
1258 3529 1343 3572 nove
1365 3529 1406 3570 ss.

292 3596 313 3680 'r
336 3599 410 3682 Ego
435 3597 544 3663 Guido
567 3600 727 3663 diaconus
750 3600 922 3663 cardinalis
944 3608 1058 3663 sancte
1082 3599 1186 3662 Marie
1209 3599 1240 3660 in
1264 3597 1393 3661 Porticu
1416 3617 1458 3660 ss.

290 3687 312 3768 †
334 3686 408 3771 Ego
431 3687 574 3751 Iacintus
598 3688 757 3751 diaconus
781 3688 953 3751 cardinalis
976 3695 1087 3751 sancte
1110 3688 1215 3751 Marie
1238 3689 1269 3749 in
1294 3685 1490 3767 Cosmydyn
1512 3705 1553 3748 ss.

292 3773 314 3857 ’s
337 3777 410 3860 Ego
433 3777 595 3841 Iohannes
620 3779 778 3840 diaconus
802 3777 974 3841 cardinalis
997 3783 1184 3840 sanctorum
1209 3776 1311 3858 Sergii
1336 3783 1369 3837 et
1392 3774 1493 3837 Bachi
1516 3795 1558 3836 ss.

237 3862 315 3926 Dat.
330 3866 504 3943 Ferentini,
529 3887 590 3949 per
613 3886 744 3930 manum
759 3868 911 3942 Bozonis‚
934 3873 1046 3930 sancte
1069 3865 1219 3928 Romane
1242 3864 1381 3928 ecclesie
1404 3864 1580 3945 scriptoris.
1619 3877 1655 3928 vl
1670 3862 1756 3927 Non.

71 3949 165 4014 Maii.
213 3951 396 4018 indictione
426 3971 512 4020 xlm.
556 3956 790 4019 Incarnationis
829 3956 993 4018 dominice
1031 3974 1117 4019 anno
1147 3965 1238 4017 MCLI.
1292 3951 1503 4016 Pontificatus
1532 3973 1611 4017 vero
1643 3953 1757 4017 domni

71 4039 216 4123 Eugenii
241 4058 280 4104 111
303 4063 390 4126 pape
413 4065 501 4107 anno
525 4055 584 4108 vu.

238 4155 305 4205 Zwei
320 4157 413 4221 Kopim
431 4159 472 4208 der
491 4161 524 4208 15
546 4158 649 4223 Jahrb„
668 4157 701 4206 im
720 4158 834 4208 Archivio
856 4157 990 4223 capitolare
1006 4173 1036 4205 zu
1059 4155 1165 4206 Vercelli.

824 4493 890 4568 Nr.
922 4495 1008 4568 102.

72 4641 190 4726 Engen
208 4640 274 4705 III
292 4642 409 4706 nimmt
429 4644 490 4707 das
505 4641 717 4726 Domkapitel
736 4662 796 4705 von
812 4641 951 4706 Mantua
974 4642 1011 4704 in
1034 4640 1265 4724 apostolisclzen
1285 4639 1403 4704 Schntn
1425 4640 1493 4703 und
1514 4639 1665 4722 bestitigt
1687 4638 1755 4703 ihm

715 4732 803 4794 scine
825 4729 1063 4794 Besitntlnimer
1078 4730 1116 4815 ³).

693 4867 775 4928 1151
798 4863 875 4928 Mai
895 4866 924 4926 6.
963 4863 1140 4926 Ferentino.

237 4999 401 5080 Eugenius
425 5000 610 5080 episcopus,
633 5019 746 5062 servus
769 5017 937 5061 servornm
962 4998 1025 5071 dei,
1049 4996 1173 5060 dilectis
1197 4995 1270 5059 filiis
1293 4995 1451 5077 Rigizoni,
1481 4993 1755 5076 archipresbitero

70 5087 213 5152 ecclesie
230 5088 417 5162 Mantuane,
434 5090 569 5170 eiusque
584 5088 745 5162 fratribus,
769 5095 836 5149 tam
852 5086 1059 5169 presentibus
1076 5107 1174 5167 quam
1190 5087 1315 5160 futuris,
1336 5085 1494 5148 canonice
1509 5083 1754 5158 substituendis,

72 5189 112 5239 IN
135 5189 216 5240 PPM.
241 5211 285 5222 -
304 5175 309 5262 Ι
329 5176 425 5240 Iustis
447 5179 533 5240 votis
556 5197 724 5240 assensum
748 5177 888 5259 prebere
911 5177 1069 5257 iustisque
1092 5175 1307 5259 petitionibus
1330 5193 1423 5236 aures
1451 5172 1672 5236 accomodare
1694 5193 1755 5236 nos

71 5266 238 5341 convenit,
260 5268 325 5348 qui,
349 5264 427 5329 licet
448 5267 580 5348 indigni,
604 5266 724 5329 iustitie
740 5265 887 5328 'cultores
911 5273 1010 5344 atque
1033 5283 1194 5347 precones
1217 5265 1248 5327 in
1273 5262 1404 5326 excelsa
1418 5261 1645 5344 apostolorum
1670 5263 1755 5344 prin·

70 5355 198 5440 cilpum
214 5356 301 5420 Petri
317 5375 355 5418 ac
371 5354 461 5418 Pauli
483 5355 617 5437 specula
632 5356 743 5437 positi,
766 5355 904 5418 domino
924 5353 1130 5436 disponente,
1154 5353 1380 5436 conspicimur.
1427 5350 1621 5434 Eapropter‚
1645 5351 1754 5414 dilecti

74 5517 444 5524 —..----—------,.-..-.-.
453 5518 469 5523 .-
494 5518 500 5524 ,

239 5606 264 5669 1)
289 5601 365 5668 Vergl.
385 5602 422 5651 die
444 5601 503 5651 Ura
522 5618 577 5651 vom
598 5603 630 5651 17
649 5601 724 5666 April
740 5603 814 5652 1146.
889 5605 916 5668 2)
934 5600 1051 5666 Dr'gnitas
1069 5601 1096 5648 in
1114 5599 1197 5648 ordine
1214 5597 1384 5648 canonicorum
1403 5565 1563 5665 regularium:
1598 5599 1643 5648 Du
1665 5598 1754 5664 Gange,

74 5674 152 5728 Gloss.
173 5673 219 5722 IV
225 5681 253 5738 p.
274 5673 333 5723 726.
406 5674 435 5737 3)
460 5674 537 5740 Vergl.
557 5673 632 5722 Studr’
647 5676 676 5723 al
691 5673 805 5737 municip.
825 5673 852 5722 di
870 5672 988 5722 Mantova
1007 5672 1060 5736 lp.
1080 5673 1138 5720 174.
