4090 6358
1727 343 1762 420 ¹5

83 515 210 586 diocesi
235 531 319 598 sunt,
344 515 515 603 accipiant,
541 515 586 584 ita
609 529 729 596 tamen,
753 516 780 582 si
804 517 979 605 episcopus
1003 519 1160 584 canonice
1176 519 1345 586 ordinatus
1362 523 1457 588 fuerit
1472 534 1505 588 et
1520 526 1766 592 ordinacionem

81 613 187 695 gratis
203 612 311 675 facere
325 611 477 688 voluerit;
501 613 551 673 sin
567 619 677 672 autem
693 609 817 691 aliquid
833 610 950 675 horum
964 610 1137 687 obstiterit,
1161 611 1266 676 abbas
1282 617 1356 676 c'urn
1373 613 1509 677 licencia
1524 625 1557 678 et
1572 618 1765 681 auctoritate

83 703 230 764 Romani
254 699 430 783 pontificis,
461 700 503 762 ad
533 697 804 782 qualemcumque
834 701 1031 764 catholicum
1062 701 1255 782 episcopum
1286 702 1332 765 eis
1363 703 1529 784 placuerit,
1562 725 1660 768 causa
1689 727 1765 770 con·

83 792 284 856 secracionis
306 799 341 853 et
363 789 583 853 ordinacionis
607 799 675 852 tam
699 788 855 866 locorum,
885 811 984 871 quam
1007 810 1220 871 personarum
1243 791 1377 855 licenter
1398 804 1524 876 pergat.
1569 795 1622 857 De
1646 805 1764 872 cetero,

84 883 212 944 nullam
244 879 385 961 amplius
417 881 591 960 episcopus
623 879 655 940 in
685 879 835 960 predicto
868 880 1067 943 monasterio
1098 889 1298 960 potestatem
1337 880 1458 945 habeat
1495 903 1603 964 neque
1634 905 1764 948 excom·

84 969 277 1034 municandi
297 967 327 1052 ²)
351 979 408 1031 aut
430 968 644 1032 interdicendi
669 978 726 1031 aut
749 967 791 1030 ad
820 968 974 1031 sinodum
996 969 1146 1032 vocandi.
1193 969 1266 1032 Hec
1296 970 1393 1052 igitur
1423 973 1542 1048 omnia,
1574 993 1640 1054 que
1670 973 1765 1038 huius

83 1061 237 1142 precepti
262 1059 451 1139 decretique
474 1058 576 1120 nostri
600 1058 722 1139 pagina
746 1058 901 1134 continet,
926 1059 970 1121 im
986 1069 1182 1141 perpetuum
1197 1059 1586 1141 servandadecernimus.
1633 1062 1668 1127 Si
1693 1065 1765 1145 quis

85 1151 186 1232 igitur
208 1167 330 1229 regum,
354 1147 597 1229 imperatorum,
622 1146 838 1223 sacerdotum,
869 1147 1069 1224 clericorum,
1093 1147 1237 1210 iudicum
1265 1169 1304 1212 ac
1326 1150 1518 1214 secularium
1541 1172 1763 1234 personarum,

84 1240 174 1302 hanc
197 1237 447 1301 constitucionis
469 1247 580 1300 nostre
603 1237 759 1318 paginam
783 1257 974 1317 agnoscens,
999 1248 1114 1301 contra
1136 1257 1209 1310 eam
1233 1240 1404 1302 temerario
1429 1261 1507 1303 ausu
1530 1243 1640 1305 venire
1660 1253 1764 1325 temp·

84 1329 214 1404 tavent,
247 1327 422 1409 potestatis
444 1325 645 1408 honorisque
667 1327 715 1388 sui
741 1326 901 1407 dignitate
930 1336 1047 1403 careat,
1078 1347 1234 1408 reumque
1265 1348 1301 1390 se
1331 1328 1442 1391 divino
1473 1329 1594 1393 iudicio
1625 1332 1765 1395 existere

85 1418 130 1482 de
153 1425 343 1500 perpetrata
366 1416 538 1497 iniquitate
561 1425 749 1496 cognoscat,
774 1424 808 1477 et
830 1416 890 1478 nisi
915 1436 962 1494 ea,
993 1437 1057 1498 que
1080 1416 1122 1480 ab
1147 1418 1203 1479 illo
1233 1427 1308 1480 sunt
1332 1417 1417 1480 male
1448 1418 1567 1495 ablata,
1592 1421 1765 1484 restituerit

83 1507 139 1571 vel
164 1509 265 1589 digna
287 1505 476 1588 penitencia
499 1505 609 1567 illicite
633 1514 706 1567 acta
730 1504 906 1581 defleverit,
938 1527 957 1568 a
979 1506 1198 1570 sacratissimo
1225 1526 1364 1588 corpore
1388 1526 1427 1570 ac
1448 1509 1606 1590 sanguiue
1630 1510 1763 1586 domini,

84 1596 307 1678 redemptoris
331 1594 433 1657 nostri
457 1592 528 1657 Iesu
553 1594 686 1669 Christi,
711 1594 835 1658 alienus
858 1593 924 1670 fiat,
955 1607 1055 1677 atque
1086 1595 1118 1657 in
1150 1604 1263 1658 eterno
1287 1597 1438 1659 examine
1471 1597 1615 1661 districte
1644 1599 1764 1663 ulcioni

83 1687 266 1750 subiaceat.
312 1682 447 1748 Cunctis
479 1693 598 1760 autem,
629 1683 738 1746 eidem
769 1683 844 1746 loco
876 1685 960 1747 iusta
989 1685 1209 1760 servantibus,
1241 1685 1283 1748 sit
1311 1706 1378 1767 pax
1412 1686 1536 1749 domini
1568 1690 1669 1751 nostri
1692 1690 1763 1752 Iesu

84 1774 218 1854 Christi,
242 1783 403 1856 quatenus
426 1782 459 1836 et
482 1772 535 1836 hic
560 1772 698 1836 fructum
726 1772 817 1836 bone
846 1775 990 1837 accionis
1018 1773 1204 1856 percipiant
1235 1785 1269 1837 et
1297 1775 1386 1857 apud
1410 1775 1591 1840 districtum
1623 1778 1764 1848 iudicem

86 1867 218 1948 premia
241 1874 353 1951 eterne
375 1864 467 1945 pacis
491 1863 666 1926 inveniant.

247 1954 373 2016 Datum
402 1973 462 2034 per
492 1973 608 2015 manus
634 1951 729 2027 Petri,
762 1951 944 2015 cancellarii
977 1956 1075 2032 atque
1106 1952 1289 2018 cardinalis.
1334 1953 1436 2017 Anno
1468 1955 1632 2020 dominice
1663 1958 1764 2022 incar·

84 2043 235 2106 nacionis
258 2042 431 2106 millesimo
455 2041 699 2124 septuagesimo
723 2052 851 2105 octavo.
897 2041 1110 2105 Pontificatus
1132 2063 1210 2105 vero
1235 2042 1349 2105 domui
1373 2043 1523 2126 Gregorii
1545 2065 1634 2128 pape
1658 2058 1707 2108 v11
1731 2059 1763 2110 V.

85 2147 123 2196 vl
147 2133 224 2196 Idus
248 2132 372 2195 Marcii.
418 2131 607 2195 Indiccione
629 2144 650 2194 1.

247 2246 450 2311 Kopialurkunde
464 2262 518 2299 ,asts
541 2245 586 2295 der
608 2245 702 2296 moriem
724 2245 812 2310 Hc'r'lfle
835 2245 875 2296 des
894 2248 927 2295 12
951 2245 1137 2311 Jafirhunderts
1160 2246 1204 2296 der
1231 2245 1355 2297 Collection
1374 2245 1479 2297 Morbios
1501 2264 1550 2299 vm
1568 2248 1696 2310 Malland,
1720 2267 1765 2299 arr·

79 2315 187 2384 gckmrst'
203 2317 283 2369 rueret
300 2318 385 2368 Hm
410 2317 605 2383 llilmersa‘drsrr
621 2324 662 2367 etc.
680 2317 707 2366 in
725 2317 861 2367 Milncfierv.

81 2463 122 2511 als
140 2461 193 2511 “M
209 2390 420 2512 arrmzlilzmsiilfis
440 2389 616 2456 walgetmdm
634 2387 741 2438 Infialtes
762 2390 819 2438 ared
839 2389 884 2439 der
898 2388 1109 2456 ungewb'finlr'rlm
1128 2389 1240 2457 Stellimg
1263 2390 1307 2440 der
1323 2390 1472 2441 Dalrrmaeile
1497 2391 1564 2441 wird
1591 2391 1628 2442 die
1649 2392 1766 2443 Urkrmde

844 2747 912 2824 Nr.
946 2751 1005 2824 16.

85 2896 214 2982 Gregor
233 2896 309 2963 VII
324 2898 507 2971 unterstellt
525 2898 598 2963 dem
622 2899 707 2963 Abte
722 2898 876 2962 Richard
898 2919 959 2962 von
983 2897 1041 2962 st·
1052 2897 1158 2962 Victor
1175 2899 1216 2962 de
1238 2898 1410 2964 Marseille
1431 2899 1501 2964 und
1520 2901 1629 2965 seinen
1653 2899 1761 2967 Nach-

73 2989 215 3073 solgem
229 2989 285 3053 die
297 2988 428 3054 chister
438 2987 826 3074 Montmajour-lez-Arles
839 2987 914 3052 und
927 2987 1262 3052 Notre-Dame·de-la·
1268 2987 1389 3052 Crasse
1400 2987 1458 3072 (D.
1480 2989 1712 3077 carcassonne)
1729 2995 1761 3075 ¹).

730 3126 814 3187 1081
828 3121 932 3207 April
942 3125 994 3187 18.
1026 3121 1117 3187 Rom.

246 3258 423 3341 Gregorius
439 3259 622 3342 episcopus,
640 3280 750 3323 servus
765 3279 932 3323 servorum
949 3259 1010 3335 dei,
1036 3258 1156 3321 dilecto
1173 3258 1205 3320 in
1222 3255 1351 3321 Christo
1369 3255 1435 3321 filio
1451 3258 1605 3336 Ricardo,
1629 3269 1762 3324 sanctae

81 3349 258 3412 Romanae
288 3350 446 3413 ecclesiae
477 3349 633 3412 cardinali
657 3350 821 3412 sacerdoti
851 3359 951 3430 atque
982 3347 1096 3411 abbati
1120 3346 1324 3423 Massiliensi,
1358 3349 1489 3430 suisque
1521 3349 1762 3413 successoribus

83 3437 276 3520 regulariter
301 3439 543 3522 promovendis
577 3440 609 3502 in
641 3446 845 3522 perpetuum.
891 3438 985 3500 Licet
1008 3437 1180 3519 apostolici
1212 3457 1272 3499 nos
1303 3438 1406 3519 apicis
1438 3458 1515 3500 cura
1545 3459 1607 3520 pro
1638 3441 1762 3502 cunctis

82 3528 280 3610 generaliter
302 3529 448 3592 ecclesiis
469 3527 604 3610 vigilare
628 3549 667 3591 ac
690 3549 751 3610 pro
776 3528 923 3591 omnium
945 3536 1031 3590 statu
1054 3527 1106 3590 vel
1130 3526 1365 3590 restauratione
1392 3527 1549 3590 sollicitos
1580 3549 1651 3591 esse
1674 3549 1761 3591 com·

83 3627 229 3694 moneat,
262 3618 324 3680 illis
347 3629 458 3681 tamen
483 3619 660 3699 praecipue
684 3619 764 3682 locis
787 3627 933 3681 nostram
957 3636 1068 3679 curam
1091 3617 1265 3698 specialius
1288 3616 1487 3679 exibendam
1519 3617 1763 3699 perpendimus,

85 3726 172 3788 quae
194 3707 256 3771 sub
271 3707 444 3771 Romanae
459 3707 574 3771 tutella
593 3707 681 3770 sedis
702 3709 879 3770 constituta
901 3707 1022 3770 scimus
1044 3715 1148 3769 status
1170 3706 1218 3768 sui
1236 3704 1527 3783 confirmationem,
1552 3716 1763 3789 augmentum

83 3797 137 3860 vel
161 3798 402 3860 restitutionem
424 3797 467 3860 ab
491 3797 553 3860 hac
584 3797 791 3877 potissimum
822 3796 968 3872 ecclesia,
1001 3796 1091 3859 cuius
1119 3796 1194 3858 iuris
1224 3805 1312 3872 sunt,
1344 3805 1528 3876 expectare.
1574 3796 1661 3877 Quia
1684 3816 1763 3877 ergo

85 3886 250 3969 quaedam
267 3888 473 3962 monasteria,
497 3887 635 3950 alterum
651 3887 685 3948 in
700 3885 879 3962 Provincia,
902 3885 1057 3948 videlicet
1074 3885 1178 3948 sancti
1195 3884 1289 3960 Petri,
1315 3884 1407 3965 quod
1423 3885 1540 3947 dicitur
1554 3885 1597 3947 ad
1614 3886 1763 3948 Montem

85 3977 254 4052 maiorem,
279 3985 312 4039 et
335 3975 472 4039 altemm
496 3977 528 4038 in
545 3974 751 4039 Carcassensi
768 3975 962 4057 episcopatu
985 3985 1119 4038 sanctae
1139 3974 1263 4037 Mariae
1287 3974 1329 4036 de
1345 3973 1469 4050 Crassa,
1496 3993 1580 4055 quae
1604 3974 1647 4037 ad
1669 3973 1764 4037 huius

84 4065 173 4128 sedis
198 4065 422 4130 defensionem
446 4066 609 4148 pertinere
631 4065 822 4146 propriique
845 4064 921 4128 iuris
945 4065 1013 4129 eius
1037 4084 1108 4130 esse
1131 4072 1316 4139 noscuntur,
1342 4063 1408 4126 iam
1432 4063 1554 4126 dudum
1570 4062 1762 4127 secularium

84 4154 325 4218 monachorum
355 4155 453 4237 culpa
485 4176 505 4218 a
535 4154 700 4236 religionis
730 4154 860 4216 tramite
891 4154 1040 4217 deviasse
1072 4153 1299 4228 intelleximus,
1332 4173 1371 4217 ea
1401 4153 1577 4216 reformare
1606 4153 1649 4216 ad
1679 4153 1762 4235 lapsi

85 4244 216 4308 decoris
247 4245 391 4338 speciem
420 4245 518 4309 valde
548 4264 620 4307 esse
649 4244 866 4306 necessarium
898 4243 1059 4306 duximus.
1110 4242 1197 4307 Satis
1232 4243 1319 4306 enim
1351 4242 1523 4306 decencius
1554 4251 1654 4324 atque
1687 4263 1762 4306 con·

83 4335 273 4398 veniencius
297 4355 368 4398 esse
398 4334 594 4410 decernitur,
627 4333 792 4396 destructa
821 4333 988 4396 restituere
1019 4343 1052 4396 et
1079 4332 1122 4395 ad
1144 4331 1282 4414 gradum
1305 4353 1400 4395 suum
1431 4331 1577 4414 collapsa
1599 4332 1762 4409 reducere,

85 4443 187 4506 quarn
209 4423 243 4487 in
266 4424 442 4488 dilatandis
465 4425 517 4488 vel
540 4423 669 4487 noviter
691 4422 883 4486 edificandis
907 4441 1043 4504 operam
1071 4421 1157 4485 dare.
1204 4421 1418 4503 Quapropter
1447 4421 1490 4484 ad
1520 4421 1763 4504 praedictorum

84 4513 234 4577 locomm
256 4515 526 4578 restaurationem
542 4513 708 4595 religionis
724 4522 799 4575 tuae
815 4511 1024 4593 prudentiam
1047 4511 1220 4592 perutilem
1237 4510 1445 4587 arbitrantes,
1470 4510 1546 4574 licet
1561 4521 1595 4574 tu
1612 4531 1762 4593 quorum-

85 4604 163 4667 dam
192 4603 374 4685 proborum
396 4605 541 4667 virorum
571 4602 724 4685 precibus
754 4602 923 4665 adortatus
954 4601 1080 4682 absque
1111 4600 1242 4663 licentia
1272 4611 1384 4663 nostra
1415 4601 1457 4663 de
1487 4620 1600 4663 eorum
1631 4611 1764 4664 curate

85 4693 227 4757 nolueris
251 4693 475 4771 intromittere,
499 4713 560 4756 nos
583 4703 694 4755 tamen
719 4691 902 4754 censuimus
925 4710 985 4772 per
1007 4699 1097 4753 tuam
1120 4709 1411 4770 successorumque
1433 4699 1563 4752 tuorum
1586 4690 1763 4753 sollertiam

85 4783 248 4860 fratribus
265 4783 299 4845 in
311 4783 436 4846 eisdem
449 4782 596 4846 cenobiis
610 4781 766 4862 deinceps
779 4781 946 4856 mansuris,
963 4789 1158 4862 perpetuam
1171 4779 1325 4861 regularis
1337 4781 1424 4842 vitae
1436 4779 1763 4861 circumspectionem

84 4873 268 4954 providere.
324 4871 481 4947 Proinde,
520 4873 606 4935 circa
643 4869 771 4952 prefata
808 4870 1005 4933 monasteria
1040 4868 1268 4932 sollicitudinis
1298 4878 1430 4930 nostrae
1458 4869 1564 4931 vicem
1597 4868 1762 4932 dilectioni

82 4973 211 5026 vestrae
227 4963 446 5038 comittentes,
462 4961 612 5025 volumus
628 4970 728 5041 atque
743 4960 971 5041 praecipimus,
988 4959 1072 5020 utin
1089 4959 1144 5034 eis,
1161 4977 1247 5039 quae
1263 4957 1465 5039 amputanda
1475 4961 1560 5034 sunt,
1577 4959 1762 5040 amputetis,

84 5072 236 5134 quaeque
267 5052 469 5134 corrigenda,
504 5050 672 5134 corrigatis
710 5060 760 5125 et,
792 5069 877 5130 quae
909 5049 970 5111 illis
1002 5047 1043 5110 de
1073 5046 1266 5129 disciplinae
1305 5056 1419 5111 tenore
1456 5047 1625 5123 defuerint,
1655 5058 1763 5112 vestra

82 5141 254 5224 vigilantia
277 5151 310 5204 et
342 5141 456 5204 labore
486 5140 727 5205 confirmentur.
773 5138 952 5213 Praeterea,
985 5137 1137 5217 quotiens
1168 5157 1280 5199 eorum
1314 5147 1455 5200 rectores
1485 5137 1635 5214 obierint,
1664 5137 1763 5201 vestri

81 5231 126 5294 sit
147 5229 258 5308 studii,
283 5231 365 5294 alios
388 5251 463 5295 cum
487 5251 664 5294 conssensu
687 5227 950 5309 probabiliorum
973 5225 1107 5289 fratrum
1131 5226 1173 5288 de
1204 5227 1319 5289 eadem
1348 5227 1612 5309 congregatione,
1644 5227 1669 5288 si
1694 5227 1762 5289 fieri

81 5331 203 5404 potest,
228 5321 279 5383 sin
303 5330 413 5383 autem
437 5321 577 5396 aliunde,
609 5317 789 5383 secundum
813 5316 911 5378 deum
935 5324 968 5378 et
991 5316 1136 5397 regulam
1159 5316 1263 5378 sancti
1287 5315 1458 5379 Benedicti
1482 5315 1621 5380 abbates
1644 5315 1764 5397 eligere

81 5411 195 5492 ibique
225 5409 430 5486 substituere,
451 5429 547 5491 -quos
577 5409 621 5472 ab
655 5407 710 5471 illo
742 5407 918 5487 episcopo,
952 5406 984 5467 in
1016 5406 1105 5467 cuius
1139 5404 1261 5467 diocesi
1294 5405 1426 5480 fuerint,
1458 5405 1484 5467 si
1516 5404 1558 5467 ab
1591 5406 1653 5467 hac
1683 5405 1762 5468 sede

80 5501 391 5563 excommunicatus
402 5497 454 5562 vel
470 5499 670 5562 simoniacae
686 5495 838 5558 hereseos
855 5494 990 5557 infamia
1005 5503 1137 5557 notatus
1152 5513 1220 5556 non
1237 5493 1306 5570 erit,
1330 5494 1531 5557 ordinandos
1551 5494 1761 5557 decrevimus.

242 5695 269 5758 a)
289 5693 505 5744 excomunicandi.
525 5731 578 5738 „a
597 5694 633 5760 .1)
658 5691 705 5742 Die
731 5688 854 5754 Absrlrrist
880 5689 955 5739 dieser·
975 5689 1092 5739 Urhmde
1118 5691 1239 5740 vernante
1266 5689 1303 5739 ich
1331 5690 1383 5739 dem
1414 5689 1498 5739 Herm
1524 5687 1646 5738 Arclubar
1673 5687 1764 5739 Felix

78 5765 241 5816 Ruinnred
257 5781 288 5814 m
306 5764 436 5815 llfarseille.
