4142 6366
519 478 540 556 †
562 477 635 559 Ego
658 475 822 540 Bonadies
845 476 1007 558 presbiter
1030 477 1200 540 cardinalis
1223 479 1271 541 tit.
1293 480 1398 542 sancti
1423 476 1598 562 Grisogoni
1618 499 1660 542 ss.

519 568 540 645 †
563 564 634 648 Ego
658 565 815 628 Albertus
839 566 1001 648 presbiter
1024 566 1193 631 cardinalis
1216 567 1263 630 tit.
1287 569 1391 642 sancti
1414 567 1580 631 Laurentii
1603 570 1636 630 in
1659 568 1784 632 Lucina
1807 589 1850 633 ss.

518 655 538 736 †
561 654 634 737 Ego
659 653 847 717 Guilielmus
871 653 1033 736 presbiter
1056 656 1225 719 cardinalis
1249 657 1295 720 tit.
1319 659 1422 719 sancti
1446 658 1533 720 Petri
1557 658 1599 720 ad
1622 656 1762 721 Vincula
1784 679 1827 720 ss.

519 779 563 788 -
585 741 605 825 †
628 743 702 824 Ego
726 741 828 806 Oddo
852 743 1007 806 diaconus
1031 744 1204 808 cardinalis
1227 748 1332 808 sancti
1356 745 1489 827 Georgii
1512 746 1553 808 ad
1575 745 1696 809 Velum
1719 768 1855 811 aureum
1879 768 1919 810 ss.

518 832 539 914 †
561 831 634 914 Ego
657 832 795 896 iacintus
818 832 975 896 diaconus
999 833 1171 896 cardinalis
1194 844 1306 898 sancte
1331 836 1435 898 Marie
1459 837 1492 897 in
1516 833 1710 917 Cosmydyn
1733 857 1775 899 ss.

518 921 538 1002 †
561 922 635 1004 Ego
658 920 796 985 Ardicio
819 923 977 984 diaconus
1001 923 1173 986 cardinalis
1196 924 1299 987 sancti
1322 922 1490 988 Theodori
1515 943 1556 987 ss.

519 1011 540 1088 †
563 1009 635 1092 Ego
658 1011 747 1073 Boso
772 1012 929 1074 diaconus
952 1010 1122 1075 cardinalis
1144 1022 1331 1076 sanctorum
1355 1011 1476 1076 Cosme
1499 1021 1533 1076 et
1556 1014 1707 1078 Damiani
1730 1035 1771 1078 ss.

518 1098 539 1180 †
561 1101 634 1182 Ego
659 1099 820 1180 Cinthyus
843 1101 1000 1163 diaconus
1024 1101 1193 1165 cardinalis
1216 1104 1319 1165 sancti
1343 1099 1478 1165 Adriani
1501 1123 1542 1164 ss

518 1190 539 1268 †
561 1189 635 1270 Ego
658 1190 772 1252 Petrus
795 1188 951 1252 diaconus
976 1190 1149 1254 cardinalis
1172 1193 1274 1254 sancti
1296 1190 1463 1255 Eustachii
1485 1211 1526 1254 ss.

518 1279 538 1363 †
561 1276 634 1360 Ego
657 1279 872 1359 Raymuudus
895 1279 1052 1342 diaconus
1077 1281 1248 1343 cardinalis
1270 1290 1383 1343 sancte
1408 1279 1508 1343 Marie
1532 1282 1564 1343 in
1586 1279 1650 1342 Via
1673 1279 1738 1343 lata
1760 1301 1803 1343 ss.

465 1368 540 1431 Dat.
555 1367 717 1443 Laterani,
742 1388 802 1448 per
826 1388 956 1430 manum
972 1367 1123 1445 Rolandi,
1147 1379 1261 1433 sancte
1277 1371 1426 1433 Romane
1450 1370 1587 1433 ecclesie
1610 1369 1782 1451 presbiteri
1806 1369 1982 1433 cardinalis

306 1467 340 1521 et
369 1457 559 1521 cancellarii.
604 1468 706 1520 xv1111
728 1455 782 1518 Kl.
805 1457 900 1520 Febr.
949 1458 1130 1522 Indictione
1153 1472 1211 1522 vn.
1256 1458 1489 1522 Incarnationis
1520 1459 1687 1522 dominice
1716 1478 1801 1522 anno
1833 1471 1982 1522 MCLvm.

307 1548 515 1611 Pontificatus
537 1565 617 1609 vero
641 1547 754 1609 domni
777 1544 914 1608 Adriani
937 1567 1024 1630 pape
1048 1561 1100 1610 1111
1123 1569 1209 1611 anno
1234 1551 1358 1630 quinto.

469 1661 629 1725 Transsumpt
644 1676 699 1710 vom
720 1659 892 1725 Jairre1365,
910 1659 936 1709 in
954 1660 998 1709 der
1013 1661 1076 1710 Bibl.
1099 1661 1227 1711 Comunale
1244 1679 1274 1710 su
1297 1663 1396 1712 Verona.

467 1733 537 1798 Perg.
561 1733 621 1792 ital,
646 1733 682 1783 ir.
707 1749 726 1780 c.
746 1734 815 1792 aar,
839 1733 899 1798 lang
916 1735 1001 1791 amo.
1046 1733 1093 1782 Die
1116 1733 1270 1798 Ergenlreilen
1293 1735 1333 1784 des
1359 1734 1483 1800 Originals
1506 1734 1564 1784 siml
1584 1735 1746 1801 nacirgebildet
1771 1749 1858 1784 aresser
1881 1731 1907 1782 in
1936 1733 1982 1781 der

305 1804 399 1871 Scieist
414 1821 468 1854 vom
487 1805 662 1870 Hauptkirper,
681 1803 774 1870 Zeugen
792 1804 848 1853 und
862 1804 997 1870 Datimng,
1015 1805 1101 1854 welche
1120 1805 1157 1854 die
1173 1805 1334 1871 genenerale
1352 1806 1397 1856 der
1415 1807 1466 1856 Zeie
1483 1806 1521 1856 ist.

1049 1981 1116 2056 Nr.
1145 1987 1231 2058 188.

305 2113 497 2201 †Hadrian
513 2112 574 2178 IV
588 2111 706 2178 nz’enmt
725 2114 779 2177 die
803 2110 924 2176 Kirclee
938 2113 1010 2178 San
1030 2114 1167 2180 Michele
1191 2117 1225 2179 in
1240 2115 1361 2199 Poggio
1377 2115 1553 2198 Imperz'ale
1576 2116 1615 2179 di
1628 2115 1768 2179 Fe'renze
1792 2116 1826 2180 in
1848 2125 1979 2198 aposto·

672 2200 793 2267 lr'scizen
816 2201 933 2267 Schutz
955 2204 1024 2268 und
1044 2204 1195 2288 bestdte'gt
1217 2205 1287 2268 ihre
1301 2205 1546 2270 Besitethzimer
1561 2209 1598 2292 ¹).

935 2322 1017 2382 1159
1033 2320 1110 2383 Mai
1122 2323 1150 2383 1.
1197 2321 1349 2384 Lateran.

466 2430 641 2520 [Adrianus
657 2435 841 2516 episcopus,
857 2455 967 2499 servus
982 2457 1149 2499 servorum
1166 2437 1218 2500 dei
1244 2485 1250 2498 .
1272 2483 1280 2498 .
1307 2485 1313 2500 .
1338 2486 1345 2499 .
1368 2484 1375 2498 .
1402 2485 1408 2499 .
1432 2432 1450 2522 .]
1467 2437 1570 2499 sancti
1588 2435 1757 2499 Michaelis
1774 2436 1816 2499 de
1833 2435 1986 2500 Martura

306 2525 440 2607 eiusque
456 2524 616 2600 fratribus,
639 2532 709 2586 tam
731 2523 935 2604 presentibus
959 2546 1059 2606 quam
1082 2526 1202 2602 futuris,
1226 2526 1414 2608 regulariter
1435 2525 1678 2602 substituendis,
1697 2521 1741 2610 [in
1757 2523 1983 2611 perpetuuml.

308 2659 570 2678 .........
597 2632 792 2676 consensum
816 2609 849 2696 (l)
872 2625 908 2676 ut
930 2614 1036 2678 fidelis
1059 2615 1193 2678 devotio
1219 2663 1226 2676 .
1251 2663 1257 2677 .
1282 2663 1289 2676 .
1314 2664 1321 2678 .
1347 2663 1353 2676 .
1380 2665 1386 2678 .
1410 2661 1417 2676 .
1444 2661 1451 2675 .
1476 2615 1533 2677 filii
1556 2615 1671 2677 vestris
1699 2615 1985 2696 postulationibus

308 2704 484 2767 clementer
506 2703 685 2778 annuimus,
710 2711 743 2764 et
764 2701 927 2784 prelatum
951 2705 1192 2778 monasterium,
1216 2705 1248 2766 in
1272 2725 1339 2785 quo
1364 2705 1475 2767 divino
1491 2701 1582 2788 [estis
1598 2703 1758 2784 obsequio
1777 2705 1984 2786 mancipati],

307 2795 367 2857 sub
391 2793 480 2856 beati
503 2792 588 2855 Petri
618 2800 652 2855 et
680 2802 791 2853 nostra
819 2794 1025 2873 protectione
1045 2791 1072 2878 a)
1104 2794 1306 2874 suscipimus.
1353 2790 1550 2868 Statuentes‚
1583 2803 1619 2855 ut
1648 2813 1871 2874 quascumque
1903 2815 1982 2874 pos-

306 2883 476 2958 sessiones,
501 2900 705 2962 quecumque
727 2881 817 2943 bona
840 2881 928 2943 idem
949 2883 1181 2945 monasterium
1197 2884 1230 2945 in
1246 2884 1481 2964 presentiarum
1497 2883 1580 2945 iuste
1596 2893 1630 2944 et
1646 2882 1802 2944 canonice
1818 2883 1983 2964 possidet,

307 2983 363 3035 aut
384 2972 417 3034 in
433 2971 575 3034 futurum
592 2969 804 3032 concessione
819 2969 1022 3051 pontificum,
1046 2971 1217 3053 largitione
1233 2967 1344 3054 regum
1361 2972 1412 3035 vel
1428 2973 1621 3054 principum,
1646 2971 1815 3033 oblatione
1831 2971 1983 3034 fidelium

307 3081 364 3124 seu
394 3061 464 3123 aliis
493 3060 583 3122 iustis
614 3059 736 3135 modis,
768 3069 936 3140 prestante
965 3061 1109 3137 domin0,
1142 3062 1264 3142 poterit
1287 3061 1438 3143 adipisci,
1469 3061 1562 3123 firma
1584 3060 1679 3124 vobis
1702 3061 1884 3141 vestrisque
1907 3081 1984 3123 suc·

307 3149 490 3214 cessoribus
513 3159 546 3211 et
561 3147 686 3211 illibata
701 3159 922 3229 permaneant.
962 3150 1187 3213 Possessiones
1202 3151 1365 3231 siquidem
1381 3161 1415 3214 et
1430 3149 1559 3224 allodia,
1583 3169 1647 3230 que
1663 3148 1704 3211 ad
1721 3149 1771 3212 ius
1787 3152 1982 3213 monasterii

307 3240 404 3303 vestri
431 3239 593 3320 pertinere
622 3243 811 3313 noscuntur,
843 3239 938 3301 vobis
969 3240 1159 3302 auctoritate
1188 3239 1371 3320 apostolica
1394 3239 1633 3302 confirmamus.
1678 3239 1912 3314 Decementes,
1948 3253 1985 3302 ut

308 3330 433 3408 absque
456 3328 586 3390 licentia
607 3327 738 3390 abbatis
762 3327 907 3390 eiusdem
931 3328 1002 3404 loci,
1027 3329 1082 3409 qui
1105 3349 1166 3410 pro
1183 3338 1333 3411 tempore
1349 3329 1452 3405 fuerit,
1477 3337 1510 3391 et
1530 3329 1672 3401 fratrum,
1696 3327 1742 3391 ibi
1758 3329 1983 3403 existentium,

307 3417 412 3481 nullus
436 3437 475 3479 ea
501 3417 645 3497 recipere
677 3416 796 3479 audeat
817 3417 869 3479 vel
901 3416 1151 3498 quomodolibet
1181 3418 1327 3481 retinere.
1373 3417 1552 3482 Statuimus
1582 3418 1690 3492 etiam,
1722 3427 1758 3479 ut
1788 3417 1820 3478 in
1853 3417 1983 3480 allodio

306 3505 494 3570 monasterii
509 3507 607 3567 vestri
623 3504 794 3568 ecclesiam
804 3507 856 3568 vel
872 3506 1035 3589 hospitale
1051 3528 1107 3570 seu
1124 3507 1258 3587 aliquod
1275 3507 1446 3584 edificium,
1464 3506 1554 3589 quod
1570 3507 1603 3568 in
1620 3507 1776 3568 damnum
1789 3507 1984 3569 monasterii

306 3618 377 3660 esse
402 3596 530 3671 debeat,
553 3595 648 3657 vobis
672 3595 780 3658 invitis
803 3606 837 3658 et
860 3597 1081 3672 retinentibus
1112 3597 1217 3659 nullus
1240 3596 1391 3660 edificare
1414 3606 1590 3678 presumat,
1619 3595 1700 3658 etsi
1726 3593 1849 3657 factum
1874 3594 1984 3671 fuerit,

306 3687 430 3750 irritum
454 3684 641 3748 deducatur.
689 3683 903 3748 Decernimus
926 3706 1020 3767 erg0,
1054 3696 1089 3749 ut
1112 3686 1189 3748 nulli
1214 3682 1385 3748 hominum
1408 3686 1520 3762 liceat,
1550 3684 1714 3767 prelatum
1743 3684 1984 3747 monasterium

306 3775 464 3838 ...usis
487 3772 684 3836 omnimodis
707 3774 884 3855 profutura,
908 3775 998 3837 salva
1021 3774 1108 3838 sedis
1131 3775 1313 3856 apostolice
1336 3774 1538 3838 auctoritate.
1584 3769 1619 3835 Si
1643 3793 1738 3854 qua.
1773 3819 1781 3835 .
1812 3773 1985 3837 .Cunctis

307 3875 416 3929 autem
439 3913 447 3927 .
471 3912 478 3927 .
503 3911 510 3925 .
535 3863 710 3925 inveniant.
756 3862 875 3926 Amen.

518 3946 572 4036 (R)
596 3952 695 4032 [Ego]
719 3949 885 4015 Adrianus
909 3953 1069 4016 catholice
1092 3954 1227 4016 ecclesie
1251 3953 1427 4035 episcopus
1450 3973 1491 4016 ss.
1514 3949 1575 4036 (M)

518 4037 563 4125 (†)
586 4041 659 4121 Ego
683 4041 860 4122 Gregorius
883 4041 1073 4105 Sabinensis
1096 4044 1271 4125 episcopus
1295 4063 1335 4105 ss.

519 4127 539 4212 †
562 4130 635 4210 Ego
658 4128 809 4193 Ubaldus
832 4131 1017 4193 Hosticnsis
1040 4132 1215 4214 episcopus
1238 4151 1279 4194 ss.

519 4219 539 4294 †
562 4219 635 4299 Ego
659 4218 757 4281 Iulius
779 4219 987 4282 Prenestinus
1011 4221 1186 4303 episcopus
1209 4242 1250 4284 ss.

517 4305 538 4388 †
560 4307 633 4388 Ego
657 4305 864 4371 Bernhardus
886 4310 1073 4372 Portuensis
1096 4321 1130 4373 et
1151 4318 1264 4373 sancte
1286 4309 1405 4372 Rufine
1429 4308 1605 4390 episcopus
1627 4329 1667 4370 ss.

518 4396 539 4474 †
563 4395 636 4476 Ego
649 4396 810 4459 lohannes
822 4399 984 4478 presbiter
998 4398 1170 4462 cardinalis
1183 4409 1369 4462 sanctorum
1382 4397 1535 4460 Iohannis
1547 4408 1581 4459 et
1592 4397 1681 4460 Pauli
1694 4399 1741 4458 tit.
1754 4394 1921 4459 Pamachii
1939 4416 1983 4459 ss.

518 4486 539 4563 †
562 4483 635 4565 Ego
658 4485 873 4550 ildebrandus
895 4488 1055 4569 presbiter
1077 4488 1249 4551 cardinalis
1272 4489 1405 4551 basilice
1428 4500 1479 4550 ΧΗ
1500 4484 1740 4568 Apostolorum
1763 4505 1804 4548 ss.

518 4575 539 4658 †
562 4575 635 4655 Ego
659 4574 760 4638 Oddo
785 4576 941 4639 diaconus
965 4574 1136 4640 cardinalis
1159 4578 1262 4640 sancti
1286 4577 1419 4658 Georgii
1443 4576 1485 4638 ad
1508 4576 1628 4639 Velum
1651 4595 1784 4638 aureum
1807 4595 1848 4636 ss.

518 4663 538 4744 †
561 4664 634 4744 Ego
658 4664 820 4728 lacinthus
844 4665 1001 4729 diaconus
1025 4666 1197 4730 cardinalis
1220 4675 1333 4729 sancte
1357 4666 1459 4729 Marie
1483 4666 1516 4728 in
1539 4665 1733 4748 Cosmydyn
1757 4685 1798 4728 ss

520 4749 540 4835 †
563 4753 636 4834 Ego
658 4752 796 4817 Ardicio
821 4753 977 4818 diaconus
1000 4755 1173 4819 cardinalis
1197 4757 1301 4819 sancti
1324 4754 1491 4818 Theodori
1515 4775 1557 4818 ss.

518 4840 540 4922 †
561 4843 634 4923 Ego
657 4842 747 4905 Boso
772 4844 927 4907 diaconus
950 4845 1123 4908 cardinalis
1146 4855 1333 4908 sanctorum
1356 4845 1475 4908 Cosme
1499 4855 1532 4907 et
1554 4843 1708 4907 Damiani
1731 4863 1772 4905 ss.

467 4932 556 4993 Data
577 4930 745 5008 Laterani,
779 4953 838 5015 per
868 4953 1000 4996 manum
1023 4935 1220 5010 Hermanni,
1253 4934 1365 4996 domni
1396 4954 1484 5016 pape
1515 4933 1708 4996 subdiaconi
1740 4942 1774 4994 et
1801 4931 1981 5013 scriptoris.

307 5018 361 5084 Kl.
378 5021 465 5084 Maii.
503 5020 686 5085 Indictione
701 5035 761 5084 vl1.
799 5023 1033 5086 iucarnationis
1055 5024 1219 5087 dominice
1239 5043 1327 5086 anno
1344 5035 1502 5086 MCLVIHI.
1540 5022 1752 5087 Pontificatus
1767 5041 1846 5084 vero
1864 5020 1981 5083 domni

308 5111 447 5174 Adriani
470 5130 558 5192 pape
581 5123 632 5173 1111
656 5131 743 5173 anno
766 5125 798 5173 v.

466 5224 667 5288 Isopiolurkrmde
685 5224 724 5273 des
744 5227 775 5273 15
797 5225 890 5290 Jahrb.
910 5225 1046 5291 (Bonffaaio
1065 5229 1148 5294 1134),
1168 5227 1200 5276 im
1219 5227 1333 5278 Archivio
1351 5227 1378 5276 di
1394 5227 1460 5277 State
1478 5242 1508 5274 au
1525 5225 1630 5274 Floram.

470 5296 505 5345 Ob
523 5297 560 5346 die
581 5295 696 5345 Urkrerrde
715 5313 779 5361 garri
796 5299 941 5364 ruverldssrg
956 5299 993 5356 ist,
1018 5315 1084 5347 murs
1107 5298 1251 5364 awn'selhaft
1273 5296 1415 5348 ersclreiererr.
1452 5299 1490 5347 Sie
1507 5297 1635 5360 aespach
1657 5295 1724 5344 nicil
1740 5296 1785 5345 den
1800 5295 1981 5361 geminem

310 5366 454 5434 privilegien
471 5367 600 5416 Hadriam
616 5367 672 5416 und
686 5368 765 5417 ebenso
787 5369 865 5435 wenig
881 5371 933 5419 dem
957 5383 1196 5436 voramgegangenm
1215 5373 1330 5421 lnnocena
1351 5371 1440 5434 llsu'r
1463 5372 1508 5419 das
1521 5368 1610 5436 gleiche
1629 5368 1732 5417 Ir'loster.
1769 5369 1818 5417 Die
1836 5369 1983 5434 Str'lirinmg

308 5441 339 5490 ist
355 5437 500 5488 namentlieh
517 5439 544 5488 in
562 5440 608 5488 dere
626 5439 807 5506 Saleansdngen
823 5441 979 5508 ungeschickt.
1017 5443 1068 5491 Ein
1085 5442 1159 5492 ecites
1176 5443 1251 5492 Slr'e‘ck
1268 5442 1312 5492 iat
1327 5444 1471 5508 vergelegen.

308 5533 401 5540 ...—

467 5564 689 5628 alprotestutiune.
710 5601 728 5606 -
767 5565 803 5624 a)
820 5563 896 5628 Vergl.
916 5565 953 5613 die
965 5565 1024 5614 Urit.
1043 5581 1098 5614 vom
1116 5564 1364 5631 Januar-Febnear
1380 5567 1449 5615 1134.
1487 5563 1558 5615 Nati
1577 5567 1653 5615 dieser
1664 5565 1781 5615 Urkunde
1798 5581 1829 5613 au
1846 5567 1980 5625 rediissem,

308 5637 390 5700 diirste
408 5637 453 5686 das
471 5635 559 5700 Incipit
572 5638 677 5700 gelaueet
693 5633 783 5684 labere:
805 5635 941 5699 Religiosis
966 5637 1099 5686 desideriis
1122 5638 1204 5686 iacilis
1223 5643 1260 5685 est
1278 5637 1418 5700 prebeudus
1437 5654 1559 5694 assensus,
1584 5643 1609 5686 ut
1627 5637 1709 5686 tidelis
1728 5637 1831 5686 devotio
1851 5639 1980 5688 celebrem

307 5709 423 5759 sortiatur
441 5707 563 5758 effecum.
589 5706 697 5757 Proinde
717 5707 808 5756 dilecte
826 5714 874 5756 etc.
899 5709 935 5757 Es
952 5709 1037 5758 kinnu
1054 5710 1111 5758 aber
1127 5709 1189 5758 artri
1208 5709 1266 5758 mit:
1283 5709 1354 5758 Iustis
1371 5710 1577 5773 postulationibus
1595 5710 1713 5776 legantem
1729 5707 1787 5758 sein.
