4142 6366
343 295 408 371 266

1081 491 1147 568 Nr.
1176 497 1274 570 276.

343 625 530 689 Alexander
548 624 612 687 Ill
625 624 783 707 bewilligt
802 623 863 688 der
887 622 1159 707 Kallegiatkr'rclze
1175 625 1272 690 Saata
1296 626 1427 707 Stefana
1450 626 1506 688 del
1520 627 1616 691 Basca
1634 628 1694 708 (D.
1719 629 1900 712 Squilace),
1926 630 2015 704 freie

790 713 905 796 Pa'lger
920 715 953 777 r'n
969 712 1040 777 dere
1054 712 1298 798 Kaagregatian
1312 714 1555 794 aafaanehmen.

847 831 1056 890 1159-1179
1073 828 1252 894 November
1265 833 1320 895 25.
1356 830 1496 912 Anagm'.

501 944 692 1008 Alexander
724 946 913 1026 episcopus,
943 964 1054 1006 servus
1085 965 1251 1009 servorum
1282 948 1352 1022 dei,
1390 945 1516 1011 dilectis
1548 947 1634 1023 filiis,
1665 948 1763 1029 priori
1794 957 1827 1011 et
1857 950 2015 1011 fratribus

342 1038 444 1100 sancti
465 1035 470 1114 l
491 1032 650 1116 Stephani
666 1035 707 1096 de
722 1033 867 1096 Nemore
887 1031 919 1117 ι),
941 1032 1077 1096 salutem
1102 1043 1135 1096 et
1156 1035 1368 1118 apostolicam
1393 1037 1666 1100 benedictionem.
1713 1035 1795 1100 Cum
1815 1035 1844 1121 α)
1867 1039 2015 1117 quidam,

343 1127 427 1188 sicut
449 1124 642 1204 accepimus,
666 1125 721 1202 qui
737 1130 816 1184 voto
840 1130 998 1196 tenentur,
1022 1123 1207 1205 sepulcrum
1223 1125 1348 1188 domini
1364 1133 1398 1188 et
1413 1126 1521 1188 limina
1537 1126 1625 1189 beati
1641 1125 1750 1188 Iacobi
1769 1124 1798 1210 b)
1820 1129 1954 1189 visitare
1974 1127 2017 1208 1>),

344 1217 376 1276 in
394 1211 423 1298 b)
446 1212 581 1277 ecclesia
596 1221 703 1276 vestra
724 1211 908 1274 desiderent
929 1209 1076 1274 habitum
1093 1212 1251 1294 religionis
1266 1217 1441 1298 suscipere,
1464 1235 1482 1276 a
1499 1215 1593 1277 nobis
1608 1215 1746 1277 sollicite
1763 1215 1956 1296 postulastis
1978 1217 2017 1294 c),

344 1305 433 1366 utin
462 1302 522 1365 hac
546 1310 638 1383 parte
669 1309 814 1363 nostrum
838 1300 931 1362 vobis
963 1309 1181 1381 prestaremus
1211 1322 1388 1365 assensum.
1434 1301 1654 1366 Attendentes
1685 1305 1804 1384 itaque,
1836 1303 2016 1386 quomodo

344 1395 375 1454 in
398 1391 535 1454 ecclesia
557 1398 663 1452 vestra
686 1389 795 1471 religio
818 1389 978 1452 ferventer
993 1391 1121 1471 perdel
1137 1394 1273 1472 gratiam
1291 1392 1488 1468 observatur,
1511 1395 1700 1456 auctoritate
1716 1392 1810 1456 vobis
1825 1393 2019 1475 apostolica

344 1482 496 1543 duximus
519 1478 761 1560 indulgendum,
785 1485 828 1554 ut,
855 1480 882 1541 si
905 1477 1002 1558 aliqui
1025 1499 1145 1555 eorum,
1175 1482 1231 1559 qui
1254 1481 1306 1543 vel
1338 1481 1524 1562 sepulcrum
1547 1483 1671 1544 domini
1694 1480 1746 1544 vel
1778 1482 1887 1545 limina
1922 1483 2019 1544 beati

343 1569 456 1633 lacobi
488 1577 545 1632 aut
573 1566 633 1630 alia
663 1566 811 1648 religiosa
842 1567 915 1630 loca
946 1569 1075 1631 visitare
1107 1577 1272 1644 tenentur,
1304 1571 1335 1632 in
1369 1570 1505 1634 ecclesia
1535 1578 1641 1633 vestra
1669 1568 1830 1633 voluerint
1859 1569 2018 1634 habitum

345 1658 509 1740 religionis
542 1658 706 1738 suscipere
737 1665 770 1718 et
800 1656 967 1720 vobiscum
1000 1657 1133 1720 domino
1164 1657 1309 1735 militare,
1340 1658 1451 1734 liceat,
1484 1679 1541 1723 eos
1564 1661 1667 1735 vobis,
1699 1660 1882 1722 dummodo
1917 1659 2019 1722 liberi

345 1750 417 1821 sint,
443 1748 486 1809 ad
516 1748 761 1808 conversionem
784 1753 924 1808 vestram
958 1747 1103 1828 recipere
1134 1756 1168 1810 et
1197 1747 1263 1811 sine
1287 1748 1544 1811 contradictione
1574 1747 1719 1829 qualibet
1742 1745 1900 1824 reltinere,
1936 1751 2020 1828 quia

345 1845 458 1900 votum
480 1855 545 1897 non
567 1835 674 1909 violat,
698 1837 754 1915 qui
778 1836 810 1896 in
834 1834 947 1897 melius
970 1835 1075 1916 ipsum
1100 1845 1287 1899 commutat.
1309 1839 1314 1919 Ι
1334 1871 1378 1882 -
1400 1840 1476 1900 Dat.
1500 1837 1659 1920 Anagnie,
1683 1849 1732 1899 vn
1755 1836 1810 1899 Kl.
1833 1837 2019 1900 Decembr.

507 1950 549 1999 Or.
570 1949 725 2014 (Pergameae
742 1949 839 2013 sciolte'),
857 1951 890 1998 im
908 1949 1020 1998 Arcelaio
1037 1949 1065 1999 di
1081 1950 1148 1999 State
1164 1967 1194 1999 au
1211 1951 1307 2016 Mopel.

506 2021 575 2085 Perg.
595 2021 654 2080 ital„
672 2021 708 2070 br.
727 2023 813 2080 0,145,
832 2023 894 2085 lang
911 2023 979 2080 0,15,
999 2028 1074 2070 antea
1085 2025 1163 2081 0,017
1181 2023 1371 2088 aagendam,
1390 2023 1468 2072 durch
1481 2025 1497 2073 Β
1511 2023 1603 2072 deler
1616 2024 1674 2088 geht
1691 2023 1727 2072 die
1741 2023 1808 2088 gelde
1826 2022 2018 2083 semuncem,

346 2094 417 2142 deren
436 2092 561 2156 Bla'n'egel
573 2094 690 2151 verlaren,
710 2091 817 2156 Faltwrg
834 2093 877 2141 der
893 2093 993 2142 Breuem

1088 2377 1153 2450 Nr.
1178 2381 1267 2451 277.

349 2508 532 2573 Alexander
554 2509 619 2573 III
644 2510 761 2573 nimmt
788 2509 851 2574 den
878 2510 1022 2573 Priester
1048 2509 1201 2662 Ragazrd
1225 2510 1286 2680 pjit
1309 2510 1418 2573 seinea
1444 2508 1698 2574 Besitathdmera
1724 2507 1757 2572 e‘n
1783 2508 2023 2592 apastolischea

1119 2621 1134 2661 c
1158 2608 1211 2663 ata
1259 2647 1265 2660 .

902 2716 1111 2777 1166-1179
1126 2715 1224 2778 Mdra
1240 2716 1269 2776 7.
1299 2713 1455 2777 Lateraa.

507 2827 733 2892 ALEXANDER
757 2830 940 2912 episcopus,
963 2851 1074 2893 servus
1097 2851 1264 2894 servorum
1287 2831 1348 2906 dei,
1371 2829 1491 2892 dilecto
1508 2828 1574 2892 filio
1615 2829 1788 2892 .Rainardo
1808 2831 1981 2892 sacerdoti
1997 2828 2021 2912 ’)

350 2917 486 2982 salutem
506 2914 511 3000 Ι
532 2926 565 2982 et
586 2920 802 3000 apostolicam
827 2919 1097 2982 benedictionem.
1135 2918 1330 3001 Apostolice
1353 2919 1441 2981 sedis
1465 2917 1635 2981 clementia
1658 2919 1797 2982 devotos
1821 2927 1854 2981 et
1872 2918 2021 2980 humiles

351 3006 433 3070 filios
449 3027 491 3070 ex
506 3017 633 3071 assuete
650 3007 654 3088 l
671 3009 798 3090 pietatis
815 3006 924 3071 officio
940 3011 1131 3090 propensius
1147 3007 1283 3090 diligere
1299 3009 1468 3071 consuevit
1482 3017 1515 3069 et
1531 3003 1550 3092 [,
1566 3009 1621 3086 qui
1637 3004 1822 3093 pravlorum
1844 3008 2020 3069 hominum

351 3096 506 3160 molestiis
529 3099 698 3179 agitentur,
730 3117 788 3160 eos
811 3116 868 3160 sue
893 3099 1107 3178 protectionis
1130 3098 1313 3172 munimine,
1336 3104 1502 3177 tamquam
1527 3099 1581 3179 pia
1605 3105 1716 3172 mater,
1745 3105 1794 3158 est
1815 3096 1911 3159 solita
1939 3116 2020 3158 con·

350 3185 469 3248 fovere.
516 3184 709 3268 Eapropter,
740 3184 856 3249 dilecte
879 3188 912 3247 in
936 3187 1071 3249 domino
1099 3185 1149 3262 fili,
1180 3187 1399 3262 devotionem,
1430 3205 1528 3266 quam
1561 3204 1638 3267 erga
1666 3184 1798 3249 beatum
1823 3187 1961 3247 Petrum
1987 3194 2021 3246 et

350 3294 409 3336 nos
432 3275 522 3355 ipsos
544 3273 666 3338 habere
684 3273 713 3360 d)
736 3275 920 3348 dinosceris,
952 3276 1172 3352 attendentes,
1205 3294 1379 3358 personam
1409 3282 1499 3337 tuam
1529 3294 1603 3336 curn
1634 3275 1784 3337 omnibus
1813 3275 1911 3337 bonis
1949 3283 2019 3337 tam

351 3363 584 3440 ecclesiasticis,
608 3384 705 3444 quam
722 3363 902 3440 mundaniS,
916 3383 981 3443 que
995 3367 1027 3427 in
1043 3365 1276 3447 presentiarum
1292 3363 1525 3426 rationabiliter
1541 3363 1689 3444 possides
1707 3361 1735 3448 e)
1750 3371 1806 3425 aut
1821 3363 1851 3425 in
1868 3362 2019 3426 futurum

350 3453 442 3514 iustis
465 3452 580 3528 modis,
613 3460 777 3534 prestante
801 3453 944 3527 domino,
974 3456 1096 3534 poteris
1120 3455 1265 3537 adipisci,
1298 3452 1359 3516 sub
1391 3452 1478 3516 beati
1501 3453 1586 3515 Petri
1617 3461 1650 3515 et
1672 3461 1783 3514 nostra
1805 3455 2019 3534 protectione

350 3542 544 3622 suscipimus
578 3549 610 3604 et
640 3543 799 3623 presentis
831 3541 940 3622 scripti
971 3544 1089 3624 pagina
1118 3544 1365 3607 communimus.
1412 3539 1616 3616 StatuenteS,
1648 3549 1700 3616 ut,
1730 3541 1755 3603 si
1785 3549 1818 3603 te
1846 3543 1879 3604 in
1901 3541 2017 3623 aliquo

350 3632 475 3711 gravari
499 3632 704 3711 presenseris,
729 3629 830 3693 libere
852 3631 913 3694 tibi
936 3623 1039 3706 liceat,
1066 3632 1179 3695 sedem
1203 3631 1417 3713 apostolicam
1441 3630 1617 3712 appellare.
1648 3629 1750 3696 ,Nulli
1774 3649 1854 3711 ergo
1878 3632 2017 3693 omnino

349 3717 516 3781 hominum
541 3719 588 3782 las
618 3722 669 3794 sit,
700 3739 873 3801 personam
905 3727 993 3782 tuam
1017 3720 1068 3783 vel
1091 3721 1178 3783 bona
1206 3728 1329 3783 temere
1353 3720 1543 3801 perturbare
1573 3739 1630 3782 seu
1661 3719 1860 3800 quibuslibet
1889 3739 2016 3782 vexare

349 3807 514 3871 molestiis.
560 3806 594 3870 Si
627 3811 699 3888 quis
728 3818 836 3870 autem
871 3807 934 3871 hoc
960 3816 1154 3892 attemptare
1178 3810 1419 3891 presumpserit,
1451 3809 1706 3889 indignationem
1739 3809 1982 3889 omnipotentis
2009 3807 2012 3817 '

349 3896 401 3960 dei
418 3904 451 3958 et
465 3897 636 3961 beatorum
653 3897 737 3960 Petri
752 3906 786 3959 et
801 3897 898 3972 Pauli,
921 3898 1146 3979 apostolorum
1171 3900 1247 3972 eius
1271 3919 1306 3960 se
1321 3897 1447 3960 noverit
1462 3899 1669 3960 incursurum.
1695 3933 1729 3944 -
1759 3897 1834 3959 Dat.
1849 3897 2015 3970 Laterani,

348 3984 434 4049 Non.
458 3985 576 4049 Martii.

510 4101 553 4150 Or.
572 4101 606 4150 im
623 4101 777 4166 allgeauinen
795 4102 976 4152 Reichsarchrac
993 4119 1023 4150 aa
1041 4101 1177 4152 Miimhen.

509 4171 656 4236 Perg.1'lol.,
681 4173 716 4222 br.
735 4175 821 4233 0305,
846 4175 906 4239 long
922 4175 1006 4233 0,205,
1032 4181 1105 4223 umen
1123 4190 1142 4222 c.
1163 4175 1241 4229 0,002
1266 4173 1458 4238 umgesclrlogm,
1484 4171 1561 4220 durch
1580 4171 1596 4218 2
1614 4171 1706 4221 La'rleer
1726 4173 1785 4236 geht
1800 4171 1838 4220 die
1860 4171 2015 4239 dmkelgedr

349 4242 499 4309 ddemsddrge
518 4243 699 4303 Seidmchnur,
718 4260 803 4292 aaran
820 4245 864 4292 das
883 4243 1008 4308 Bleisiegel
1021 4246 1113 4310 Magn
1131 4245 1268 4310 abgmssen,
1288 4245 1318 4294 ist
1333 4243 1366 4293 sie
1381 4243 1470 4292 wieder
1485 4243 1632 4308 eingeknatet.
1669 4242 1779 4308 Faltureg
1794 4243 1838 4292 dtr
1854 4243 1961 4294 araas

1085 4525 1152 4601 Nr.
1181 4529 1268 4602 278.

348 4653 529 4719 Alexander
552 4653 616 4718 III
636 4653 784 4738 bestdtegt
806 4654 879 4720 dem
906 4655 1068 4740 Magister
1093 4659 1208 4722 Petras
1235 4659 1365 4744 Longas
1391 4660 1452 4722 dea
1480 4655 1586 4723 Besa‘te
1618 4657 1679 4724 a'er
1701 4657 1866 4725 Prdbende
1893 4660 1929 4726 in
1955 4659 2013 4727 der

852 4745 889 4809 K
891 4746 978 4809 r'rche
991 4767 1056 4810 aaa
1070 4745 1220 4829 Daa'raga
1237 4746 1295 4830 (D.
1316 4749 1458 4834 Milana)
1475 4751 1505 4834 ⁴)

891 4864 1100 4925 1166-1179
1123 4863 1221 4926 Meire
1235 4865 1290 4925 27.
1318 4863 1469 4926 Lateraa.

505 4973 697 5038 Alexander
719 4975 900 5059 episcopus,
922 4997 1033 5040 servus
1055 4999 1222 5041 servorum
1246 4979 1309 5055 dei,
1332 4979 1451 5042 dilecto
1475 4977 1550 5054 tilio,
1581 4981 1737 5060 magistro
1761 4978 1859 5044 Petro
1884 4979 2008 5064 Longo,

346 5062 482 5126 salutem
516 5071 549 5126 et
583 5063 799 5146 apostolicam
839 5066 1111 5130 benedictionem.
1164 5067 1258 5131 Iustis
1289 5069 1467 5150 petentium
1505 5069 1670 5131 desideriis
1702 5069 1835 5150 dignum
1867 5080 1922 5133 est
1952 5090 2008 5134 nos

346 5151 472 5215 facilem
496 5153 634 5233 prebere
658 5173 848 5216 consensum
873 5164 906 5218 et
927 5164 1012 5232 vota,
1038 5177 1101 5238 que
1125 5178 1143 5219 a
1166 5160 1299 5219 rationis
1323 5160 1453 5220 tramite
1476 5177 1541 5220 non
1564 5157 1759 5234 discordant,
1792 5155 1913 5222 effectu
1936 5167 2008 5222 sunt

345 5252 566 5323 prosequente
589 5241 794 5323 complenda.
840 5243 1033 5326 Eapropter,
1064 5245 1182 5307 dilecte
1213 5247 1244 5308 in
1276 5247 1410 5309 domino
1438 5243 1488 5322 fili,
1521 5247 1584 5308 tuis
1608 5247 1697 5308 iustis
1729 5247 2006 5328 postulationibus

344 5338 439 5411 grato
455 5339 684 5395 concurrentes
699 5351 840 5406 assensu,
863 5333 1064 5415 prebendam
1085 5336 1116 5396 in
1133 5334 1268 5398 ecclesia
1284 5336 1326 5398 de
1342 5335 1487 5416 Dairago
1504 5332 1537 5420 δ),
1560 5337 1715 5398 canonice
1730 5335 1790 5398 tibi
1807 5355 2005 5412 concessam,

506 5481 530 5542 a)
549 5481 641 5530 Hinar
653 5497 678 5530 m
696 5484 780 5530 lr'asar
796 5479 856 5530 eines
874 5480 886 5529 s
989 5481 1014 5545 b)
1033 5482 1085 5545 aeef
1096 5484 1180 5530 Rosea
1196 5497 1243 5530 aare
1259 5482 1362 5531 mederer
1378 5481 1458 5532 Hand
1561 5486 1585 5540 cl
1605 5483 1649 5531 stis
1673 5483 1724 5546 mrf
1738 5485 1822 5532 Rome
1845 5499 1895 5534 aaa
1911 5486 2010 5534 mederer

345 5551 426 5601 Hand
511 5552 538 5608 dl
558 5553 651 5602 hebere
740 5559 765 5608 e)
783 5553 816 5600 ira
833 5555 914 5602 letaten
932 5568 944 5600 s
961 5552 1094 5618 korrrgdert.
1162 5595 1163 5598 ,
1183 5565 1218 5606 .1l
1238 5553 1283 5602 aa
1299 5553 1372 5612 Stilo,
1394 5554 1458 5603 a'e'dl.
1477 5570 1525 5604 oon
1547 5555 1689 5603 Catamara.
1782 5557 1808 5620 2)
1833 5557 1916 5621 Vergl.
1934 5557 2008 5605 Nm

346 5623 437 5674 Archia
446 5624 474 5688 f.
487 5641 510 5672 a.
527 5625 551 5673 d.
568 5624 597 5673 G.
617 5624 667 5672 Vll
675 5625 699 5672 S.
722 5627 771 5674 104
789 5623 836 5672 Nr.
857 5627 915 5674 158.
988 5624 1365 5687 31lt‘ainarddr'trflePrr'ester
1381 5640 1429 5674 aaa
1447 5626 1616 5674 Dietmarraell
1627 5627 1801 5690 gaaesensein.
1877 5635 1908 5688 4)
1933 5627 2005 5694 Vergl.

345 5695 383 5743 die
400 5695 459 5743 Uele.
471 5711 525 5743 vom
542 5698 573 5743 14
583 5695 639 5743 Mai
652 5699 724 5744 118⁸.
794 5701 819 5761 5)
844 5696 945 5746 Coae.ia
960 5695 1112 5755 Lamhardia,
1127 5704 1198 5758 praru
1212 5695 1238 5744 di
1250 5695 1355 5754 Milone,
1374 5697 1477 5746 cirrand.
1497 5697 1524 5745 di
1536 5697 1721 5762 Abbiategrasso,
1741 5699 1867 5747 arundeli
1882 5699 2007 5764 Cuggzbaa.
