4126 6366
304 307 366 381 308

1046 487 1112 562 Nr.
1140 492 1229 564 339.

304 621 423 686 Lucius
439 620 504 684 III
514 620 632 683 nimmt
643 620 698 685 die
715 618 987 704 Kollegzotkirclo
1003 619 1091 684 Sant'
1106 621 1214 704 Agata
1228 621 1268 686 di
1286 621 1444 686 Cremona
1464 621 1497 684 in
1519 617 1752 703 apostolisclzen
1767 617 1890 683 Schutz
1915 615 1986 678 und

303 710 455 792 bestotigt
469 709 542 773 ihre
556 709 799 775 Besitathrimer
812 709 881 774 und
893 709 1019 784 Rechte,
1042 712 1155 792 wofrir
1174 712 1223 775 sie
1236 709 1384 796 jdhrlr'ch
1402 713 1445 774 12
1467 708 1704 773 mailo'z'ndische
1717 709 1852 772 Demere
1865 727 1911 770 an
1926 703 1983 770 dic

900 796 1005 862 Kurie
1019 820 1059 862 au
1074 800 1251 864 entriclzten
1265 801 1326 865 hat
1340 802 1378 880 ¹).

898 916 984 977 1183
1006 911 1138 980 October
1152 919 1204 979 17.
1235 915 1377 999 Anagni.

463 1031 582 1094 Lucius
598 1031 783 1113 episcopus,
806 1052 917 1094 servus
932 1052 1098 1096 servorum
1116 1034 1178 1109 dei,
1203 1034 1329 1096 dilectis
1345 1033 1419 1096 filiis
1434 1032 1628 1108 Lanfranco‚
1652 1031 1824 1113 preposito
1841 1027 1984 1092 ecclesie

305 1129 417 1182 sancte
439 1119 597 1201 Agathes‚
622 1140 686 1202 que
709 1119 871 1184 Cremone
894 1122 956 1184 sita
979 1132 1037 1198 est,
1061 1123 1196 1205 eiusque
1220 1122 1381 1196 fratribus,
1411 1131 1478 1185 tam
1501 1120 1708 1205 presentibus
1732 1139 1830 1200 quam
1856 1118 1986 1190 futuris,

305 1209 486 1291 regularem
510 1210 611 1272 vitam
634 1210 797 1292 professis
821 1222 860 1273 ΙΝ
882 1225 958 1273 ΡΡΜ.
1003 1211 1201 1294 Religiosam
1225 1212 1326 1274 vitam
1349 1211 1545 1293 eligentibus
1575 1209 1794 1292 apostolicum
1824 1207 1986 1270 convenit

306 1300 422 1361 adesse
446 1299 632 1380 presidium,
664 1320 705 1361 ne
729 1299 813 1362 forte
836 1300 1007 1363 cuiuslibet
1030 1302 1222 1366 temeritatis
1250 1302 1395 1363 incursus
1425 1311 1481 1364 aut
1510 1320 1568 1363 eos
1591 1320 1613 1382 a
1634 1299 1807 1382 proposito
1838 1306 1986 1370 revocet,

306 1397 362 1450 aut
380 1388 487 1464 robur,
505 1389 595 1470 quod
611 1388 705 1463 absit,
722 1408 812 1453 sacre
827 1388 993 1470 religionis
1005 1389 1158 1472 infringat
1175 1387 1213 1475 ⁸).
1243 1391 1438 1473 Eapropter,
1455 1388 1564 1452 dilecti
1582 1389 1613 1451 in
1631 1389 1766 1451 domino
1783 1385 1987 1462 filii,vest1is

307 1477 398 1539 iustis
421 1477 698 1558 postulationibus
722 1478 898 1541 clementer
921 1480 1090 1542 annuimus
1113 1491 1147 1542 et
1169 1478 1329 1563 prefatam
1354 1478 1533 1554 ecclesiam,
1557 1477 1743 1560 specialiter
1764 1476 1808 1539 ad
1828 1477 1880 1538 ius
1896 1475 1988 1538 sedis

307 1567 489 1647 apostolice
526 1567 760 1648 pertinentem,
799 1567 1067 1650 predecessorum
1098 1577 1291 1644 nostrorum,
1331 1568 1433 1632 felicis
1464 1569 1620 1631 memorie
1651 1586 1813 1650 paparum
1843 1564 1988 1638 Urbani,

307 1655 456 1730 Pascalis,
489 1655 607 1719 Calixti
632 1665 665 1718 et
687 1658 835 1738 Eugenii,
858 1659 1003 1740 vestigiis
1027 1657 1219 1734 inherentes,
1250 1658 1311 1721 sub
1343 1658 1430 1722 beati
1454 1658 1539 1720 Petri
1570 1667 1604 1720 et
1633 1667 1744 1720 nostra
1773 1655 1988 1738 protectione

307 1745 500 1826 suscipimus
524 1755 557 1808 et
579 1745 738 1827 presentis
761 1747 873 1827 scripti
897 1747 1068 1828 privilegio
1092 1749 1331 1811 communimus
1349 1744 1386 1832 b).
1432 1747 1467 1810 ln
1484 1747 1597 1829 primis
1612 1745 1774 1827 siquidem
1790 1751 1988 1816 statuentes,

308 1843 344 1896 ut
366 1834 450 1895 ordo
474 1836 658 1910 canonicus,
690 1836 744 1916 qui
769 1836 947 1898 secundum
972 1837 1070 1899 deum
1093 1846 1127 1900 et
1149 1837 1237 1900 beati
1260 1835 1435 1919 Augustini
1471 1836 1615 1919 regulam
1648 1836 1680 1898 in
1712 1833 1854 1897 ecclesia
1875 1843 1989 1894 vestra

309 1923 453 1986 noscitur
476 1924 646 1998 institutus,
671 1927 837 2007 perpetuis
853 1925 977 1988 ibidem
992 1926 1197 2008 temporibus
1213 1926 1443 1989 inviolabiliter
1458 1926 1656 1989 observetur.
1701 1923 1864 1997 Preterea,
1890 1941 1988 2003 quas·

308 2032 449 2092 cumque
471 2014 705 2094 possessiones,
730 2034 935 2096 quecumque
958 2015 1047 2078 bona
1070 2015 1186 2078 eadem
1210 2015 1347 2080 ecclesia
1370 2016 1402 2078 in
1427 2014 1662 2098 presentiarum
1678 2015 1759 2076 iuste
1774 2023 1809 2075 et
1823 2011 1989 2075 canonice

308 2102 457 2184 possidet
472 2111 527 2165 aut
552 2103 585 2164 in
602 2102 744 2166 futurum
760 2105 973 2167 concessione
988 2104 1190 2188 pontificum,
1212 2104 1382 2187 largitione
1397 2125 1510 2187 regum
1526 2105 1578 2167 vel
1593 2104 1787 2186 principum,
1812 2100 1990 2164 oblatione

308 2191 453 2253 fidelium
485 2212 541 2254 seu
565 2192 636 2255 aliis
659 2193 749 2256 iustis
773 2194 889 2269 modis,
913 2204 1079 2276 prestante
1103 2195 1249 2268 domino,
1271 2195 1393 2276 poterit
1407 2195 1554 2276 adipisci,
1578 2193 1672 2255 firma
1686 2191 1782 2254 vobis
1801 2191 1990 2271 vestrisque

308 2281 550 2344 successoribus
589 2290 622 2343 et
659 2281 785 2345 illibata
822 2290 1046 2364 permaneant.
1100 2283 1137 2346 ln
1167 2283 1284 2365 quibus
1314 2282 1376 2346 hec
1406 2283 1548 2366 propriis
1583 2283 1735 2345 duximus
1767 2279 1992 2363 exprimenda

307 2369 494 2433 vocabulis:
533 2370 642 2433 locum
666 2371 790 2452 ipsum,
821 2373 945 2454 inquo
976 2373 1103 2454 prefata
1131 2373 1269 2437 ecclesia
1297 2373 1360 2435 sita
1391 2383 1454 2448 est,
1488 2392 1562 2434 cum
1592 2370 1745 2434 omnibus
1777 2369 1991 2452 pertinentiis

308 2460 382 2532 suis,
405 2459 517 2521 villam
537 2456 564 2544 c)
588 2460 629 2522 de
645 2458 773 2543 Campo
797 2481 907 2524 macro
932 2480 1006 2524 cum
1028 2462 1155 2543 capella
1178 2463 1281 2526 sancti
1298 2457 1524 2544 Christophori
1545 2471 1579 2524 et
1601 2460 1754 2523 omnibus
1777 2457 1992 2541 pertinentiis

309 2568 429 2624 earum,
453 2548 614 2629 capellam
637 2549 740 2612 sancti
755 2551 907 2613 Nicholai
932 2551 973 2613 de
989 2551 1101 2633 Gurgo
1125 2571 1199 2614 cum
1223 2551 1422 2634 appenditiis
1438 2551 1512 2627 suis,
1536 2550 1708 2614 ecclesiam
1723 2559 1836 2612 sancte
1851 2545 1992 2610 Valerie

247 2627 255 2648 ⁸
309 2638 351 2700 de
374 2637 492 2719 Augea
515 2658 590 2700 cum
612 2639 815 2721 pertinentiis
838 2641 912 2716 suis,
937 2641 1093 2722 quicquid
1115 2640 1244 2703 habetis
1267 2642 1300 2703 in
1324 2638 1525 2715 Manzianiis,
1548 2638 1719 2702 ecclesiam
1742 2638 1847 2701 sancti
1871 2635 1990 2700 Iacobi

310 2727 351 2789 de
374 2725 461 2809 Ripa
482 2728 618 2790 sortiata
645 2749 719 2790 cum
742 2729 896 2792 omnibus
919 2730 962 2792 ad
992 2731 1095 2812 ipsam
1118 2729 1364 2812 pertinentibus,
1395 2729 1552 2811 quicquid
1575 2728 1703 2792 habetis
1726 2728 1759 2790 in
1782 2726 1993 2808 Aqualonga

309 2827 344 2879 et
367 2816 523 2898 quicquid
554 2815 683 2880 habetis
714 2818 747 2879 in
770 2817 918 2882 Salarolo
936 2816 961 2904 2)
991 2829 1025 2881 et
1054 2818 1217 2882 Caretolo.
1255 2817 1491 2882 Censtituimus
1514 2829 1672 2902 preterea,
1702 2827 1738 2880 ut
1761 2825 1879 2898 quarta
1910 2835 1992 2897 pars

309 2905 496 2968 reddituum
519 2915 701 2969 vestrorum
723 2907 756 2968 in
780 2929 856 2970 usus
878 2906 1047 2989 hospitum
1071 2907 1283 2990 expendatur,
1314 2908 1559 2972 xenodochium
1590 2917 1700 2970 autem
1722 2908 1756 2968 in
1779 2915 1889 2968 vestra
1914 2923 1991 2987 per·

310 3005 443 3058 maneat
479 3001 653 3077 potestate.
700 2995 787 3060 Sane
825 2996 975 3060 laborum
1013 3008 1211 3074 vestrorum,
1243 3017 1326 3080 quos
1356 2999 1498 3080 propriis
1530 2997 1682 3060 manibus
1712 3005 1767 3058 aut
1796 2993 1991 3076 sumptibus

310 3084 430 3159 colitis,
460 3085 528 3146 sive
552 3083 594 3147 de
623 3086 829 3148 nutrimentis
860 3087 1047 3149 animalium
1076 3097 1257 3150 vestrorum
1288 3107 1488 3169 quemquam
1520 3107 1541 3149 a
1562 3085 1657 3149 vobis
1686 3085 1806 3148 laicum
1838 3084 1991 3146 decimas

310 3174 442 3255 exigere
470 3173 523 3236 vel
562 3183 757 3256 extorquere
794 3176 855 3239 sub
889 3175 1152 3240 interminatione
1183 3175 1399 3240 anathematis
1428 3174 1651 3260 prohibemus.
1704 3175 1820 3237 Liceat
1851 3191 1991 3254 quoque

310 3262 414 3336 vobis,
446 3263 580 3326 clericos
601 3263 654 3326 vel
678 3263 787 3338 laicos
819 3261 885 3350 ed)
907 3265 1017 3328 seculo
1047 3265 1224 3347 fugientes,
1256 3265 1376 3329 liberos
1406 3278 1440 3329 et
1463 3265 1640 3339 absolutos,
1668 3264 1710 3327 ad
1734 3263 1990 3326 conversionem

309 3361 452 3415 vestram
475 3352 620 3434 recipere
643 3363 677 3416 et
699 3374 755 3416 eos
779 3354 904 3435 absque
928 3355 1187 3418 contradictione
1210 3355 1320 3436 aliqua
1343 3356 1489 3418 retinere.
1535 3352 1750 3417 Prohibemus
1772 3353 1919 3434 insuper,
1955 3361 1991 3412 ut

310 3441 389 3503 nulli
413 3440 547 3503 fratrum
570 3451 751 3505 vestrorum
774 3453 852 3524 post
875 3443 995 3508 factam
1019 3445 1051 3506 in
1076 3444 1195 3507 eodem
1218 3443 1293 3507 loco
1316 3444 1555 3527 professionem
1580 3443 1628 3506 fas
1647 3443 1697 3516 sit,
1713 3443 1755 3504 de
1771 3441 1892 3504 eodem
1911 3440 1989 3502 loco

311 3531 371 3593 nisi
396 3531 523 3593 artioris
545 3530 709 3612 religionis
732 3542 871 3613 optentu
895 3533 1079 3610 discedere;
1111 3533 1334 3596 discedentem
1357 3554 1435 3596 vero
1458 3535 1528 3596 sine
1557 3533 1780 3596 communium
1803 3530 1989 3592 litterarum

311 3621 463 3682 cautione
486 3620 590 3683 nullus
614 3621 735 3684 audeat
757 3623 902 3684 retinere.
949 3622 1074 3685 Crisma
1096 3642 1183 3698 ver0,
1214 3623 1323 3685 oleum
1356 3633 1514 3697 sanctum,
1545 3622 1809 3685 consecrationes
1832 3619 1988 3681 altarium

311 3730 367 3771 seu
390 3709 606 3785 basilicarum,
638 3711 861 3773 ordinationes
885 3711 1083 3785 clericorum,
1114 3713 1169 3792 qui
1198 3712 1240 3774 ad
1263 3732 1373 3775 sacros
1402 3713 1533 3774 ordines
1566 3711 1684 3774 fuerint
1713 3708 1991 3792 promovendi,a

312 3799 478 3861 diocesani
501 3799 684 3880 suscipietis
708 3801 877 3882 episcopo,
900 3802 1064 3882 siquidem
1087 3801 1267 3864 catholicus
1290 3801 1386 3863 fuerit
1400 3811 1433 3864 et
1449 3802 1587 3882 gratiam
1604 3810 1702 3881 atque
1718 3799 1990 3862 communionem

312 3888 494 3968 apostolice
516 3889 603 3951 sedis
626 3887 777 3952 habuerit
800 3898 833 3952 et
856 3911 896 3952 ea
919 3892 1018 3970 gratis
1042 3901 1075 3953 et
1098 3890 1224 3972 absque
1247 3891 1407 3972 pravitate
1431 3891 1541 3971 aliqua
1554 3890 1651 3952 vobis
1672 3889 1813 3952 voluerit
1835 3887 1990 3960 exibere;

312 3978 457 4058 alioquin
473 3977 569 4040 liceat
580 3978 941 4060 vobis,·quemcumque
957 3980 1141 4053 malueritis,
1158 3980 1355 4042 catholicum
1371 3980 1461 4042 adire
1476 3979 1664 4052 antistitem,
1677 3979 1741 4059 qui,
1758 3982 1873 4039 nostra
1889 3975 1991 4038 fultus

312 4067 519 4141 auctoritate,
551 4067 641 4147 quod
669 4068 859 4149 postulatur,
891 4068 1066 4150 indulgeat.
1112 4069 1320 4151 Sepulturam
1343 4078 1492 4151 preterea
1523 4069 1623 4151 ipsius
1651 4067 1714 4129 loci
1746 4066 1885 4129 liberam
1918 4085 1991 4127 esse

313 4156 524 4230 decernimus,
549 4166 584 4218 ut
607 4177 719 4219 eorum
744 4157 911 4220 devotioni
936 4168 968 4219 et
992 4167 1137 4220 extreme
1159 4158 1328 4234 voluntati,
1352 4159 1406 4240 qui
1430 4177 1466 4221 se
1485 4158 1550 4222 illic
1566 4156 1706 4240 sepelliri
1724 4154 1989 4226 deliberaverint,

312 4245 372 4307 nisi
396 4243 481 4307 forte
505 4246 778 4308 excommunicati
802 4246 854 4308 vel
877 4247 1039 4310 interdicti
1063 4248 1136 4322 sint,
1160 4247 1266 4310 nullus
1288 4248 1435 4321 obsistat,
1459 4248 1549 4310 salva
1570 4255 1681 4310 tamen
1705 4245 1827 4308 iustitia
1842 4244 1991 4306 matricis

313 4334 456 4396 ecclesie
496 4334 579 4397 Cum
595 4343 702 4396 autem
720 4335 871 4415 generale
887 4335 1094 4398 interdictum
1110 4346 1194 4399 terre
1211 4336 1314 4412 fuerit,
1336 4337 1432 4399 liceat
1446 4336 1551 4412 vobis,
1575 4336 1692 4399 clausis
1708 4335 1821 4408 ianuis,
1846 4333 1990 4396 exclusis

313 4423 606 4486 excommunicatis
629 4433 662 4486 et
685 4422 871 4497 interdictis,
896 4444 961 4487 non
986 4425 1122 4506 pulsatis
1145 4426 1323 4508 campanis,
1346 4443 1523 4509 suppressa
1544 4445 1627 4488 voce
1650 4424 1760 4487 divina
1783 4420 1890 4484 offitia
1905 4422 1990 4484 cele·

311 4512 415 4575 brare.
462 4514 515 4574 De
546 4522 654 4575 cetero
686 4512 807 4575 nullam
839 4513 1013 4596 episcopus
1044 4516 1076 4576 in
1106 4516 1255 4597 predicta
1282 4516 1420 4579 ecclesia
1449 4524 1648 4597 potestatem
1679 4521 1847 4586 exerceat,
1880 4531 1990 4593 neque

314 4600 630 4677 excommunicandi,
663 4621 770 4682 neque
800 4603 1015 4666 interdicendi
1045 4615 1101 4667 aut
1130 4605 1173 4666 ad
1204 4605 1357 4667 sinodum
1388 4604 1551 4668 iuditiaria
1573 4612 1738 4685 potestate
1759 4602 1914 4676 vocandi,
1949 4621 1989 4662 eo

314 4693 465 4756 nimirum
496 4700 610 4753 tenore
639 4700 786 4767 servato,
825 4701 860 4754 ut
894 4713 1008 4756 omnes
1040 4693 1176 4757 ecclesie
1206 4692 1305 4776 ipsius
1336 4693 1442 4757 clerici
1474 4695 1506 4756 in
1536 4693 1611 4756 loco
1643 4693 1715 4774 ipso
1746 4690 1989 4773 professionem

314 4781 444 4856 faciant,
469 4781 604 4861 proprio
625 4777 652 4866 e)
675 4800 741 4843 non
765 4791 896 4844 utantur
918 4793 951 4845 et
975 4785 1064 4846 omni
1087 4783 1154 4846 vite
1177 4804 1234 4846 sue
1258 4793 1408 4866 tempore
1430 4783 1491 4846 sub
1516 4782 1671 4865 regularis
1692 4781 1759 4842 vite
1782 4779 1989 4842 districtione

314 4876 537 4952 permaneant.
583 4869 682 4935 Unde
705 4879 738 4933 et
760 4872 965 4952 temporibus
988 4872 1253 4954 competentibus
1276 4883 1385 4955 preter
1413 4872 1594 4935 emulorum
1625 4869 1923 4934 contradictionem
1946 4867 1989 4930 ad

313 4959 454 5022 sinaxim
470 4955 496 5044 ³)
526 4959 767 5034 celebrandam,
799 4961 861 5022 nisi
884 4961 1044 5042 generalis
1068 4963 1253 5025 interdictio
1276 4961 1349 5038 fiat,
1382 4961 1476 5044 signa
1506 4960 1635 5043 pulsare
1658 4968 1691 5022 et
1714 4969 1890 5021 consuetas
1914 4977 1988 5040 pro

315 5049 478 5111 cessiones
510 5048 674 5111 celebrare
705 5050 925 5112 concedimus.
972 5052 1127 5115 Obeunte
1156 5072 1235 5114 vero
1265 5058 1312 5128 te,
1344 5071 1429 5114 nunc
1459 5051 1605 5113 eiusdem
1636 5049 1699 5112 loci
1724 5047 1907 5130 preposito,
1936 5045 1988 5109 vel

313 5147 444 5200 tuorum
468 5138 616 5219 quolibet
639 5158 870 5214 successorum,
902 5140 1007 5204 nullus
1030 5140 1075 5203 ibi
1100 5140 1249 5222 qualibet
1270 5139 1492 5223 subreptionis
1514 5139 1633 5202 astutia
1654 5159 1712 5201 seu
1734 5137 1895 5200 violentia
1917 5156 1987 5218 pre·

314 5235 464 5309 ponatur,
487 5227 549 5290 nisi
572 5247 671 5308 quem
694 5227 807 5290 fratres
830 5231 996 5292 communi
1019 5249 1180 5293 consensu
1194 5229 1247 5292 vel
1271 5229 1405 5292 fratrum
1421 5249 1497 5311 pars
1512 5228 1636 5292 consilii
1652 5226 1789 5290 sanioris
1805 5225 1987 5289 secundum

315 5317 367 5379 dei
390 5317 543 5379 timorem
567 5327 599 5379 et
620 5317 709 5380 beati
732 5316 907 5400 Augustini
931 5319 1077 5401 regulam
1099 5319 1281 5400 providerit
1303 5319 1508 5400 eligendum;
1535 5338 1596 5380 nec
1619 5318 1681 5400 ipsi
1703 5336 1782 5379 vero
1806 5335 1870 5378 nec
1893 5313 1987 5378 alicui

473 5529 498 5592 a)
517 5527 625 5579 incurrat
708 5529 736 5597 b)
755 5531 953 5580 commonuimus
1038 5529 1063 5596 c)
1081 5529 1158 5578 ullam
1247 5529 1275 5594 d)
1294 5545 1310 5578 a
1393 5531 1418 5596 e)
1437 5530 1573 5594 proprium.
1592 5567 1644 5574 ..-
1664 5527 1700 5592 .1)
1725 5526 1803 5593 Vergl.
1823 5525 1890 5576 Seria
1907 5525 1988 5575 crr'tica

315 5597 462 5664 cronologica
485 5601 525 5650 dei
553 5601 648 5650 Vrscovr'
670 5600 698 5650 di
723 5601 839 5652 Cremona
858 5609 886 5667 p.
909 5603 945 5650 83
968 5601 1025 5650 und
1045 5599 1084 5650 die
1110 5601 1230 5650 Urkunde
1257 5601 1354 5650 orbans
1372 5601 1407 5660 II,
1431 5601 1486 5650 olm
1506 5603 1574 5650 1095
1592 5597 1664 5648 Mon
1688 5599 1730 5649 31.
1754 5627 1787 5636 -
1813 5601 1874 5663 Rep.
1892 5598 1986 5662 depone

317 5671 453 5722 Crmmuse
464 5678 491 5736 p.
511 5673 544 5724 58
562 5673 610 5722 Nr.
628 5674 690 5724 502.
762 5674 788 5737 2)
812 5673 933 5723 Vr‘elleiclzt
947 5675 1009 5738 jetrt
1026 5673 1141 5723 Solomlo.
1213 5673 1240 5737 3)
1258 5672 1377 5738 Syriacis:
1395 5679 1523 5722 conventus
1539 5687 1581 5722 sm
1600 5671 1747 5736 cmrgngotr'o
1763 5672 1939 5720 monacham
1956 5669 1990 5718 ad

313 5745 444 5793 modorum
462 5751 484 5793 e!
495 5744 657 5809 psalmodiam
675 5744 816 5800 comitium.
853 5747 898 5794 Du
919 5746 1007 5810 Congo,
1028 5745 1104 5794 Gloss.
1129 5743 1168 5793 VI
1174 5749 1202 5810 p.
1221 5746 1281 5794 469.
