4126 6356
305 342 367 404 Ῑ34

302 514 470 597 provocati
492 513 568 579 licet
591 517 734 578 omnium
760 514 964 578 ecclesiarum
988 514 1084 578 nobis
1107 515 1292 578 sollicitudo
1321 522 1354 578 et
1382 534 1458 577 cura
1482 516 1660 591 immineat,
1687 517 1836 597 predicte
1860 523 1976 578 tamen

300 612 413 666 sancte
436 603 663 667 Lateranensis
693 603 837 678 ecclesie,
869 624 1049 686 perquam
1081 605 1184 680 datur,
1215 613 1250 667 ut
1273 603 1440 686 invigilare
1464 606 1581 666 ceteris
1604 605 1757 668 omnibus
1779 605 1976 680 debeamus,

302 713 366 773 que
396 693 567 774 specialius
597 714 636 756 ac
674 693 859 756 familiarius
888 694 930 758 ad
963 694 1103 757 Romani
1135 694 1297 776 pontificis
1329 693 1566 756 ordinationem
1597 701 1748 776 spectare
1781 695 1977 769 dinoscitur,

301 781 451 864 ampliori
474 791 508 845 et
530 783 693 845 attentiori
718 803 777 846 nos
801 785 955 846 convenit
977 783 1072 846 sudio
1096 784 1279 866 providere.
1324 784 1519 864 Eapropter,
1549 783 1659 846 dilecti
1683 785 1716 846 in
1745 783 1882 845 domino
1907 781 1976 858 filii,

302 870 471 934 ecclesiam
504 874 617 954 ipsam,
648 874 680 934 in
711 891 775 952 qua
807 873 919 935 divino
951 873 1127 955 mancipati
1157 873 1233 936 estis
1257 871 1426 951 obsequio,
1457 872 1498 934 ad
1530 871 1699 953 exemplar
1726 872 1976 954 predecessoris

302 963 413 1034 nostri,
437 961 533 1023 beate
550 962 705 1025 memorie
721 961 900 1024 Alexandri
916 981 1002 1044 pape
1017 961 1161 1036 secundi,
1184 961 1368 1043 apostolice
1383 961 1470 1023 sedis
1490 960 1660 1043 privilegio
1675 962 1698 1042 ¹)
1722 961 1976 1024 communimus.

301 1049 465 1131 Imprimis
489 1051 649 1130 siquidem
674 1058 862 1126 statuentes
885 1059 922 1114 ut
943 1051 1026 1113 ordo
1051 1051 1234 1125 canonicus,
1258 1052 1313 1131 qui
1330 1051 1508 1112 secundum
1525 1051 1621 1112 deum
1640 1056 1672 1112 et
1687 1050 1777 1113 beati
1792 1049 1977 1132 Augustini

302 1139 446 1220 regulam
477 1139 520 1202 ibi
550 1142 694 1203 noscitur
726 1141 900 1216 institutus,
930 1142 1098 1223 perpetuis
1131 1140 1252 1203 ibidem
1276 1139 1480 1221 temporibus
1504 1138 1729 1202 inviolabiliter
1751 1146 1976 1202 conservetur.

302 1227 463 1304 Preterea,
494 1248 717 1309 quascumque
747 1233 981 1312 possessiones,
1013 1249 1219 1310 quecumque
1250 1229 1341 1292 bona
1370 1229 1487 1290 eadem
1510 1228 1647 1291 ecclesia
1677 1230 1977 1310 inpresentiarum

301 1319 387 1379 iuste
410 1325 443 1380 et
467 1321 623 1381 canonice
646 1319 794 1400 possidet
817 1327 872 1381 aut
896 1321 928 1381 in
951 1318 1094 1381 futurum
1118 1320 1330 1382 concessione
1352 1317 1555 1399 pontificum,
1588 1316 1759 1399 largitione
1782 1338 1895 1399 regum
1922 1315 1978 1379 vel

303 1407 493 1489 principum,
519 1407 685 1471 oblatione
707 1407 849 1471 fidelium
874 1427 930 1471 seu
953 1407 1023 1470 aliis
1047 1409 1138 1470 iustis
1163 1407 1269 1470 modis
1296 1408 1360 1470 deo
1391 1409 1536 1488 propitio
1560 1409 1682 1488 poterit
1704 1407 1849 1490 adipisci,
1879 1406 1979 1469 firma

301 1495 395 1558 vobis
418 1498 600 1576 vestrisque
622 1496 866 1561 successoribus
889 1504 923 1560 et
944 1496 1065 1561 illibata
1089 1504 1310 1579 permaneant.
1355 1494 1392 1557 In
1417 1497 1533 1577 quibus
1560 1495 1622 1558 hec
1652 1498 1794 1578 propriis
1818 1497 1978 1558 duximus

303 1585 518 1667 exprimenda
539 1586 722 1649 vocabulis:
761 1587 972 1650 medietatem
996 1589 1142 1649 omnium
1166 1586 1370 1650 oblationum
1401 1583 1591 1668 principalis
1619 1583 1725 1647 altaris
1757 1587 1789 1647 in
1812 1586 1979 1667 integrum

302 1675 370 1736 sine
403 1676 568 1758 expendio
599 1674 727 1755 aliquo,
767 1676 932 1738 dationem
965 1677 1063 1738 etiam
1094 1695 1151 1738 seu
1183 1675 1362 1749 redditum,
1399 1675 1454 1754 qui
1484 1674 1719 1756 glandatricum
1750 1674 1883 1749 dicitur,
1925 1672 1980 1736 vel

302 1763 505 1827 herbaticum
518 1785 561 1827 ex
571 1768 687 1827 vestris
703 1767 813 1847 porcis
833 1765 860 1847 a)
876 1772 910 1828 et
926 1765 1108 1846 pecoribus,
1124 1785 1181 1826 seu
1194 1784 1324 1826 omnem
1342 1762 1538 1826 functionem
1551 1763 1594 1826 ab
1610 1763 1729 1826 eodem
1739 1764 1979 1845 predecessore

303 1861 416 1916 nostro
440 1854 577 1917 ecclesie
600 1855 661 1936 ipsi
685 1855 847 1917 collatam.
894 1851 1047 1917 Obeunte
1070 1874 1148 1917 vero
1176 1862 1218 1929 te,
1250 1872 1335 1915 nunc
1366 1853 1512 1916 eiusdem
1536 1851 1597 1915 loci
1627 1854 1736 1934 priore
1758 1852 1811 1915 vel
1841 1861 1978 1914 tuorum

304 1943 451 2024 quolibet
473 1963 707 2019 successorum,
740 1942 843 2006 nullus
867 1944 912 2006 ibi
937 1943 1084 2024 qualibet
1106 1943 1320 2025 surreptionis
1350 1943 1474 2004 astucia
1505 1961 1561 2004 seu
1585 1941 1737 2004 violentia
1761 1951 1979 2023 preponatur,

303 2032 362 2094 sed
386 2030 501 2096 fratres
524 2035 556 2095 in
580 2033 688 2112 aliqua
712 2053 852 2115 persona
875 2033 917 2094 de
939 2040 1050 2095 vestro
1073 2031 1222 2114 collegio,
1253 2033 1279 2094 si
1309 2031 1428 2093 idonea
1458 2040 1587 2112 reperta
1618 2031 1721 2104 fuerit,
1752 2031 1804 2093 vel
1836 2031 1881 2092 de
1911 2030 1979 2093 alio

303 2121 456 2202 religioso
481 2130 641 2185 conventu
671 2125 759 2204 prius
782 2124 977 2186 conveniant
1000 2129 1032 2184 et
1053 2123 1267 2203 postmodum
1291 2120 1528 2194 cumconsilio,
1552 2118 1789 2182 deliberatione
1805 2126 1839 2182 et
1855 2119 1979 2182 iudicio

303 2211 441 2274 Romani
463 2212 627 2295 pontificis
652 2211 782 2294 eligant.
827 2211 961 2275 Electus
988 2217 1096 2274 autem
1128 2211 1207 2273 nulli
1241 2211 1301 2272 nisi
1332 2215 1458 2272 tantum
1489 2209 1550 2290 ipsi
1573 2211 1724 2271 Romano
1754 2207 1901 2290 pontifici
1933 2209 1978 2271 de

304 2300 492 2364 obedientia
523 2301 574 2363 vel
604 2302 809 2364 subiectione
840 2301 950 2380 aliqua
979 2307 1136 2364 teneatur.
1189 2299 1303 2363 Liceat
1335 2308 1485 2380 preterea
1514 2298 1607 2362 vobis
1647 2297 1781 2361 clericos
1810 2318 1831 2361 e
1862 2297 1979 2361 seculo

303 2389 461 2471 fugientes
483 2390 535 2454 vel
558 2390 659 2453 laicos
682 2390 813 2464 liberos,
843 2391 1072 2469 undecumque
1095 2389 1220 2466 fuerint,
1252 2389 1310 2451 nisi
1334 2387 1608 2451 excommunicati
1631 2387 1682 2449 vel
1713 2386 1879 2450 interdicti
1900 2389 1979 2462 sint,

303 2477 428 2560 absque
450 2479 585 2543 alicuius
608 2480 864 2543 contradictione
887 2479 929 2542 ad
953 2479 1197 2542 conversionem
1226 2479 1393 2559 suscipere
1421 2484 1463 2552 et,
1493 2477 1547 2558 qui
1576 2477 1719 2558 suscepti
1747 2475 1868 2539 fuerint
1898 2496 1978 2538 cum

303 2571 469 2632 communi
485 2569 618 2632 consilio
643 2570 756 2650 prioris
780 2576 813 2630 et
835 2568 979 2643 fratrum,
1003 2567 1081 2630 nulli
1106 2569 1148 2630 de
1171 2566 1362 2630 obedientia
1384 2572 1556 2629 teneantur
1578 2567 1638 2628 nisi
1653 2565 1806 2628 Romano
1826 2564 1978 2647 pontifici

304 2665 338 2720 et
360 2658 456 2740 priori
479 2658 624 2720 eiusdem
648 2659 784 2722 ecclesie
808 2665 850 2734 et,
883 2661 910 2720 si
940 2657 1030 2737 quod
1059 2659 1217 2739 scriptum
1242 2663 1355 2719 contra
1377 2652 1441 2718 hoc
1464 2663 1612 2718 nostrum
1634 2653 1841 2736 privilegium
1865 2653 1979 2733 aliquo

303 2754 455 2829 ternpore
487 2749 689 2830 apparuerit,
720 2750 753 2810 in
783 2749 907 2810 irritum
940 2747 1098 2809 ducimus.
1146 2745 1361 2809 Prohibemus
1391 2753 1518 2820 autem,
1551 2752 1588 2806 ut
1620 2742 1697 2806 nulli
1728 2743 1862 2806 fratrum
1895 2751 1979 2825 post

303 2836 425 2899 factam
448 2837 479 2898 in
504 2838 622 2900 eodem
646 2835 720 2899 loco
744 2836 989 2918 professionem,
1013 2838 1083 2898 sine
1100 2837 1216 2917 prioris
1232 2835 1279 2897 sui
1294 2834 1424 2897 licentia
1439 2833 1488 2896 fas
1503 2835 1553 2909 sit,
1577 2834 1619 2896 de
1636 2831 1776 2896 claustro
1792 2832 1978 2906 discedere,

304 2925 529 2990 discedentem
551 2947 629 2989 vero
652 2926 778 3006 absque
800 2921 989 3008 comfm)uni
1012 2924 1177 2988 literarum
1202 2924 1351 2987 cautione
1374 2922 1478 2985 nullus
1501 2923 1622 2985 audeat
1645 2923 1791 2985 retinere.
1830 2921 1887 2983 Ad
1912 2919 1978 2983 hec

304 3015 482 3078 adicientes
505 3016 712 3098 suggestione
735 3023 769 3079 et
783 3015 951 3078 voluntate
974 3015 1106 3078 fratrum
1123 3021 1306 3077 nostrorum
1323 3012 1536 3075 cardinalium
1552 3013 1784 3093 episcoporum
1800 3011 1978 3084 sancimus,

304 3111 341 3166 ut
363 3105 479 3167 eadem
503 3105 638 3168 ecclesia
661 3111 817 3184 tanquam
841 3104 1029 3186 principalis
1052 3111 1157 3165 mater
1180 3109 1213 3164 et
1229 3103 1363 3164 domina
1379 3102 1509 3163 omnino
1524 3101 1627 3164 libera
1642 3103 1685 3163 sit
1701 3108 1734 3162 et
1749 3098 1824 3163 nulli
1841 3102 1979 3182 penitus

304 3195 365 3256 nisi
388 3194 449 3256 soli
473 3193 623 3257 Romano
646 3194 792 3276 pontifici
814 3195 856 3256 sit
879 3194 1033 3268 subiecta,
1063 3200 1162 3272 atque
1193 3193 1281 3254 idem
1304 3192 1451 3273 episcopi
1482 3190 1603 3253 salubri
1634 3190 1848 3272 providentia,
1872 3187 1978 3251 veluti

305 3291 538 3365 cooperatores
554 3292 588 3346 et
609 3285 719 3346 vicarii
742 3285 853 3359 nostri,
875 3283 974 3364 ipsius
997 3281 1190 3345 venerabilis
1213 3279 1346 3344 basilice
1368 3279 1540 3342 utilitatem
1564 3287 1597 3341 et
1618 3278 1825 3341 honestatem
1848 3285 1978 3340 attente

305 3373 508 3454 provideant
558 3373 642 3437 Illud
674 3393 766 3448 ver0,
798 3373 888 3454 quod
920 3393 939 3434 a
967 3378 1149 3434 memorato
1180 3371 1413 3453 predecessore
1447 3375 1560 3432 nostro
1591 3366 1785 3431 Alexandro
1814 3373 1977 3429 statutum

305 3469 363 3535 est,
386 3464 529 3525 maxime
552 3463 717 3525 observari
741 3463 948 3544 precipimus,
978 3459 1141 3536 videlicet,
1171 3468 1206 3522 ut
1229 3479 1305 3522 vasa
1334 3478 1391 3521 seu
1413 3465 1522 3521 vestes
1552 3455 1663 3520 altaris
1695 3464 1728 3519 et
1750 3464 1870 3519 cuncta
1891 3455 1976 3518 sacri

305 3551 473 3615 ministerii
496 3559 687 3614 ornamenta
709 3573 774 3614 non
795 3559 970 3633 tangantur
995 3549 1047 3613 vel
1069 3549 1276 3632 proferantur
1305 3567 1363 3610 seu
1393 3554 1600 3630 reponantur,
1630 3553 1686 3608 aut
1716 3546 1812 3608 etiarn
1846 3543 1978 3625 quales-

305 3659 445 3720 cumque
468 3641 652 3704 oblationes
675 3639 818 3724 desuper
839 3640 930 3703 altari
952 3660 972 3702 a
995 3660 1061 3702 non
1084 3640 1218 3701 sacratis
1248 3638 1313 3700 deo
1345 3636 1498 3699 ministris
1530 3635 1695 3698 tollantur.
1742 3634 1854 3708 Porro,
1888 3633 1978 3697 cele·

305 3730 474 3794 brantibus
506 3730 630 3794 ibidem
661 3731 826 3813 episcopis
856 3749 947 3792 sacra
977 3730 1147 3791 missarum
1177 3725 1341 3800 solemnia,
1372 3727 1405 3788 in
1436 3724 1635 3789 clericalibus
1663 3725 1781 3786 tunicis
1803 3729 1979 3806 presentes

303 3821 381 3896 sitis,
406 3827 535 3883 cantum
559 3822 736 3902 imponatis
760 3828 793 3882 et
808 3839 851 3882 ex
865 3819 959 3882 vobis
976 3818 1201 3900 presbiterum,
1224 3816 1406 3891 diaconum,
1429 3814 1665 3878 subdiaconum
1681 3821 1781 3895 atque
1796 3812 1978 3875 accolitum

304 3929 435 3992 semper
457 3909 628 3993 providere
652 3910 777 3972 curetis.
823 3909 974 3972 Preterea
997 3908 1102 3969 minus
1125 3913 1265 3986 quatuor
1284 3903 1436 3967 fratribus
1456 3903 1680 3967 assistentibus
1697 3903 1794 3965 missa
1809 3902 1840 3964 in
1857 3901 1978 3964 eadem

305 3999 441 4063 ecclesia
463 4001 561 4062 etiam
584 3998 701 4062 diebus
724 3999 858 4080 privatis
881 3997 1013 4060 minime
1037 3993 1227 4071 celebretur,
1249 3994 1367 4056 diebus
1389 4013 1467 4056 vero
1490 3994 1664 4055 dominicis
1688 3993 1769 4054 etin
1785 3999 1978 4052 sanctorum

305 4089 543 4163 festivitatibus,
574 4094 858 4168 quantuscumque
896 4084 1000 4160 fuerit,
1030 4084 1193 4167 plenarius
1225 4090 1332 4145 vester
1361 4083 1440 4144 assit
1477 4089 1665 4145 conventus.
1720 4077 1768 4143 Ut
1798 4086 1910 4142 autem
1943 4081 1978 4142 in

305 4179 443 4241 ecclesia
459 4181 530 4259 ipsa
545 4177 698 4258 regularis
723 4176 841 4238 ordinis
865 4182 898 4238 et
920 4174 1089 4255 discipline
1104 4175 1197 4256 vigor
1211 4171 1449 4246 inviolabiliter,
1472 4171 1647 4234 auxiliante
1671 4170 1745 4245 deo,
1769 4169 1979 4231 custodiatur

305 4273 338 4330 et
361 4275 514 4341 servetur,
536 4284 800 4347 unumquemque
824 4263 1048 4347 predictorum
1071 4262 1281 4325 cardinalium
1298 4262 1540 4343 episcoporum,
1564 4261 1620 4341 qui
1640 4259 1772 4322 suntad
1789 4257 1979 4340 principalis

305 4355 413 4419 altaris
443 4356 609 4419 servitium
641 4355 798 4436 deputati,
828 4352 930 4416 semel
960 4355 993 4414 in
1022 4350 1233 4415 hebdomada
1264 4351 1307 4413 de
1337 4349 1544 4412 observantia
1573 4348 1684 4430 regule
1716 4367 1791 4410 cum
1823 4346 1979 4409 fratribus

306 4447 406 4528 ipsius
422 4445 486 4508 loci
502 4442 678 4525 capitulum
693 4450 804 4506 tenere
820 4451 861 4518 et,
884 4443 910 4504 si
926 4441 1005 4524 quid
1021 4461 1120 4523 grave
1143 4440 1370 4521 corrigendum
1394 4439 1497 4514 fuerit,
1519 4459 1595 4501 cum
1618 4433 1814 4520 com(m)uui
1838 4435 1979 4499 consilio

307 4536 425 4617 prioris
441 4542 473 4597 et
488 4532 621 4596 fratrum
645 4552 705 4616 per
727 4535 816 4614 ipsos
831 4533 901 4594 vice
923 4538 1035 4594 nostra
1059 4529 1224 4593 emendari
1246 4528 1425 4591 statuimus.
1471 4525 1506 4590 Si
1530 4546 1594 4608 qua
1617 4527 1714 4609 igitur
1744 4527 1776 4588 in
1804 4531 1978 4608 posterum

306 4623 525 4687 ecclesiastica
548 4622 742 4685 secularisve
772 4641 920 4705 persona,
950 4619 1034 4683 hanc
1066 4627 1175 4682 nostre
1207 4618 1446 4681 constitutionis
1478 4624 1512 4680 et
1537 4616 1795 4680 confirmationis
1819 4615 1977 4696 paginam

306 4715 420 4790 sciens,
443 4721 555 4776 contra
578 4732 650 4775 earn
675 4733 753 4774 ausu
781 4711 956 4775 temerario
979 4709 1088 4772 venire
1110 4709 1328 4789 temptaverit,
1360 4706 1505 4769 secundo
1537 4707 1675 4769 tertiove
1707 4705 1920 4778 commonita,
1953 4703 1979 4763 si

306 4825 372 4867 non
395 4803 616 4867 satisfactione
639 4821 782 4883 congrua
804 4799 1036 4875 emendaverit,
1064 4799 1236 4879 potestatis
1259 4795 1458 4876 honorisque
1480 4796 1530 4857 sui
1554 4795 1715 4876 dignitate
1738 4800 1849 4855 careat
1872 4811 1978 4854 ream·

307 4913 372 4975 que
394 4943 402 4956 .
425 4941 432 4956 .
457 4942 464 4956 .
489 4943 495 4956 .
519 4891 653 4955 Cunctis
674 4899 792 4953 autem.
818 4941 824 4954 .
848 4937 855 4951 .
878 4887 999 4952 Amen.
1021 4886 1141 4950 Arnen.
1165 4887 1284 4949 Amen.

518 4979 575 5062 (R)
598 4980 672 5062 Ego
694 4980 888 5043 Anastasius
912 4975 1072 5041 catholice
1095 4975 1233 5038 ecclesie
1255 4973 1431 5056 episcopus
1454 4993 1496 5034 ss.
1520 4967 1583 5057 (M)

519 5068 539 5152 †
563 5068 635 5151 Ego
658 5068 797 5132 Ymarus
821 5067 1024 5131 Tusculanus
1048 5068 1223 5148 episcopus
1246 5083 1287 5125 ss.

520 5158 540 5242 †
565 5159 637 5241 Ego
662 5159 761 5240 Hugo
786 5156 948 5221 Ostiensis
973 5157 1147 5237 episcopus
1170 5173 1211 5216 ss.

519 5251 540 5332 †
563 5248 636 5330 Ego
660 5246 820 5311 Guarinus
842 5247 1047 5310 Prenestinus
1071 5245 1247 5326 episcopus
1270 5261 1311 5303 ss.

519 5341 539 5422 †
563 5337 635 5420 Ego
660 5336 837 5420 Gregorius
861 5335 1023 5418 presbiter
1046 5332 1214 5397 cardinalis
1237 5331 1284 5394 tit.
1309 5329 1427 5394 Calixti
1450 5349 1491 5393 ss.

518 5428 539 5509 †
562 5429 635 5509 Ego
660 5425 767 5490 Guido
791 5426 953 5508 presbiter
976 5421 1145 5486 cardinalis
1168 5424 1215 5485 tit.
1239 5422 1343 5483 sancti
1367 5418 1539 5502 Grisogoni
1563 5437 1604 5478 ss.

519 5519 539 5604 †
562 5516 635 5598 Ego
659 5515 833 5580 Hubaldus
857 5511 1016 5596 presbiter
1039 5510 1209 5575 cardinalis
1232 5512 1281 5572 tit.
1303 5516 1416 5572 sancte
1439 5507 1594 5572 Praxedis
1616 5525 1659 5568 ss.

467 5723 492 5789 a)
511 5721 598 5788 portis.
615 5759 668 5766 -
687 5723 722 5786 .1)
741 5717 820 5770 Nicht
836 5715 950 5768 erhalten.
