<?xml version="1.0" encoding="UTF-8"?>
<!DOCTYPE html PUBLIC "-//W3C//DTD XHTML 1.0 Transitional//EN"
    "http://www.w3.org/TR/xhtml1/DTD/xhtml1-transitional.dtd">
<html xmlns="http://www.w3.org/1999/xhtml" xml:lang="en" lang="en">
 <head>
  <title>
</title>
<meta http-equiv="Content-Type" content="text/html;charset=utf-8" />
  <meta name='ocr-system' content='tesseract 3.04.00' />
  <meta name='ocr-capabilities' content='ocr_page ocr_carea ocr_par ocr_line ocrx_word'/>
</head>
<body>
  <div class='ocr_page' id='page_1' title='image "./actapontificumr00hargoog_0280.png"; bbox 0 0 4142 6366; ppageno 0'>
   <div class='ocr_carea' id='block_1_1' title="bbox 330 358 394 420">
    <p class='ocr_par' dir='ltr' id='par_1_1' title="bbox 330 358 394 420">
     <span class='ocr_line' id='line_1_1' title="bbox 330 358 394 420; baseline 0 0"><span class='ocrx_word' id='word_1_1' title='bbox 330 358 394 420; x_wconf 86' lang='lat'><strong>268</strong></span> 
     </span>
    </p>
   </div>
   <div class='ocr_carea' id='block_1_2' title="bbox 1068 539 1249 612">
    <p class='ocr_par' dir='ltr' id='par_1_2' title="bbox 1068 539 1249 612">
     <span class='ocr_line' id='line_1_2' title="bbox 1068 539 1249 612; baseline -0.006 0"><span class='ocrx_word' id='word_1_2' title='bbox 1068 539 1134 612; x_wconf 66' lang='grc' dir='ltr'><strong>ΝΡ.</strong></span> <span class='ocrx_word' id='word_1_3' title='bbox 1162 542 1249 612; x_wconf 79' lang='grc'><em>281.</em></span> 
     </span>
    </p>
   </div>
   <div class='ocr_carea' id='block_1_3' title="bbox 330 657 2002 1098">
    <p class='ocr_par' dir='ltr' id='par_1_3' title="bbox 330 657 2002 744">
     <span class='ocr_line' id='line_1_3' title="bbox 330 657 2002 744; baseline -0.004 -14"><span class='ocrx_word' id='word_1_4' title='bbox 330 665 514 730; x_wconf 77' lang='lat' dir='ltr'><em>Alexander</em></span> <span class='ocrx_word' id='word_1_5' title='bbox 527 665 593 728; x_wconf 90' lang='lat' dir='ltr'><strong>III</strong></span> <span class='ocrx_word' id='word_1_6' title='bbox 609 663 748 728; x_wconf 75' lang='lat' dir='ltr'><em>schreibt</em></span> <span class='ocrx_word' id='word_1_7' title='bbox 765 661 837 725; x_wconf 56' lang='lat' dir='ltr'><strong>hm</strong></span> <span class='ocrx_word' id='word_1_8' title='bbox 852 659 1061 743; x_wconf 83' lang='lat' dir='ltr'><strong>Domkapitel</strong></span> <span class='ocrx_word' id='word_1_9' title='bbox 1078 681 1138 723; x_wconf 83' lang='lat' dir='ltr'><strong>von</strong></span> <span class='ocrx_word' id='word_1_10' title='bbox 1154 657 1241 736; x_wconf 70' lang='lat' dir='ltr'><strong>Pota,</strong></span> <span class='ocrx_word' id='word_1_11' title='bbox 1265 681 1298 722; x_wconf 82' lang='lat' dir='ltr'><strong>es</strong></span> <span class='ocrx_word' id='word_1_12' title='bbox 1318 660 1396 723; x_wconf 86' lang='lat' dir='ltr'><strong>solle</strong></span> <span class='ocrx_word' id='word_1_13' title='bbox 1409 657 1476 722; x_wconf 83' lang='lat' dir='ltr'><strong>sich</strong></span> <span class='ocrx_word' id='word_1_14' title='bbox 1497 657 1556 722; x_wconf 82' lang='lat' dir='ltr'><strong>rnt&#39;t</strong></span> <span class='ocrx_word' id='word_1_15' title='bbox 1570 660 1631 724; x_wconf 82' lang='lat' dir='ltr'><strong>dor</strong></span> <span class='ocrx_word' id='word_1_16' title='bbox 1645 661 1774 744; x_wconf 83' lang='lat' dir='ltr'><strong>Ahgobe</strong></span> <span class='ocrx_word' id='word_1_17' title='bbox 1788 662 1851 725; x_wconf 82' lang='lat' dir='ltr'><strong>der</strong></span> <span class='ocrx_word' id='word_1_18' title='bbox 1865 661 2002 724; x_wconf 75' lang='lat' dir='ltr'><strong>Briidcr</strong></span> 
     </span>
    </p>

    <p class='ocr_par' dir='ltr' id='par_1_4' title="bbox 330 747 2000 834">
     <span class='ocr_line' id='line_1_4' title="bbox 330 747 2000 834; baseline -0.004 -15"><span class='ocrx_word' id='word_1_19' title='bbox 330 777 390 819; x_wconf 87' lang='lat' dir='ltr'><strong>von</strong></span> <span class='ocrx_word' id='word_1_20' title='bbox 405 754 542 818; x_wconf 87' lang='lat' dir='ltr'><strong>Bolsono</strong></span> <span class='ocrx_word' id='word_1_21' title='bbox 557 752 614 834; x_wconf 81' lang='lat' dir='ltr'><strong>(D.</strong></span> <span class='ocrx_word' id='word_1_22' title='bbox 635 752 750 830; x_wconf 72' lang='lat' dir='ltr'><strong>Sinna)</strong></span> <span class='ocrx_word' id='word_1_23' title='bbox 766 771 874 834; x_wconf 76' lang='lat' dir='ltr'><strong>thegen</strong></span> <span class='ocrx_word' id='word_1_24' title='bbox 889 749 950 813; x_wconf 86' lang='lat' dir='ltr'><strong>der</strong></span> <span class='ocrx_word' id='word_1_25' title='bbox 964 747 1003 811; x_wconf 90' lang='lat' dir='ltr'><em>K</em></span> <span class='ocrx_word' id='word_1_26' title='bbox 1003 747 1091 813; x_wconf 83' lang='lat' dir='ltr'><strong>t&#39;rche</strong></span> <span class='ocrx_word' id='word_1_27' title='bbox 1105 747 1173 812; x_wconf 80' lang='lat' dir='ltr'><strong>San</strong></span> <span class='ocrx_word' id='word_1_28' title='bbox 1190 749 1330 812; x_wconf 86' lang='lat' dir='ltr'><strong>Michele</strong></span> <span class='ocrx_word' id='word_1_29' title='bbox 1346 747 1376 812; x_wconf 76' lang='lat' dir='ltr'><strong>d</strong></span> <span class='ocrx_word' id='word_1_30' title='bbox 1384 747 1533 812; x_wconf 81' lang='lat' dir='ltr'><strong>Ortr&#39;cara</strong></span> <span class='ocrx_word' id='word_1_31' title='bbox 1545 750 1628 812; x_wconf 25' lang='lat' dir='ltr'><strong>*nach</strong></span> <span class='ocrx_word' id='word_1_32' title='bbox 1646 750 2000 832; x_wconf 80' lang='lat' dir='ltr'><strong>ihrergemeinschaft-</strong></span> 
     </span>
    </p>

    <p class='ocr_par' dir='ltr' id='par_1_5' title="bbox 332 837 2002 927">
     <span class='ocr_line' id='line_1_5' title="bbox 332 837 2002 927; baseline -0.005 -19"><span class='ocrx_word' id='word_1_33' title='bbox 332 842 435 908; x_wconf 81' lang='lat' dir='ltr'><strong>lichen</strong></span> <span class='ocrx_word' id='word_1_34' title='bbox 460 842 701 927; x_wconf 76' lang='lat' dir='ltr'><strong>Vereinbarnng</strong></span> <span class='ocrx_word' id='word_1_35' title='bbox 721 838 892 920; x_wconf 76' lang='lat' dir='ltr'><strong>anfrieden</strong></span> <span class='ocrx_word' id='word_1_36' title='bbox 908 837 1018 920; x_wconf 82' lang='lat' dir='ltr'><strong>geben,</strong></span> <span class='ocrx_word' id='word_1_37' title='bbox 1042 859 1079 900; x_wconf 85' lang='lat' dir='ltr'><strong>er</strong></span> <span class='ocrx_word' id='word_1_38' title='bbox 1097 837 1179 900; x_wconf 83' lang='lat' dir='ltr'><strong>habe</strong></span> <span class='ocrx_word' id='word_1_39' title='bbox 1193 838 1255 900; x_wconf 86' lang='lat' dir='ltr'><strong>den</strong></span> <span class='ocrx_word' id='word_1_40' title='bbox 1270 838 1409 900; x_wconf 78' lang='lat' dir='ltr'><strong>Pisonen</strong></span> <span class='ocrx_word' id='word_1_41' title='bbox 1422 837 1621 918; x_wconf 76' lang='lat' dir='ltr'><strong>Ernbischqs</strong></span> <span class='ocrx_word' id='word_1_42' title='bbox 1641 839 1835 922; x_wconf 83' lang='lat' dir='ltr'><strong>heonstragt,</strong></span> <span class='ocrx_word' id='word_1_43' title='bbox 1858 838 1909 902; x_wconf 81' lang='lat' dir='ltr'><strong>ein</strong></span> <span class='ocrx_word' id='word_1_44' title='bbox 1937 861 2002 902; x_wconf 84' lang='lat' dir='ltr'><strong>non</strong></span> 
     </span>
    </p>

    <p class='ocr_par' dir='ltr' id='par_1_6' title="bbox 332 925 2002 1098">
     <span class='ocr_line' id='line_1_6' title="bbox 332 925 2002 999; baseline -0.006 0"><span class='ocrx_word' id='word_1_45' title='bbox 332 933 394 999; x_wconf 79' lang='lat' dir='ltr'><strong>den</strong></span> <span class='ocrx_word' id='word_1_46' title='bbox 408 932 557 998; x_wconf 83' lang='lat' dir='ltr'><strong>Brt&#39;t&#39;dern</strong></span> <span class='ocrx_word' id='word_1_47' title='bbox 577 930 638 996; x_wconf 84' lang='lat' dir='ltr'><strong>der</strong></span> <span class='ocrx_word' id='word_1_48' title='bbox 658 927 836 995; x_wconf 80' lang='lat' dir='ltr'><strong>ro&#39;mischen</strong></span> <span class='ocrx_word' id='word_1_49' title='bbox 861 925 987 990; x_wconf 83' lang='lat' dir='ltr'><strong>Kirche</strong></span> <span class='ocrx_word' id='word_1_50' title='bbox 1009 926 1241 990; x_wconf 81' lang='lat' dir='ltr'><strong>hberwiesenes</strong></span> <span class='ocrx_word' id='word_1_51' title='bbox 1266 925 1469 990; x_wconf 84' lang='lat' dir='ltr'><strong>Grnndstitck</strong></span> <span class='ocrx_word' id='word_1_52' title='bbox 1489 927 1705 990; x_wconf 79' lang='lat' dir='ltr'><strong>annnnehmen</strong></span> <span class='ocrx_word' id='word_1_53' title='bbox 1732 929 1802 990; x_wconf 85' lang='lat' dir='ltr'><strong>und</strong></span> <span class='ocrx_word' id='word_1_54' title='bbox 1829 928 2002 991; x_wconf 79' lang='lat' dir='ltr'><strong>denselhen</strong></span> 
     </span>
     <span class='ocr_line' id='line_1_7' title="bbox 671 1013 1648 1098; baseline -0.004 -15"><span class='ocrx_word' id='word_1_55' title='bbox 671 1019 726 1084; x_wconf 84' lang='lat' dir='ltr'><strong>die</strong></span> <span class='ocrx_word' id='word_1_56' title='bbox 740 1013 935 1082; x_wconf 83' lang='lat' dir='ltr'><strong>Erlanbnt&#39;ss</strong></span> <span class='ocrx_word' id='word_1_57' title='bbox 948 1036 989 1078; x_wconf 82' lang='lat' dir='ltr'><strong>nn</strong></span> <span class='ocrx_word' id='word_1_58' title='bbox 997 1015 1110 1098; x_wconf 83' lang='lat' dir='ltr'><em>geben,</em></span> <span class='ocrx_word' id='word_1_59' title='bbox 1135 1015 1209 1078; x_wconf 86' lang='lat' dir='ltr'><strong>dort</strong></span> <span class='ocrx_word' id='word_1_60' title='bbox 1221 1015 1290 1077; x_wconf 81' lang='lat' dir='ltr'><strong>eine</strong></span> <span class='ocrx_word' id='word_1_61' title='bbox 1307 1013 1344 1077; x_wconf 90' lang='lat' dir='ltr'><em>K</em></span> <span class='ocrx_word' id='word_1_62' title='bbox 1345 1015 1432 1077; x_wconf 87' lang='lat' dir='ltr'><strong>irche</strong></span> <span class='ocrx_word' id='word_1_63' title='bbox 1445 1035 1488 1078; x_wconf 85' lang='lat' dir='ltr'><strong>nu</strong></span> <span class='ocrx_word' id='word_1_64' title='bbox 1503 1015 1648 1078; x_wconf 82' lang='lat' dir='ltr'><strong>erborten.</strong></span> 
     </span>
    </p>
   </div>
   <div class='ocr_carea' id='block_1_4' title="bbox 881 1120 1437 1194">
    <p class='ocr_par' dir='ltr' id='par_1_7' title="bbox 881 1120 1437 1194">
     <span class='ocr_line' id='line_1_8' title="bbox 881 1120 1437 1194; baseline -0.005 -9"><span class='ocrx_word' id='word_1_65' title='bbox 881 1124 1090 1185; x_wconf 81' lang='lat'><em>1166-1179</em></span> <span class='ocrx_word' id='word_1_66' title='bbox 1104 1120 1195 1194; x_wconf 89' lang='lat' dir='ltr'><strong>Jnni</strong></span> <span class='ocrx_word' id='word_1_67' title='bbox 1208 1123 1256 1182; x_wconf 79' lang='lat'><strong>10.</strong></span> <span class='ocrx_word' id='word_1_68' title='bbox 1288 1120 1437 1182; x_wconf 85' lang='lat' dir='ltr'><strong>Lateran.</strong></span> 
     </span>
    </p>
   </div>
   <div class='ocr_carea' id='block_1_5' title="bbox 333 1234 2008 3187">
    <p class='ocr_par' dir='ltr' id='par_1_8' title="bbox 333 1234 2008 3187">
     <span class='ocr_line' id='line_1_9' title="bbox 491 1234 2004 1323; baseline -0.006 -16"><span class='ocrx_word' id='word_1_69' title='bbox 491 1242 683 1306; x_wconf 87' lang='lat' dir='ltr'>Alexander</span> <span class='ocrx_word' id='word_1_70' title='bbox 694 1243 877 1323; x_wconf 90' lang='lat' dir='ltr'><strong>episcopus,</strong></span> <span class='ocrx_word' id='word_1_71' title='bbox 886 1257 998 1301; x_wconf 91' lang='lat' dir='ltr'><strong>servus</strong></span> <span class='ocrx_word' id='word_1_72' title='bbox 1009 1257 1176 1301; x_wconf 91' lang='lat' dir='ltr'><strong>servorum</strong></span> <span class='ocrx_word' id='word_1_73' title='bbox 1190 1236 1252 1308; x_wconf 90' lang='lat' dir='ltr'><strong>dei,</strong></span> <span class='ocrx_word' id='word_1_74' title='bbox 1261 1236 1388 1299; x_wconf 89' lang='lat' dir='ltr'><strong>dilectis</strong></span> <span class='ocrx_word' id='word_1_75' title='bbox 1400 1234 1481 1311; x_wconf 90' lang='lat' dir='ltr'><strong>filiis,</strong></span> <span class='ocrx_word' id='word_1_76' title='bbox 1498 1234 1664 1321; x_wconf 80' lang='lat' dir='ltr'><strong>.V(illano)</strong></span> <span class='ocrx_word' id='word_1_77' title='bbox 1683 1236 1707 1304; x_wconf 76' lang='lat'><strong>³)</strong></span> <span class='ocrx_word' id='word_1_78' title='bbox 1721 1235 2004 1318; x_wconf 87' lang='lat' dir='ltr'>archipresbitero</span> 
     </span>
     <span class='ocr_line' id='line_1_10' title="bbox 333 1323 2004 1412; baseline -0.005 -16"><span class='ocrx_word' id='word_1_79' title='bbox 333 1341 367 1396; x_wconf 89' lang='lat' dir='ltr'><strong>et</strong></span> <span class='ocrx_word' id='word_1_80' title='bbox 381 1335 545 1396; x_wconf 86' lang='lat' dir='ltr'><strong>canonicis</strong></span> <span class='ocrx_word' id='word_1_81' title='bbox 561 1333 675 1395; x_wconf 89' lang='lat' dir='ltr'><strong>Pisane</strong></span> <span class='ocrx_word' id='word_1_82' title='bbox 690 1328 833 1402; x_wconf 86' lang='lat' dir='ltr'><strong>ecclesie,</strong></span> <span class='ocrx_word' id='word_1_83' title='bbox 857 1327 994 1392; x_wconf 89' lang='lat' dir='ltr'><strong>salutem</strong></span> <span class='ocrx_word' id='word_1_84' title='bbox 1016 1323 1020 1412; x_wconf 91' lang='grc' dir='ltr'>Ι</span> <span class='ocrx_word' id='word_1_85' title='bbox 1041 1335 1075 1390; x_wconf 89' lang='lat' dir='ltr'><strong>et</strong></span> <span class='ocrx_word' id='word_1_86' title='bbox 1089 1325 1302 1408; x_wconf 91' lang='lat' dir='ltr'><strong>apostolicam</strong></span> <span class='ocrx_word' id='word_1_87' title='bbox 1318 1325 1591 1388; x_wconf 83' lang='lat' dir='ltr'><strong>benedictionem.</strong></span> <span class='ocrx_word' id='word_1_88' title='bbox 1631 1325 1712 1390; x_wconf 91' lang='lat' dir='ltr'><strong>Cum</strong></span> <span class='ocrx_word' id='word_1_89' title='bbox 1730 1327 1807 1389; x_wconf 91' lang='lat' dir='ltr'><strong>olim</strong></span> <span class='ocrx_word' id='word_1_90' title='bbox 1825 1325 1914 1388; x_wconf 91' lang='lat' dir='ltr'><strong>bone</strong></span> <span class='ocrx_word' id='word_1_91' title='bbox 1933 1345 2004 1388; x_wconf 88' lang='lat' dir='ltr'><strong>me·</strong></span> 
     </span>
     <span class='ocr_line' id='line_1_11' title="bbox 333 1411 2006 1506; baseline -0.005 -22"><span class='ocrx_word' id='word_1_92' title='bbox 333 1423 435 1484; x_wconf 90' lang='lat' dir='ltr'><strong>morie</strong></span> <span class='ocrx_word' id='word_1_93' title='bbox 452 1421 500 1486; x_wconf 93' lang='lat' dir='ltr'><strong>.U.</strong></span> <span class='ocrx_word' id='word_1_94' title='bbox 514 1421 545 1506; x_wconf 80' lang='grc' dir='ltr'><strong>Ἰ,</strong></span> <span class='ocrx_word' id='word_1_95' title='bbox 566 1421 732 1501; x_wconf 92' lang='lat' dir='ltr'><strong>quondam</strong></span> <span class='ocrx_word' id='word_1_96' title='bbox 750 1416 1017 1500; x_wconf 86' lang='lat' dir='ltr'><strong>archiepiscopus</strong></span> <span class='ocrx_word' id='word_1_97' title='bbox 1027 1422 1143 1490; x_wconf 89' lang='lat' dir='ltr'><strong>vester,</strong></span> <span class='ocrx_word' id='word_1_98' title='bbox 1162 1414 1288 1477; x_wconf 91' lang='lat' dir='ltr'><strong>dilectis</strong></span> <span class='ocrx_word' id='word_1_99' title='bbox 1300 1413 1371 1476; x_wconf 85' lang='lat' dir='ltr'><strong>filiis</strong></span> <span class='ocrx_word' id='word_1_100' title='bbox 1385 1416 1511 1490; x_wconf 90' lang='lat' dir='ltr'><strong>nostris,</strong></span> <span class='ocrx_word' id='word_1_101' title='bbox 1525 1415 1676 1477; x_wconf 84' lang='lat' dir='ltr'><strong>iratribus</strong></span> <span class='ocrx_word' id='word_1_102' title='bbox 1689 1411 1959 1501; x_wconf 74' lang='lat' dir='ltr'><strong>Pulsalnensibus</strong></span> <span class='ocrx_word' id='word_1_103' title='bbox 1970 1415 2006 1496; x_wconf 77' lang='grc' dir='ltr'><strong>Ἰ,</strong></span> 
     </span>
     <span class='ocr_line' id='line_1_12' title="bbox 334 1501 2006 1593; baseline -0.005 -20"><span class='ocrx_word' id='word_1_104' title='bbox 334 1530 447 1573; x_wconf 88' lang='lat' dir='ltr'><strong>eorum</strong></span> <span class='ocrx_word' id='word_1_105' title='bbox 470 1509 624 1593; x_wconf 87' lang='lat' dir='ltr'><strong>religione</strong></span> <span class='ocrx_word' id='word_1_106' title='bbox 648 1518 681 1571; x_wconf 89' lang='lat' dir='ltr'><strong>et</strong></span> <span class='ocrx_word' id='word_1_107' title='bbox 695 1508 866 1571; x_wconf 89' lang='lat' dir='ltr'><strong>honestate</strong></span> <span class='ocrx_word' id='word_1_108' title='bbox 881 1514 1027 1588; x_wconf 89' lang='lat' dir='ltr'><strong>pensata,</strong></span> <span class='ocrx_word' id='word_1_109' title='bbox 1051 1503 1222 1568; x_wconf 89' lang='lat' dir='ltr'><strong>ecclesiam</strong></span> <span class='ocrx_word' id='word_1_110' title='bbox 1237 1506 1340 1566; x_wconf 90' lang='lat' dir='ltr'><strong>sancti</strong></span> <span class='ocrx_word' id='word_1_111' title='bbox 1357 1502 1524 1566; x_wconf 89' lang='lat' dir='ltr'><strong>Michaelis</strong></span> <span class='ocrx_word' id='word_1_112' title='bbox 1540 1503 1582 1566; x_wconf 93' lang='lat' dir='ltr'><strong>de</strong></span> <span class='ocrx_word' id='word_1_113' title='bbox 1597 1501 1756 1567; x_wconf 90' lang='lat' dir='ltr'><strong>Urticaria</strong></span> <span class='ocrx_word' id='word_1_114' title='bbox 1773 1505 2006 1576; x_wconf 88' lang='lat' dir='ltr'><strong>concessisset,</strong></span> 
     </span>
     <span class='ocr_line' id='line_1_13' title="bbox 335 1592 2004 1680; baseline -0.005 -19"><span class='ocrx_word' id='word_1_115' title='bbox 335 1607 371 1661; x_wconf 90' lang='lat' dir='ltr'><strong>ut</strong></span> <span class='ocrx_word' id='word_1_116' title='bbox 393 1600 525 1679; x_wconf 90' lang='lat' dir='ltr'><strong>quidam</strong></span> <span class='ocrx_word' id='word_1_117' title='bbox 550 1619 592 1662; x_wconf 85' lang='lat' dir='ltr'><strong>ex</strong></span> <span class='ocrx_word' id='word_1_118' title='bbox 615 1600 694 1680; x_wconf 91' lang='lat' dir='ltr'><strong>ipsis</strong></span> <span class='ocrx_word' id='word_1_119' title='bbox 723 1598 765 1662; x_wconf 92' lang='lat' dir='ltr'><strong>ibi</strong></span> <span class='ocrx_word' id='word_1_120' title='bbox 789 1597 923 1660; x_wconf 91' lang='lat' dir='ltr'><strong>domino</strong></span> <span class='ocrx_word' id='word_1_121' title='bbox 955 1595 1103 1658; x_wconf 89' lang='lat' dir='ltr'><strong>debitum</strong></span> <span class='ocrx_word' id='word_1_122' title='bbox 1127 1593 1353 1675; x_wconf 89' lang='lat' dir='ltr'><strong>impenderent</strong></span> <span class='ocrx_word' id='word_1_123' title='bbox 1374 1592 1572 1667; x_wconf 85' lang='lat' dir='ltr'><strong>famulatum,</strong></span> <span class='ocrx_word' id='word_1_124' title='bbox 1595 1593 1737 1668; x_wconf 89' lang='lat' dir='ltr'><strong>tandem,</strong></span> <span class='ocrx_word' id='word_1_125' title='bbox 1760 1595 1836 1673; x_wconf 91' lang='lat' dir='ltr'><strong>quia</strong></span> <span class='ocrx_word' id='word_1_126' title='bbox 1860 1593 2004 1674; x_wconf 90' lang='lat' dir='ltr'><strong>quidam</strong></span> 
     </span>
     <span class='ocr_line' id='line_1_14' title="bbox 334 1681 2005 1769; baseline -0.004 -20"><span class='ocrx_word' id='word_1_127' title='bbox 334 1696 476 1750; x_wconf 88' lang='lat' dir='ltr'><strong>vestrum</strong></span> <span class='ocrx_word' id='word_1_128' title='bbox 500 1697 566 1751; x_wconf 89' lang='lat' dir='ltr'><strong>tam</strong></span> <span class='ocrx_word' id='word_1_129' title='bbox 588 1687 643 1769; x_wconf 93' lang='lat' dir='ltr'><strong>pio</strong></span> <span class='ocrx_word' id='word_1_130' title='bbox 659 1687 746 1750; x_wconf 85' lang='lat' dir='ltr'><strong>facto</strong></span> <span class='ocrx_word' id='word_1_131' title='bbox 762 1685 877 1768; x_wconf 90' lang='lat' dir='ltr'><strong>prelati</strong></span> <span class='ocrx_word' id='word_1_132' title='bbox 894 1683 1132 1765; x_wconf 90' lang='lat' dir='ltr'><strong>archiepiscopi</strong></span> <span class='ocrx_word' id='word_1_133' title='bbox 1147 1681 1370 1745; x_wconf 83' lang='lat' dir='ltr'><strong>contradicere</strong></span> <span class='ocrx_word' id='word_1_134' title='bbox 1384 1681 1586 1756; x_wconf 89' lang='lat' dir='ltr'><strong>videbantur,</strong></span> <span class='ocrx_word' id='word_1_135' title='bbox 1610 1683 1763 1745; x_wconf 90' lang='lat' dir='ltr'><strong>intervos</strong></span> <span class='ocrx_word' id='word_1_136' title='bbox 1781 1689 1813 1745; x_wconf 87' lang='lat' dir='ltr'><strong>et</strong></span> <span class='ocrx_word' id='word_1_137' title='bbox 1829 1682 2005 1764; x_wconf 89' lang='lat' dir='ltr'><strong>predictos</strong></span> 
     </span>
     <span class='ocr_line' id='line_1_15' title="bbox 336 1771 2005 1856; baseline -0.005 -16"><span class='ocrx_word' id='word_1_138' title='bbox 336 1777 448 1840; x_wconf 85' lang='lat' dir='ltr'><strong>fratres</strong></span> <span class='ocrx_word' id='word_1_139' title='bbox 472 1779 514 1840; x_wconf 94' lang='lat' dir='ltr'><strong>de</strong></span> <span class='ocrx_word' id='word_1_140' title='bbox 537 1776 638 1840; x_wconf 92' lang='lat' dir='ltr'><strong>libero</strong></span> <span class='ocrx_word' id='word_1_141' title='bbox 661 1797 793 1840; x_wconf 91' lang='lat' dir='ltr'><strong>assensu</strong></span> <span class='ocrx_word' id='word_1_142' title='bbox 817 1775 970 1856; x_wconf 90' lang='lat' dir='ltr'><strong>partium,</strong></span> <span class='ocrx_word' id='word_1_143' title='bbox 999 1773 1081 1835; x_wconf 91' lang='lat' dir='ltr'><strong>sicut</strong></span> <span class='ocrx_word' id='word_1_144' title='bbox 1103 1772 1305 1852; x_wconf 88' lang='lat' dir='ltr'><strong>accepimus,</strong></span> <span class='ocrx_word' id='word_1_145' title='bbox 1336 1771 1422 1833; x_wconf 85' lang='lat' dir='ltr'><strong>sacta</strong></span> <span class='ocrx_word' id='word_1_146' title='bbox 1454 1777 1504 1833; x_wconf 87' lang='lat' dir='ltr'><strong>est</strong></span> <span class='ocrx_word' id='word_1_147' title='bbox 1538 1771 1748 1851; x_wconf 83' lang='lat' dir='ltr'><strong>compositio,</strong></span> <span class='ocrx_word' id='word_1_148' title='bbox 1781 1773 1871 1852; x_wconf 92' lang='lat' dir='ltr'><strong>quod</strong></span> <span class='ocrx_word' id='word_1_149' title='bbox 1903 1771 2005 1833; x_wconf 91' lang='lat' dir='ltr'><strong>vobis</strong></span> 
     </span>
     <span class='ocr_line' id='line_1_16' title="bbox 335 1858 2004 1947; baseline -0.006 -18"><span class='ocrx_word' id='word_1_150' title='bbox 335 1868 466 1929; x_wconf 90' lang='lat' dir='ltr'><strong>nomine</strong></span> <span class='ocrx_word' id='word_1_151' title='bbox 489 1887 604 1929; x_wconf 91' lang='lat' dir='ltr'><strong>census</strong></span> <span class='ocrx_word' id='word_1_152' title='bbox 627 1867 669 1928; x_wconf 88' lang='lat' dir='ltr'><strong>de</strong></span> <span class='ocrx_word' id='word_1_153' title='bbox 693 1863 872 1947; x_wconf 86' lang='lat' dir='ltr'><strong>prescripta</strong></span> <span class='ocrx_word' id='word_1_154' title='bbox 887 1861 1023 1925; x_wconf 90' lang='lat' dir='ltr'><strong>ecclesia</strong></span> <span class='ocrx_word' id='word_1_155' title='bbox 1039 1863 1120 1924; x_wconf 90' lang='lat' dir='ltr'><strong>duas</strong></span> <span class='ocrx_word' id='word_1_156' title='bbox 1134 1859 1231 1922; x_wconf 90' lang='lat' dir='ltr'><strong>libras</strong></span> <span class='ocrx_word' id='word_1_157' title='bbox 1247 1879 1320 1922; x_wconf 88' lang='lat' dir='ltr'><strong>cere</strong></span> <span class='ocrx_word' id='word_1_158' title='bbox 1335 1858 1500 1922; x_wconf 88' lang='lat' dir='ltr'><strong>solverent</strong></span> <span class='ocrx_word' id='word_1_159' title='bbox 1515 1861 1698 1934; x_wconf 83' lang='lat' dir='ltr'><strong>annuatim3</strong></span> <span class='ocrx_word' id='word_1_160' title='bbox 1720 1861 1789 1935; x_wconf 91' lang='lat' dir='ltr'><strong>sed,</strong></span> <span class='ocrx_word' id='word_1_161' title='bbox 1812 1869 2004 1922; x_wconf 87' lang='lat' dir='ltr'><strong>memorato</strong></span> 
     </span>
     <span class='ocr_line' id='line_1_17' title="bbox 335 1944 2002 2038; baseline -0.005 -20"><span class='ocrx_word' id='word_1_162' title='bbox 335 1954 580 2038; x_wconf 89' lang='lat' dir='ltr'><strong>archiepiscopo</strong></span> <span class='ocrx_word' id='word_1_163' title='bbox 604 1955 806 2036; x_wconf 86' lang='lat' dir='ltr'><strong>prohibente,</strong></span> <span class='ocrx_word' id='word_1_164' title='bbox 829 1952 883 2032; x_wconf 93' lang='lat' dir='ltr'><strong>qui</strong></span> <span class='ocrx_word' id='word_1_165' title='bbox 907 1952 1044 2014; x_wconf 88' lang='lat' dir='ltr'><strong>eandem</strong></span> <span class='ocrx_word' id='word_1_166' title='bbox 1067 1949 1127 2013; x_wconf 91' lang='lat' dir='ltr'><strong>sibi</strong></span> <span class='ocrx_word' id='word_1_167' title='bbox 1143 1949 1314 2012; x_wconf 90' lang='lat' dir='ltr'><strong>ecclesiam</strong></span> <span class='ocrx_word' id='word_1_168' title='bbox 1333 1946 1363 2032; x_wconf 85' lang='lat' dir='ltr'><strong>b)</strong></span> <span class='ocrx_word' id='word_1_169' title='bbox 1384 1944 1623 2034; x_wconf 88' lang='lat' dir='ltr'><strong>vend[icabat?]</strong></span> <span class='ocrx_word' id='word_1_170' title='bbox 1648 1957 1682 2012; x_wconf 91' lang='lat' dir='ltr'><strong>et</strong></span> <span class='ocrx_word' id='word_1_171' title='bbox 1695 1949 1836 2022; x_wconf 73' lang='lat' dir='ltr'><strong>volebat,</strong></span> <span class='ocrx_word' id='word_1_172' title='bbox 1859 1950 2002 2010; x_wconf 90' lang='lat' dir='ltr'><strong>eosdem</strong></span> 
     </span>
     <span class='ocr_line' id='line_1_18' title="bbox 336 2034 2006 2124; baseline -0.006 -17"><span class='ocrx_word' id='word_1_173' title='bbox 336 2045 451 2107; x_wconf 86' lang='lat' dir='ltr'><strong>fratres</strong></span> <span class='ocrx_word' id='word_1_174' title='bbox 474 2065 545 2107; x_wconf 88' lang='lat' dir='ltr'><strong>eam</strong></span> <span class='ocrx_word' id='word_1_175' title='bbox 568 2046 636 2107; x_wconf 90' lang='lat' dir='ltr'><strong>sine</strong></span> <span class='ocrx_word' id='word_1_176' title='bbox 659 2063 756 2106; x_wconf 90' lang='lat' dir='ltr'><strong>censu</strong></span> <span class='ocrx_word' id='word_1_177' title='bbox 785 2041 933 2124; x_wconf 90' lang='lat' dir='ltr'><strong>quolibet</strong></span> <span class='ocrx_word' id='word_1_178' title='bbox 961 2039 1138 2122; x_wconf 90' lang='lat' dir='ltr'><strong>possidere,</strong></span> <span class='ocrx_word' id='word_1_179' title='bbox 1169 2038 1322 2101; x_wconf 90' lang='lat' dir='ltr'><strong>iamdicta</strong></span> <span class='ocrx_word' id='word_1_180' title='bbox 1353 2034 1588 2123; x_wconf 82' lang='lat' dir='ltr'><strong>compositio(?)</strong></span> <span class='ocrx_word' id='word_1_181' title='bbox 1611 2038 1756 2100; x_wconf 89' lang='lat' dir='ltr'><strong>debitum</strong></span> <span class='ocrx_word' id='word_1_182' title='bbox 1788 2058 1854 2100; x_wconf 91' lang='lat' dir='ltr'><strong>non</strong></span> <span class='ocrx_word' id='word_1_183' title='bbox 1884 2036 2006 2101; x_wconf 87' lang='lat' dir='ltr'><strong>habuit</strong></span> 
     </span>
     <span class='ocr_line' id='line_1_19' title="bbox 336 2125 2004 2216; baseline -0.007 -20"><span class='ocrx_word' id='word_1_184' title='bbox 336 2130 620 2216; x_wconf 65' lang='lat' dir='ltr'><strong>firmamentumh).</strong></span> <span class='ocrx_word' id='word_1_185' title='bbox 666 2133 825 2205; x_wconf 86' lang='lat' dir='ltr'><strong>Ceterum,</strong></span> <span class='ocrx_word' id='word_1_186' title='bbox 857 2132 933 2208; x_wconf 89' lang='lat' dir='ltr'><strong>quia</strong></span> <span class='ocrx_word' id='word_1_187' title='bbox 964 2148 1047 2190; x_wconf 90' lang='lat' dir='ltr'><strong>nunc</strong></span> <span class='ocrx_word' id='word_1_188' title='bbox 1076 2129 1117 2191; x_wconf 87' lang='lat' dir='ltr'><strong>ab</strong></span> <span class='ocrx_word' id='word_1_189' title='bbox 1141 2127 1263 2190; x_wconf 88' lang='lat' dir='ltr'><strong>eisdem</strong></span> <span class='ocrx_word' id='word_1_190' title='bbox 1287 2126 1446 2203; x_wconf 87' lang='lat' dir='ltr'><strong>fratribus,</strong></span> <span class='ocrx_word' id='word_1_191' title='bbox 1477 2128 1561 2188; x_wconf 90' lang='lat' dir='ltr'><strong>sicut</strong></span> <span class='ocrx_word' id='word_1_192' title='bbox 1592 2135 1747 2204; x_wconf 85' lang='lat' dir='ltr'><strong>asserunt,</strong></span> <span class='ocrx_word' id='word_1_193' title='bbox 1778 2125 2004 2208; x_wconf 48' lang='lat' dir='ltr'><strong>requisitus&amp;</strong></span> 
     </span>
     <span class='ocr_line' id='line_1_20' title="bbox 338 2213 2005 2307; baseline -0.005 -23"><span class='ocrx_word' id='word_1_194' title='bbox 338 2219 464 2307; x_wconf 80' lang='lat' dir='ltr'><strong>quod(?)</strong></span> <span class='ocrx_word' id='word_1_195' title='bbox 488 2243 506 2284; x_wconf 90' lang='lat' dir='ltr'><strong>a</strong></span> <span class='ocrx_word' id='word_1_196' title='bbox 528 2222 700 2303; x_wconf 90' lang='lat' dir='ltr'><strong>capellano</strong></span> <span class='ocrx_word' id='word_1_197' title='bbox 723 2222 822 2304; x_wconf 92' lang='lat' dir='ltr'><strong>ipsius</strong></span> <span class='ocrx_word' id='word_1_198' title='bbox 846 2217 980 2281; x_wconf 88' lang='lat' dir='ltr'><strong>ecclesie</strong></span> <span class='ocrx_word' id='word_1_199' title='bbox 1005 2264 1038 2279; x_wconf 91' lang='lat'><strong>..</strong></span> <span class='ocrx_word' id='word_1_200' title='bbox 1062 2267 1070 2280; x_wconf 91' lang='lat'><em>.</em></span> <span class='ocrx_word' id='word_1_201' title='bbox 1095 2267 1100 2279; x_wconf 94' lang='lat'><em>.</em></span> <span class='ocrx_word' id='word_1_202' title='bbox 1126 2264 1133 2279; x_wconf 93' lang='lat'><strong>.</strong></span> <span class='ocrx_word' id='word_1_203' title='bbox 1161 2264 1197 2279; x_wconf 86' lang='lat'><strong>..</strong></span> <span class='ocrx_word' id='word_1_204' title='bbox 1223 2263 1230 2276; x_wconf 91' lang='lat'>.</span> <span class='ocrx_word' id='word_1_205' title='bbox 1254 2236 1299 2291; x_wconf 90' lang='lat' dir='ltr'><strong>us,</strong></span> <span class='ocrx_word' id='word_1_206' title='bbox 1330 2234 1389 2277; x_wconf 89' lang='lat' dir='ltr'><strong>nos</strong></span> <span class='ocrx_word' id='word_1_207' title='bbox 1412 2235 1525 2278; x_wconf 88' lang='lat' dir='ltr'><strong>eorum</strong></span> <span class='ocrx_word' id='word_1_208' title='bbox 1550 2217 1624 2298; x_wconf 90' lang='lat' dir='ltr'><strong>paci</strong></span> <span class='ocrx_word' id='word_1_209' title='bbox 1648 2222 1680 2278; x_wconf 91' lang='lat' dir='ltr'><strong>et</strong></span> <span class='ocrx_word' id='word_1_210' title='bbox 1702 2213 1866 2279; x_wconf 89' lang='lat' dir='ltr'><strong>honestati</strong></span> <span class='ocrx_word' id='word_1_211' title='bbox 1890 2225 2005 2277; x_wconf 86' lang='lat' dir='ltr'><strong>vestre</strong></span> 
     </span>
     <span class='ocr_line' id='line_1_21' title="bbox 338 2305 2005 2393; baseline -0.005 -19"><span class='ocrx_word' id='word_1_212' title='bbox 338 2312 511 2393; x_wconf 90' lang='lat' dir='ltr'><strong>providere</strong></span> <span class='ocrx_word' id='word_1_213' title='bbox 542 2311 704 2384; x_wconf 90' lang='lat' dir='ltr'><strong>volentes,</strong></span> <span class='ocrx_word' id='word_1_214' title='bbox 737 2327 907 2372; x_wconf 90' lang='lat' dir='ltr'><strong>monemus</strong></span> <span class='ocrx_word' id='word_1_215' title='bbox 937 2307 1164 2369; x_wconf 89' lang='lat' dir='ltr'><strong>discretionem</strong></span> <span class='ocrx_word' id='word_1_216' title='bbox 1193 2312 1333 2368; x_wconf 90' lang='lat' dir='ltr'><strong>vestram</strong></span> <span class='ocrx_word' id='word_1_217' title='bbox 1364 2307 1579 2367; x_wconf 90' lang='lat' dir='ltr'><strong>attentius..</strong></span> <span class='ocrx_word' id='word_1_218' title='bbox 1606 2354 1613 2366; x_wconf 93' lang='lat'><strong>.</strong></span> <span class='ocrx_word' id='word_1_219' title='bbox 1636 2351 1673 2365; x_wconf 87' lang='lat'><strong>..</strong></span> <span class='ocrx_word' id='word_1_220' title='bbox 1699 2352 1705 2364; x_wconf 92' lang='lat'><em>.</em></span> <span class='ocrx_word' id='word_1_221' title='bbox 1730 2325 1775 2379; x_wconf 91' lang='lat' dir='ltr'><strong>m,</strong></span> <span class='ocrx_word' id='word_1_222' title='bbox 1805 2305 1961 2386; x_wconf 87' lang='lat' dir='ltr'><strong>quatinus</strong></span> <span class='ocrx_word' id='word_1_223' title='bbox 1985 2323 2005 2364; x_wconf 88' lang='lat' dir='ltr'><strong>a</strong></span> 
     </span>
     <span class='ocr_line' id='line_1_22' title="bbox 338 2393 2006 2478; baseline -0.005 -15"><span class='ocrx_word' id='word_1_224' title='bbox 338 2400 523 2464; x_wconf 89' lang='lat' dir='ltr'><strong>memoratis</strong></span> <span class='ocrx_word' id='word_1_225' title='bbox 538 2399 689 2462; x_wconf 85' lang='lat' dir='ltr'><strong>fratribus</strong></span> <span class='ocrx_word' id='word_1_226' title='bbox 705 2418 846 2474; x_wconf 85' lang='lat' dir='ltr'><strong>censum,</strong></span> <span class='ocrx_word' id='word_1_227' title='bbox 864 2416 962 2477; x_wconf 90' lang='lat' dir='ltr'><strong>quem</strong></span> <span class='ocrx_word' id='word_1_228' title='bbox 978 2395 1189 2478; x_wconf 69' lang='lat' dir='ltr'><strong>prediximus</strong></span> <span class='ocrx_word' id='word_1_229' title='bbox 1205 2393 1406 2474; x_wconf 89' lang='lat' dir='ltr'><strong>recipientes,</strong></span> <span class='ocrx_word' id='word_1_230' title='bbox 1422 2393 1504 2455; x_wconf 91' lang='lat' dir='ltr'><strong>sicut</strong></span> <span class='ocrx_word' id='word_1_231' title='bbox 1519 2393 1550 2455; x_wconf 92' lang='lat' dir='ltr'><strong>in</strong></span> <span class='ocrx_word' id='word_1_232' title='bbox 1565 2393 1745 2475; x_wconf 87' lang='lat' dir='ltr'><strong>prescripta</strong></span> <span class='ocrx_word' id='word_1_233' title='bbox 1760 2393 2006 2476; x_wconf 86' lang='lat' dir='ltr'><strong>compositione</strong></span> 
     </span>
     <span class='ocr_line' id='line_1_23' title="bbox 337 2481 2005 2574; baseline -0.007 -20"><span class='ocrx_word' id='word_1_234' title='bbox 337 2485 530 2574; x_wconf 72' lang='lat' dir='ltr'><strong>statutumii)</strong></span> <span class='ocrx_word' id='word_1_235' title='bbox 560 2488 665 2552; x_wconf 84' lang='lat' dir='ltr'><strong>fuerat</strong></span> <span class='ocrx_word' id='word_1_236' title='bbox 693 2488 866 2562; x_wconf 87' lang='lat' dir='ltr'><strong>annuatim,</strong></span> <span class='ocrx_word' id='word_1_237' title='bbox 898 2487 987 2567; x_wconf 91' lang='lat' dir='ltr'><strong>ipsos</strong></span> <span class='ocrx_word' id='word_1_238' title='bbox 1011 2484 1132 2546; x_wconf 91' lang='lat' dir='ltr'><strong>amodo</strong></span> <span class='ocrx_word' id='word_1_239' title='bbox 1155 2483 1224 2546; x_wconf 88' lang='lat' dir='ltr'><strong>aliis</strong></span> <span class='ocrx_word' id='word_1_240' title='bbox 1248 2482 1471 2545; x_wconf 86' lang='lat' dir='ltr'><strong>exactionibus</strong></span> <span class='ocrx_word' id='word_1_241' title='bbox 1503 2490 1536 2545; x_wconf 89' lang='lat' dir='ltr'><strong>et</strong></span> <span class='ocrx_word' id='word_1_242' title='bbox 1566 2481 1720 2544; x_wconf 91' lang='lat' dir='ltr'><strong>molestiis</strong></span> <span class='ocrx_word' id='word_1_243' title='bbox 1752 2503 1818 2545; x_wconf 89' lang='lat' dir='ltr'><strong>non</strong></span> <span class='ocrx_word' id='word_1_244' title='bbox 1848 2484 2005 2564; x_wconf 84' lang='lat' dir='ltr'><strong>gravatis,</strong></span> 
     </span>
     <span class='ocr_line' id='line_1_24' title="bbox 337 2570 2006 2660; baseline -0.006 -18"><span class='ocrx_word' id='word_1_245' title='bbox 337 2579 454 2654; x_wconf 92' lang='lat' dir='ltr'><strong>scituri,</strong></span> <span class='ocrx_word' id='word_1_246' title='bbox 478 2579 577 2660; x_wconf 91' lang='lat' dir='ltr'><strong>quod,</strong></span> <span class='ocrx_word' id='word_1_247' title='bbox 608 2580 634 2640; x_wconf 90' lang='lat' dir='ltr'><strong>si</strong></span> <span class='ocrx_word' id='word_1_248' title='bbox 659 2577 789 2640; x_wconf 90' lang='lat' dir='ltr'><strong>monitis</strong></span> <span class='ocrx_word' id='word_1_249' title='bbox 810 2577 928 2640; x_wconf 92' lang='lat' dir='ltr'><strong>nostris</strong></span> <span class='ocrx_word' id='word_1_250' title='bbox 951 2572 1116 2636; x_wconf 89' lang='lat' dir='ltr'><strong>nolueritis</strong></span> <span class='ocrx_word' id='word_1_251' title='bbox 1140 2574 1355 2652; x_wconf 88' lang='lat' dir='ltr'><strong>acquiescere,</strong></span> <span class='ocrx_word' id='word_1_252' title='bbox 1379 2580 1412 2633; x_wconf 91' lang='lat' dir='ltr'><strong>et</strong></span> <span class='ocrx_word' id='word_1_253' title='bbox 1436 2572 1572 2652; x_wconf 86' lang='lat' dir='ltr'><strong>predicti</strong></span> <span class='ocrx_word' id='word_1_254' title='bbox 1596 2571 1710 2634; x_wconf 91' lang='lat' dir='ltr'><strong>fratres</strong></span> <span class='ocrx_word' id='word_1_255' title='bbox 1739 2571 1770 2633; x_wconf 93' lang='lat' dir='ltr'><strong>in</strong></span> <span class='ocrx_word' id='word_1_256' title='bbox 1794 2570 1869 2633; x_wconf 90' lang='lat' dir='ltr'><strong>loco</strong></span> <span class='ocrx_word' id='word_1_257' title='bbox 1893 2571 2006 2632; x_wconf 89' lang='lat' dir='ltr'><strong>vicino</strong></span> 
     </span>
     <span class='ocr_line' id='line_1_25' title="bbox 338 2657 2005 2748; baseline -0.007 -16"><span class='ocrx_word' id='word_1_258' title='bbox 338 2677 372 2732; x_wconf 89' lang='lat' dir='ltr'><strong>et</strong></span> <span class='ocrx_word' id='word_1_259' title='bbox 402 2669 499 2731; x_wconf 88' lang='lat' dir='ltr'><strong>etiam</strong></span> <span class='ocrx_word' id='word_1_260' title='bbox 532 2665 613 2730; x_wconf 84' lang='lat' dir='ltr'><strong>inira</strong></span> <span class='ocrx_word' id='word_1_261' title='bbox 642 2666 845 2748; x_wconf 85' lang='lat' dir='ltr'><strong>parrochiam</strong></span> <span class='ocrx_word' id='word_1_262' title='bbox 877 2663 1028 2728; x_wconf 89' lang='lat' dir='ltr'><strong>iamdicte</strong></span> <span class='ocrx_word' id='word_1_263' title='bbox 1060 2661 1195 2725; x_wconf 88' lang='lat' dir='ltr'><strong>ecclesie</strong></span> <span class='ocrx_word' id='word_1_264' title='bbox 1223 2661 1357 2723; x_wconf 84' lang='lat' dir='ltr'><strong>fundum</strong></span> <span class='ocrx_word' id='word_1_265' title='bbox 1389 2657 1512 2723; x_wconf 89' lang='lat' dir='ltr'><strong>habent</strong></span> <span class='ocrx_word' id='word_1_266' title='bbox 1543 2659 1593 2722; x_wconf 94' lang='lat' dir='ltr'><strong>vel</strong></span> <span class='ocrx_word' id='word_1_267' title='bbox 1623 2658 1797 2723; x_wconf 89' lang='lat' dir='ltr'><strong>habuerint</strong></span> <span class='ocrx_word' id='word_1_268' title='bbox 1827 2660 1919 2722; x_wconf 91' lang='lat' dir='ltr'><strong>dono</strong></span> <span class='ocrx_word' id='word_1_269' title='bbox 1952 2660 2005 2722; x_wconf 91' lang='lat' dir='ltr'><strong>vel</strong></span> 
     </span>
     <span class='ocr_line' id='line_1_26' title="bbox 338 2749 2005 2840; baseline -0.006 -20"><span class='ocrx_word' id='word_1_270' title='bbox 338 2759 454 2840; x_wconf 90' lang='lat' dir='ltr'><strong>pretio,</strong></span> <span class='ocrx_word' id='word_1_271' title='bbox 485 2777 581 2839; x_wconf 91' lang='lat' dir='ltr'><strong>quern</strong></span> <span class='ocrx_word' id='word_1_272' title='bbox 613 2757 646 2818; x_wconf 93' lang='lat' dir='ltr'><strong>in</strong></span> <span class='ocrx_word' id='word_1_273' title='bbox 677 2757 725 2818; x_wconf 92' lang='lat' dir='ltr'><strong>ius</strong></span> <span class='ocrx_word' id='word_1_274' title='bbox 755 2765 788 2818; x_wconf 92' lang='lat' dir='ltr'><strong>et</strong></span> <span class='ocrx_word' id='word_1_275' title='bbox 816 2754 1051 2837; x_wconf 84' lang='lat' dir='ltr'><strong>proprietatem</strong></span> <span class='ocrx_word' id='word_1_276' title='bbox 1073 2752 1222 2814; x_wconf 91' lang='lat' dir='ltr'><strong>Romane</strong></span> <span class='ocrx_word' id='word_1_277' title='bbox 1253 2750 1388 2812; x_wconf 89' lang='lat' dir='ltr'><strong>ecclesie</strong></span> <span class='ocrx_word' id='word_1_278' title='bbox 1411 2751 1512 2813; x_wconf 90' lang='lat' dir='ltr'><strong>velint</strong></span> <span class='ocrx_word' id='word_1_279' title='bbox 1542 2749 1638 2812; x_wconf 90' lang='lat' dir='ltr'><strong>nobis</strong></span> <span class='ocrx_word' id='word_1_280' title='bbox 1661 2749 1791 2825; x_wconf 82' lang='lat' dir='ltr'><strong>offerre,</strong></span> <span class='ocrx_word' id='word_1_281' title='bbox 1821 2749 2005 2812; x_wconf 85' lang='lat' dir='ltr'><strong>venerabili</strong></span> 
     </span>
     <span class='ocr_line' id='line_1_27' title="bbox 339 2837 2006 2928; baseline -0.005 -20"><span class='ocrx_word' id='word_1_282' title='bbox 339 2847 427 2909; x_wconf 87' lang='lat' dir='ltr'><strong>fratri</strong></span> <span class='ocrx_word' id='word_1_283' title='bbox 451 2856 571 2921; x_wconf 89' lang='lat' dir='ltr'><strong>nostro,</strong></span> <span class='ocrx_word' id='word_1_284' title='bbox 596 2844 843 2927; x_wconf 88' lang='lat' dir='ltr'><strong>archiepiscopo</strong></span> <span class='ocrx_word' id='word_1_285' title='bbox 862 2841 891 2928; x_wconf 76' lang='lat'><strong>0)</strong></span> <span class='ocrx_word' id='word_1_286' title='bbox 913 2853 1029 2916; x_wconf 90' lang='lat' dir='ltr'><strong>vestro,</strong></span> <span class='ocrx_word' id='word_1_287' title='bbox 1054 2841 1204 2904; x_wconf 90' lang='lat' dir='ltr'><strong>dedimus</strong></span> <span class='ocrx_word' id='word_1_288' title='bbox 1226 2840 1258 2902; x_wconf 91' lang='lat' dir='ltr'><strong>in</strong></span> <span class='ocrx_word' id='word_1_289' title='bbox 1283 2839 1453 2915; x_wconf 86' lang='lat' dir='ltr'><strong>mandatis,</strong></span> <span class='ocrx_word' id='word_1_290' title='bbox 1477 2849 1512 2902; x_wconf 91' lang='lat' dir='ltr'><strong>ut</strong></span> <span class='ocrx_word' id='word_1_291' title='bbox 1530 2837 1572 2900; x_wconf 90' lang='lat' dir='ltr'><strong>ab</strong></span> <span class='ocrx_word' id='word_1_292' title='bbox 1589 2839 1635 2900; x_wconf 92' lang='lat' dir='ltr'><strong>eis</strong></span> <span class='ocrx_word' id='word_1_293' title='bbox 1650 2840 1721 2900; x_wconf 89' lang='lat' dir='ltr'><strong>vice</strong></span> <span class='ocrx_word' id='word_1_294' title='bbox 1736 2849 1849 2901; x_wconf 88' lang='lat' dir='ltr'><strong>nostra</strong></span> <span class='ocrx_word' id='word_1_295' title='bbox 1863 2839 2006 2901; x_wconf 88' lang='lat' dir='ltr'><strong>fundum</strong></span> 
     </span>
     <span class='ocr_line' id='line_1_28' title="bbox 339 2927 2006 3020; baseline -0.008 -21"><span class='ocrx_word' id='word_1_296' title='bbox 339 2938 446 3020; x_wconf 87' lang='lat' dir='ltr'><strong>ipsum</strong></span> <span class='ocrx_word' id='word_1_297' title='bbox 476 2935 613 3017; x_wconf 89' lang='lat' dir='ltr'><strong>recipiat</strong></span> <span class='ocrx_word' id='word_1_298' title='bbox 643 2943 677 2997; x_wconf 90' lang='lat' dir='ltr'><strong>et</strong></span> <span class='ocrx_word' id='word_1_299' title='bbox 706 2933 751 2996; x_wconf 92' lang='lat' dir='ltr'><strong>ibi</strong></span> <span class='ocrx_word' id='word_1_300' title='bbox 783 2932 952 2995; x_wconf 87' lang='lat' dir='ltr'><strong>ecclesiam</strong></span> <span class='ocrx_word' id='word_1_301' title='bbox 984 2929 1209 3003; x_wconf 89' lang='lat' dir='ltr'><strong>construendi,</strong></span> <span class='ocrx_word' id='word_1_302' title='bbox 1241 2949 1304 3009; x_wconf 91' lang='lat' dir='ltr'><strong>que</strong></span> <span class='ocrx_word' id='word_1_303' title='bbox 1335 2947 1401 2990; x_wconf 91' lang='lat' dir='ltr'><strong>non</strong></span> <span class='ocrx_word' id='word_1_304' title='bbox 1433 2929 1492 2991; x_wconf 90' lang='lat' dir='ltr'><strong>nisi</strong></span> <span class='ocrx_word' id='word_1_305' title='bbox 1515 2929 1668 2990; x_wconf 89' lang='lat' dir='ltr'><strong>Romano</strong></span> <span class='ocrx_word' id='word_1_306' title='bbox 1700 2927 1848 3008; x_wconf 88' lang='lat' dir='ltr'><strong>pontifici</strong></span> <span class='ocrx_word' id='word_1_307' title='bbox 1882 2927 2006 2990; x_wconf 89' lang='lat' dir='ltr'><strong>debeat</strong></span> 
     </span>
     <span class='ocr_line' id='line_1_29' title="bbox 339 3013 2008 3107; baseline -0.007 -19"><span class='ocrx_word' id='word_1_308' title='bbox 339 3024 546 3106; x_wconf 88' lang='lat' dir='ltr'><strong>respondere,</strong></span> <span class='ocrx_word' id='word_1_309' title='bbox 574 3023 729 3107; x_wconf 89' lang='lat' dir='ltr'><strong>predictis</strong></span> <span class='ocrx_word' id='word_1_310' title='bbox 745 3021 919 3096; x_wconf 65' lang='lat' dir='ltr'><strong>iratribus,</strong></span> <span class='ocrx_word' id='word_1_311' title='bbox 948 3018 1169 3101; x_wconf 89' lang='lat' dir='ltr'><strong>appellatione</strong></span> <span class='ocrx_word' id='word_1_312' title='bbox 1191 3024 1326 3092; x_wconf 87' lang='lat' dir='ltr'><strong>remota,</strong></span> <span class='ocrx_word' id='word_1_313' title='bbox 1358 3017 1492 3080; x_wconf 89' lang='lat' dir='ltr'><strong>liberam</strong></span> <span class='ocrx_word' id='word_1_314' title='bbox 1527 3016 1694 3098; x_wconf 87' lang='lat' dir='ltr'><strong>indulgeat</strong></span> <span class='ocrx_word' id='word_1_315' title='bbox 1724 3013 1938 3100; x_wconf 73' lang='lat' dir='ltr'><strong>facultaltem.</strong></span> <span class='ocrx_word' id='word_1_316' title='bbox 1964 3051 2008 3062; x_wconf 92' lang='lat'>-</span> 
     </span>
     <span class='ocr_line' id='line_1_30' title="bbox 339 3109 834 3187; baseline -0.012 -10"><span class='ocrx_word' id='word_1_317' title='bbox 339 3115 415 3178; x_wconf 93' lang='lat' dir='ltr'><strong>Dat.</strong></span> <span class='ocrx_word' id='word_1_318' title='bbox 439 3113 599 3187; x_wconf 90' lang='lat' dir='ltr'><strong>Laterani,</strong></span> <span class='ocrx_word' id='word_1_319' title='bbox 623 3109 834 3174; x_wconf 88' lang='lat' dir='ltr'><strong>11111d.1un.</strong></span> 
     </span>
    </p>
   </div>
   <div class='ocr_carea' id='block_1_6' title="bbox 340 3209 2007 3492">
    <p class='ocr_par' dir='ltr' id='par_1_9' title="bbox 501 3209 1296 3280">
     <span class='ocr_line' id='line_1_31' title="bbox 501 3209 1296 3280; baseline -0.011 -13"><span class='ocrx_word' id='word_1_320' title='bbox 501 3217 544 3266; x_wconf 81' lang='lat' dir='ltr'><strong>Or.</strong></span> <span class='ocrx_word' id='word_1_321' title='bbox 563 3215 642 3278; x_wconf 86' lang='grc'><em>(1179</em></span> <span class='ocrx_word' id='word_1_322' title='bbox 666 3215 763 3280; x_wconf 81' lang='lat' dir='ltr'><strong>Giugno</strong></span> <span class='ocrx_word' id='word_1_323' title='bbox 783 3216 834 3278; x_wconf 82' lang='lat'><strong>10),</strong></span> <span class='ocrx_word' id='word_1_324' title='bbox 854 3213 888 3263; x_wconf 90' lang='lat' dir='ltr'><strong>im</strong></span> <span class='ocrx_word' id='word_1_325' title='bbox 905 3211 1016 3262; x_wconf 78' lang='lat' dir='ltr'><strong>Archinr&#39;o</strong></span> <span class='ocrx_word' id='word_1_326' title='bbox 1038 3209 1169 3274; x_wconf 75' lang='lat' dir='ltr'><strong>capitolare</strong></span> <span class='ocrx_word' id='word_1_327' title='bbox 1187 3226 1217 3257; x_wconf 79' lang='lat' dir='ltr'><strong>sn</strong></span> <span class='ocrx_word' id='word_1_328' title='bbox 1236 3209 1296 3258; x_wconf 81' lang='lat' dir='ltr'><strong>Piso</strong></span> 
     </span>
    </p>

    <p class='ocr_par' dir='ltr' id='par_1_10' title="bbox 340 3279 2007 3492">
     <span class='ocr_line' id='line_1_32' title="bbox 502 3279 2005 3352; baseline -0.007 -15"><span class='ocrx_word' id='word_1_329' title='bbox 502 3288 572 3352; x_wconf 80' lang='lat' dir='ltr'><strong>Perg.</strong></span> <span class='ocrx_word' id='word_1_330' title='bbox 589 3287 648 3347; x_wconf 76' lang='lat' dir='ltr'><strong>nat,</strong></span> <span class='ocrx_word' id='word_1_331' title='bbox 667 3288 701 3334; x_wconf 78' lang='lat' dir='ltr'><strong>br.</strong></span> <span class='ocrx_word' id='word_1_332' title='bbox 722 3288 808 3346; x_wconf 78' lang='lat'><strong>0,177,</strong></span> <span class='ocrx_word' id='word_1_333' title='bbox 832 3286 992 3350; x_wconf 79' lang='lat' dir='ltr'><strong>long0,1rt9,</strong></span> <span class='ocrx_word' id='word_1_334' title='bbox 1017 3282 1395 3345; x_wconf 79' lang='lat' dir='ltr'><strong>unten0‚015nmgeschlngen‚</strong></span> <span class='ocrx_word' id='word_1_335' title='bbox 1421 3280 1499 3328; x_wconf 82' lang='lat' dir='ltr'><strong>durch</strong></span> <span class='ocrx_word' id='word_1_336' title='bbox 1520 3279 1578 3328; x_wconf 76' lang='lat' dir='ltr'><strong>uwer&#39;</strong></span> <span class='ocrx_word' id='word_1_337' title='bbox 1594 3280 1686 3328; x_wconf 75' lang='lat' dir='ltr'><strong>Licher</strong></span> <span class='ocrx_word' id='word_1_338' title='bbox 1702 3281 1759 3344; x_wconf 86' lang='lat' dir='ltr'><strong>geht</strong></span> <span class='ocrx_word' id='word_1_339' title='bbox 1774 3279 1811 3327; x_wconf 83' lang='lat' dir='ltr'><strong>die</strong></span> <span class='ocrx_word' id='word_1_340' title='bbox 1828 3279 2005 3340; x_wconf 61' lang='lat' dir='ltr'><strong>nauatam,</strong></span> 
     </span>
     <span class='ocr_line' id='line_1_33' title="bbox 340 3345 2007 3423; baseline -0.006 -15"><span class='ocrx_word' id='word_1_341' title='bbox 340 3376 425 3410; x_wconf 76' lang='lat' dir='ltr'><strong>weron</strong></span> <span class='ocrx_word' id='word_1_342' title='bbox 451 3359 496 3408; x_wconf 79' lang='lat' dir='ltr'><strong>dos</strong></span> <span class='ocrx_word' id='word_1_343' title='bbox 512 3360 635 3423; x_wconf 72' lang='lat' dir='ltr'><strong>Bln&#39;st&#39;egel</strong></span> <span class='ocrx_word' id='word_1_344' title='bbox 656 3361 739 3422; x_wconf 79' lang='lat' dir='ltr'><strong>ltingt.</strong></span> <span class='ocrx_word' id='word_1_345' title='bbox 765 3357 873 3422; x_wconf 83' lang='lat' dir='ltr'><strong>Faltnng</strong></span> <span class='ocrx_word' id='word_1_346' title='bbox 897 3357 940 3405; x_wconf 83' lang='lat' dir='ltr'><strong>der</strong></span> <span class='ocrx_word' id='word_1_347' title='bbox 965 3354 1066 3404; x_wconf 75' lang='lat' dir='ltr'><strong>Brevin.</strong></span> <span class='ocrx_word' id='word_1_348' title='bbox 1103 3353 1151 3402; x_wconf 86' lang='lat' dir='ltr'><strong>Die</strong></span> <span class='ocrx_word' id='word_1_349' title='bbox 1169 3353 1297 3416; x_wconf 80' lang='lat' dir='ltr'><strong>Dotinmg</strong></span> <span class='ocrx_word' id='word_1_350' title='bbox 1318 3353 1349 3400; x_wconf 88' lang='lat' dir='ltr'><strong>ist</strong></span> <span class='ocrx_word' id='word_1_351' title='bbox 1372 3353 1416 3400; x_wconf 87' lang='lat' dir='ltr'><strong>mit</strong></span> <span class='ocrx_word' id='word_1_352' title='bbox 1429 3345 1570 3400; x_wconf 64' lang='lat' dir='ltr'><strong>‘dnnkltrcr</strong></span> <span class='ocrx_word' id='word_1_353' title='bbox 1586 3351 1662 3399; x_wconf 84' lang='lat' dir='ltr'><strong>Dr&#39;nte</strong></span> <span class='ocrx_word' id='word_1_354' title='bbox 1685 3354 1722 3399; x_wconf 86' lang='lat' dir='ltr'><strong>als</strong></span> <span class='ocrx_word' id='word_1_355' title='bbox 1744 3351 1788 3399; x_wconf 84' lang='lat' dir='ltr'><strong>dos</strong></span> <span class='ocrx_word' id='word_1_356' title='bbox 1812 3350 1947 3415; x_wconf 68' lang='lat' dir='ltr'><strong>Konscnpt</strong></span> <span class='ocrx_word' id='word_1_357' title='bbox 1966 3365 2007 3415; x_wconf 81' lang='lat' dir='ltr'><strong>ge-</strong></span> 
     </span>
     <span class='ocr_line' id='line_1_34' title="bbox 340 3424 1419 3492; baseline -0.006 -11"><span class='ocrx_word' id='word_1_358' title='bbox 340 3431 465 3492; x_wconf 80' lang='lat' dir='ltr'><strong>schrietnt,</strong></span> <span class='ocrx_word' id='word_1_359' title='bbox 484 3429 521 3481; x_wconf 80' lang='lat' dir='ltr'><strong>die</strong></span> <span class='ocrx_word' id='word_1_360' title='bbox 542 3429 659 3480; x_wconf 76' lang='lat' dir='ltr'><strong>Urknnde</strong></span> <span class='ocrx_word' id='word_1_361' title='bbox 671 3429 748 3480; x_wconf 84' lang='lat' dir='ltr'><strong>durch</strong></span> <span class='ocrx_word' id='word_1_362' title='bbox 767 3427 926 3492; x_wconf 79' lang='lat' dir='ltr'><strong>Fonhtigkett</strong></span> <span class='ocrx_word' id='word_1_363' title='bbox 941 3427 967 3478; x_wconf 88' lang='lat' dir='ltr'><strong>r&#39;n</strong></span> <span class='ocrx_word' id='word_1_364' title='bbox 985 3427 1031 3477; x_wconf 81' lang='lat' dir='ltr'><strong>den</strong></span> <span class='ocrx_word' id='word_1_365' title='bbox 1049 3424 1216 3489; x_wconf 77' lang='lat' dir='ltr'><strong>Schn&#39;flntigen</strong></span> <span class='ocrx_word' id='word_1_366' title='bbox 1233 3424 1300 3472; x_wconf 86' lang='lat' dir='ltr'><strong>stork</strong></span> <span class='ocrx_word' id='word_1_367' title='bbox 1317 3428 1419 3474; x_wconf 79' lang='lat' dir='ltr'><strong>ursttrt.</strong></span> 
     </span>
    </p>
   </div>
   <div class='ocr_carea' id='block_1_7' title="bbox 1078 3600 1260 3677">
    <p class='ocr_par' dir='ltr' id='par_1_11' title="bbox 1078 3600 1260 3677">
     <span class='ocr_line' id='line_1_35' title="bbox 1078 3600 1260 3677; baseline -0.005 -1"><span class='ocrx_word' id='word_1_368' title='bbox 1078 3600 1145 3676; x_wconf 71' lang='grc' dir='ltr'><strong>ΝΥ.</strong></span> <span class='ocrx_word' id='word_1_369' title='bbox 1172 3605 1260 3677; x_wconf 78' lang='grc'>282.</span> 
     </span>
    </p>
   </div>
   <div class='ocr_carea' id='block_1_8' title="bbox 341 3691 2006 3987">
    <p class='ocr_par' dir='ltr' id='par_1_12' title="bbox 341 3691 2006 3987">
     <span class='ocr_line' id='line_1_36' title="bbox 341 3691 2006 3811; baseline -0.007 -15"><span class='ocrx_word' id='word_1_370' title='bbox 341 3731 526 3796; x_wconf 74' lang='lat' dir='ltr'><strong>Alexander</strong></span> <span class='ocrx_word' id='word_1_371' title='bbox 549 3730 613 3793; x_wconf 87' lang='lat' dir='ltr'><strong>III</strong></span> <span class='ocrx_word' id='word_1_372' title='bbox 640 3729 827 3811; x_wconf 79' lang='lat' dir='ltr'><strong>beauftragt</strong></span> <span class='ocrx_word' id='word_1_373' title='bbox 847 3728 908 3790; x_wconf 82' lang='lat' dir='ltr'><strong>den</strong></span> <span class='ocrx_word' id='word_1_374' title='bbox 932 3725 1074 3806; x_wconf 85' lang='lat' dir='ltr'><strong>Bisthof</strong></span> <span class='ocrx_word' id='word_1_375' title='bbox 1097 3747 1157 3788; x_wconf 89' lang='lat' dir='ltr'><strong>von</strong></span> <span class='ocrx_word' id='word_1_376' title='bbox 1180 3725 1328 3803; x_wconf 73' lang='lat' dir='ltr'><strong>Brattia,</strong></span> <span class='ocrx_word' id='word_1_377' title='bbox 1358 3723 1419 3786; x_wconf 82' lang='lat' dir='ltr'><strong>den</strong></span> <span class='ocrx_word' id='word_1_378' title='bbox 1442 3720 1543 3786; x_wconf 78' lang='lat' dir='ltr'><strong>Stret&#39;t</strong></span> <span class='ocrx_word' id='word_1_379' title='bbox 1568 3691 1727 3786; x_wconf 71' lang='lat' dir='ltr'><strong>nwtschen</strong></span> <span class='ocrx_word' id='word_1_380' title='bbox 1754 3722 1827 3785; x_wconf 82' lang='lat' dir='ltr'><strong>dem</strong></span> <span class='ocrx_word' id='word_1_381' title='bbox 1851 3721 2006 3807; x_wconf 72' lang='lat' dir='ltr'><strong>Bisthofe</strong></span> 
     </span>
     <span class='ocr_line' id='line_1_37' title="bbox 342 3811 2005 3900; baseline -0.008 -14"><span class='ocrx_word' id='word_1_382' title='bbox 342 3843 402 3886; x_wconf 83' lang='lat' dir='ltr'><strong>von</strong></span> <span class='ocrx_word' id='word_1_383' title='bbox 426 3821 588 3886; x_wconf 81' lang='lat' dir='ltr'><strong>Pincenno</strong></span> <span class='ocrx_word' id='word_1_384' title='bbox 610 3818 679 3882; x_wconf 83' lang='lat' dir='ltr'><strong>und</strong></span> <span class='ocrx_word' id='word_1_385' title='bbox 698 3818 771 3882; x_wconf 80' lang='lat' dir='ltr'><strong>dem</strong></span> <span class='ocrx_word' id='word_1_386' title='bbox 795 3818 928 3900; x_wconf 84' lang='lat' dir='ltr'><strong>Propste</strong></span> <span class='ocrx_word' id='word_1_387' title='bbox 948 3835 1008 3879; x_wconf 88' lang='lat' dir='ltr'><strong>von</strong></span> <span class='ocrx_word' id='word_1_388' title='bbox 1031 3813 1120 3879; x_wconf 84' lang='lat' dir='ltr'><strong>Sont’</strong></span> <span class='ocrx_word' id='word_1_389' title='bbox 1134 3814 1291 3877; x_wconf 83' lang='lat' dir='ltr'><strong>Antonino</strong></span> <span class='ocrx_word' id='word_1_390' title='bbox 1312 3812 1351 3875; x_wconf 86' lang='lat' dir='ltr'><strong>di</strong></span> <span class='ocrx_word' id='word_1_391' title='bbox 1371 3813 1535 3876; x_wconf 83' lang='lat' dir='ltr'><strong>Pincenna</strong></span> <span class='ocrx_word' id='word_1_392' title='bbox 1558 3831 1668 3892; x_wconf 70' lang='lat' dir='ltr'><strong>wigen</strong></span> <span class='ocrx_word' id='word_1_393' title='bbox 1689 3811 1747 3875; x_wconf 80' lang='lat' dir='ltr'><strong>des</strong></span> <span class='ocrx_word' id='word_1_394' title='bbox 1769 3811 2005 3876; x_wconf 80' lang='lat' dir='ltr'><strong>Besitnthnmcs</strong></span> 
     </span>
     <span class='ocr_line' id='line_1_38' title="bbox 754 3900 1586 3987; baseline -0.006 -19"><span class='ocrx_word' id='word_1_395' title='bbox 754 3927 815 3969; x_wconf 87' lang='lat' dir='ltr'><strong>von</strong></span> <span class='ocrx_word' id='word_1_396' title='bbox 837 3907 999 3987; x_wconf 76' lang='lat' dir='ltr'><strong>Bmgnnto</strong></span> <span class='ocrx_word' id='word_1_397' title='bbox 1021 3906 1090 3985; x_wconf 89' lang='lat' dir='ltr'><strong>ans</strong></span> <span class='ocrx_word' id='word_1_398' title='bbox 1107 3903 1274 3967; x_wconf 80' lang='lat' dir='ltr'><strong>Ansnchen</strong></span> <span class='ocrx_word' id='word_1_399' title='bbox 1295 3923 1335 3966; x_wconf 82' lang='lat' dir='ltr'><strong>an</strong></span> <span class='ocrx_word' id='word_1_400' title='bbox 1356 3900 1531 3964; x_wconf 75' lang='lat' dir='ltr'><strong>schlichten</strong></span> <span class='ocrx_word' id='word_1_401' title='bbox 1547 3901 1586 3985; x_wconf 80' lang='lat'><strong>⁸).</strong></span> 
     </span>
    </p>
   </div>
   <div class='ocr_carea' id='block_1_9' title="bbox 858 4007 1476 4096">
    <p class='ocr_par' dir='ltr' id='par_1_13' title="bbox 858 4007 1476 4096">
     <span class='ocr_line' id='line_1_39' title="bbox 858 4007 1476 4096; baseline -0.008 -23"><span class='ocrx_word' id='word_1_402' title='bbox 858 4011 1101 4096; x_wconf 83' lang='grc'><em>(1166)-1179</em></span> <span class='ocrx_word' id='word_1_403' title='bbox 1123 4009 1209 4084; x_wconf 87' lang='lat' dir='ltr'><strong>Jnni</strong></span> <span class='ocrx_word' id='word_1_404' title='bbox 1229 4011 1279 4072; x_wconf 82' lang='lat'><strong>15.</strong></span> <span class='ocrx_word' id='word_1_405' title='bbox 1326 4007 1476 4070; x_wconf 80' lang='lat' dir='ltr'><strong>Lateron.</strong></span> 
     </span>
    </p>
   </div>
   <div class='ocr_carea' id='block_1_10' title="bbox 343 4109 2005 5177">
    <p class='ocr_par' dir='ltr' id='par_1_14' title="bbox 343 4109 2005 5177">
     <span class='ocr_line' id='line_1_40' title="bbox 500 4109 2003 4201; baseline -0.006 -18"><span class='ocrx_word' id='word_1_406' title='bbox 500 4120 690 4183; x_wconf 88' lang='lat' dir='ltr'><strong>Alexander</strong></span> <span class='ocrx_word' id='word_1_407' title='bbox 704 4121 886 4201; x_wconf 91' lang='lat' dir='ltr'><strong>episcopus,</strong></span> <span class='ocrx_word' id='word_1_408' title='bbox 902 4138 1011 4180; x_wconf 91' lang='lat' dir='ltr'><strong>servus</strong></span> <span class='ocrx_word' id='word_1_409' title='bbox 1026 4137 1191 4180; x_wconf 89' lang='lat' dir='ltr'><strong>servorum</strong></span> <span class='ocrx_word' id='word_1_410' title='bbox 1208 4117 1269 4190; x_wconf 91' lang='lat' dir='ltr'><strong>dei,</strong></span> <span class='ocrx_word' id='word_1_411' title='bbox 1284 4113 1461 4177; x_wconf 88' lang='lat' dir='ltr'><strong>venerabili</strong></span> <span class='ocrx_word' id='word_1_412' title='bbox 1478 4112 1575 4189; x_wconf 88' lang='lat' dir='ltr'><strong>fratri,</strong></span> <span class='ocrx_word' id='word_1_413' title='bbox 1591 4112 1749 4176; x_wconf 88' lang='lat' dir='ltr'><strong>Brixiensi</strong></span> <span class='ocrx_word' id='word_1_414' title='bbox 1770 4109 1776 4198; x_wconf 98' lang='grc' dir='ltr'>Ι</span> <span class='ocrx_word' id='word_1_415' title='bbox 1796 4115 1958 4195; x_wconf 91' lang='lat' dir='ltr'><strong>episcopo</strong></span> <span class='ocrx_word' id='word_1_416' title='bbox 1969 4111 2003 4196; x_wconf 81' lang='lat'><strong>⁴),</strong></span> 
     </span>
     <span class='ocr_line' id='line_1_41' title="bbox 344 4197 2002 4289; baseline -0.006 -15"><span class='ocrx_word' id='word_1_417' title='bbox 344 4209 480 4274; x_wconf 90' lang='lat' dir='ltr'><strong>salutem</strong></span> <span class='ocrx_word' id='word_1_418' title='bbox 493 4219 525 4272; x_wconf 91' lang='lat' dir='ltr'><strong>et</strong></span> <span class='ocrx_word' id='word_1_419' title='bbox 538 4208 753 4289; x_wconf 90' lang='lat' dir='ltr'><strong>apostolicam</strong></span> <span class='ocrx_word' id='word_1_420' title='bbox 765 4207 1036 4270; x_wconf 89' lang='lat' dir='ltr'><strong>benedictionem.</strong></span> <span class='ocrx_word' id='word_1_421' title='bbox 1068 4205 1215 4280; x_wconf 91' lang='lat' dir='ltr'><strong>Causam,</strong></span> <span class='ocrx_word' id='word_1_422' title='bbox 1233 4225 1297 4286; x_wconf 94' lang='lat' dir='ltr'><strong>que</strong></span> <span class='ocrx_word' id='word_1_423' title='bbox 1308 4205 1391 4265; x_wconf 88' lang='lat' dir='ltr'><strong>inter</strong></span> <span class='ocrx_word' id='word_1_424' title='bbox 1401 4202 1621 4265; x_wconf 90' lang='lat' dir='ltr'><strong>venerabilem</strong></span> <span class='ocrx_word' id='word_1_425' title='bbox 1634 4203 1765 4265; x_wconf 87' lang='lat' dir='ltr'><strong>fratrem</strong></span> <span class='ocrx_word' id='word_1_426' title='bbox 1781 4197 1785 4283; x_wconf 90' lang='grc' dir='ltr'>Ι</span> <span class='ocrx_word' id='word_1_427' title='bbox 1799 4212 1949 4264; x_wconf 90' lang='lat' dir='ltr'><strong>nostrum</strong></span> <span class='ocrx_word' id='word_1_428' title='bbox 1967 4200 2002 4284; x_wconf 71' lang='lat' dir='ltr'><strong>d),</strong></span> 
     </span>
     <span class='ocr_line' id='line_1_42' title="bbox 343 4288 2005 4378; baseline -0.005 -18"><span class='ocrx_word' id='word_1_429' title='bbox 343 4298 622 4360; x_wconf 88' lang='lat' dir='ltr'><strong>Placentinensem</strong></span> <span class='ocrx_word' id='word_1_430' title='bbox 654 4297 860 4378; x_wconf 88' lang='lat' dir='ltr'><strong>episcopum,</strong></span> <span class='ocrx_word' id='word_1_431' title='bbox 896 4304 929 4358; x_wconf 89' lang='lat' dir='ltr'><strong>et</strong></span> <span class='ocrx_word' id='word_1_432' title='bbox 959 4295 1111 4358; x_wconf 89' lang='lat' dir='ltr'><strong>dilectum</strong></span> <span class='ocrx_word' id='word_1_433' title='bbox 1142 4295 1259 4370; x_wconf 87' lang='lat' dir='ltr'><strong>filium,</strong></span> <span class='ocrx_word' id='word_1_434' title='bbox 1291 4291 1493 4375; x_wconf 87' lang='lat' dir='ltr'><strong>prepositum</strong></span> <span class='ocrx_word' id='word_1_435' title='bbox 1513 4288 1542 4374; x_wconf 86' lang='lat' dir='ltr'><strong>d)</strong></span> <span class='ocrx_word' id='word_1_436' title='bbox 1573 4293 1676 4354; x_wconf 88' lang='lat' dir='ltr'><strong>sancti</strong></span> <span class='ocrx_word' id='word_1_437' title='bbox 1698 4291 1877 4364; x_wconf 89' lang='lat' dir='ltr'><strong>Antonini,</strong></span> <span class='ocrx_word' id='word_1_438' title='bbox 1908 4310 2005 4372; x_wconf 90' lang='lat' dir='ltr'><strong>super</strong></span> 
     </span>
     <span class='ocr_line' id='line_1_43' title="bbox 345 4379 2002 4470; baseline -0.005 -21"><span class='ocrx_word' id='word_1_439' title='bbox 345 4387 551 4468; x_wconf 90' lang='lat' dir='ltr'><strong>possessione</strong></span> <span class='ocrx_word' id='word_1_440' title='bbox 577 4383 730 4466; x_wconf 85' lang='lat' dir='ltr'><strong>Brugneti</strong></span> <span class='ocrx_word' id='word_1_441' title='bbox 761 4386 903 4448; x_wconf 89' lang='lat' dir='ltr'><strong>noscitur</strong></span> <span class='ocrx_word' id='word_1_442' title='bbox 927 4384 1048 4470; x_wconf 86' lang='lat' dir='ltr'><strong>agitari,</strong></span> <span class='ocrx_word' id='word_1_443' title='bbox 1081 4385 1281 4466; x_wconf 89' lang='lat' dir='ltr'><strong>experientie</strong></span> <span class='ocrx_word' id='word_1_444' title='bbox 1305 4392 1367 4457; x_wconf 90' lang='lat' dir='ltr'><strong>tue,</strong></span> <span class='ocrx_word' id='word_1_445' title='bbox 1401 4382 1442 4443; x_wconf 92' lang='lat' dir='ltr'><strong>de</strong></span> <span class='ocrx_word' id='word_1_446' title='bbox 1465 4401 1530 4461; x_wconf 90' lang='lat' dir='ltr'><strong>qua</strong></span> <span class='ocrx_word' id='word_1_447' title='bbox 1553 4380 1649 4461; x_wconf 89' lang='lat' dir='ltr'><strong>plene</strong></span> <span class='ocrx_word' id='word_1_448' title='bbox 1673 4379 1884 4454; x_wconf 87' lang='lat' dir='ltr'><strong>confidimus,</strong></span> <span class='ocrx_word' id='word_1_449' title='bbox 1917 4397 2002 4442; x_wconf 90' lang='lat' dir='ltr'><strong>conr·</strong></span> 
     </span>
     <span class='ocr_line' id='line_1_44' title="bbox 346 4467 2003 4552; baseline -0.004 -16"><span class='ocrx_word' id='word_1_450' title='bbox 346 4475 502 4537; x_wconf 91' lang='lat' dir='ltr'><strong>mittimus</strong></span> <span class='ocrx_word' id='word_1_451' title='bbox 533 4473 709 4537; x_wconf 90' lang='lat' dir='ltr'><strong>concordia</strong></span> <span class='ocrx_word' id='word_1_452' title='bbox 730 4473 782 4536; x_wconf 88' lang='lat' dir='ltr'><strong>vel</strong></span> <span class='ocrx_word' id='word_1_453' title='bbox 814 4473 933 4538; x_wconf 91' lang='lat' dir='ltr'><strong>iudicio</strong></span> <span class='ocrx_word' id='word_1_454' title='bbox 956 4473 1203 4536; x_wconf 89' lang='lat' dir='ltr'><strong>terminandam.</strong></span> <span class='ocrx_word' id='word_1_455' title='bbox 1248 4472 1393 4552; x_wconf 89' lang='lat' dir='ltr'><strong>Ideoque</strong></span> <span class='ocrx_word' id='word_1_456' title='bbox 1425 4469 1614 4532; x_wconf 82' lang='lat' dir='ltr'><strong>fraternitati</strong></span> <span class='ocrx_word' id='word_1_457' title='bbox 1646 4479 1701 4531; x_wconf 90' lang='lat' dir='ltr'><strong>tue</strong></span> <span class='ocrx_word' id='word_1_458' title='bbox 1733 4489 1792 4550; x_wconf 91' lang='lat' dir='ltr'><strong>per</strong></span> <span class='ocrx_word' id='word_1_459' title='bbox 1821 4467 2003 4550; x_wconf 88' lang='lat' dir='ltr'><strong>apostolica</strong></span> 
     </span>
     <span class='ocr_line' id='line_1_45' title="bbox 345 4559 2002 4644; baseline -0.004 -19"><span class='ocrx_word' id='word_1_460' title='bbox 345 4565 467 4644; x_wconf 92' lang='lat' dir='ltr'><strong>scripta</strong></span> <span class='ocrx_word' id='word_1_461' title='bbox 489 4563 689 4637; x_wconf 87' lang='lat' dir='ltr'><strong>mandamus,</strong></span> <span class='ocrx_word' id='word_1_462' title='bbox 722 4563 880 4644; x_wconf 69' lang='lat' dir='ltr'><strong>quatinus</strong></span> <span class='ocrx_word' id='word_1_463' title='bbox 905 4581 978 4626; x_wconf 87' lang='lat' dir='ltr'><strong>curn</strong></span> <span class='ocrx_word' id='word_1_464' title='bbox 1001 4572 1136 4644; x_wconf 91' lang='lat' dir='ltr'><strong>propter</strong></span> <span class='ocrx_word' id='word_1_465' title='bbox 1157 4562 1222 4624; x_wconf 91' lang='lat' dir='ltr'><strong>hoc</strong></span> <span class='ocrx_word' id='word_1_466' title='bbox 1246 4561 1341 4622; x_wconf 85' lang='lat' dir='ltr'><strong>fueris</strong></span> <span class='ocrx_word' id='word_1_467' title='bbox 1365 4559 1544 4640; x_wconf 89' lang='lat' dir='ltr'><strong>requisitus,</strong></span> <span class='ocrx_word' id='word_1_468' title='bbox 1574 4566 1684 4639; x_wconf 89' lang='lat' dir='ltr'><strong>partes</strong></span> <span class='ocrx_word' id='word_1_469' title='bbox 1707 4567 1782 4620; x_wconf 90' lang='lat' dir='ltr'><strong>ante</strong></span> <span class='ocrx_word' id='word_1_470' title='bbox 1812 4566 1905 4620; x_wconf 88' lang='lat' dir='ltr'><strong>tuam</strong></span> <span class='ocrx_word' id='word_1_471' title='bbox 1935 4575 2002 4639; x_wconf 90' lang='lat' dir='ltr'><strong>pre·</strong></span> 
     </span>
     <span class='ocr_line' id='line_1_46' title="bbox 346 4646 2002 4730; baseline -0.004 -16"><span class='ocrx_word' id='word_1_472' title='bbox 346 4653 484 4715; x_wconf 87' lang='lat' dir='ltr'><strong>sentiam</strong></span> <span class='ocrx_word' id='word_1_473' title='bbox 506 4669 668 4714; x_wconf 90' lang='lat' dir='ltr'><strong>convoces</strong></span> <span class='ocrx_word' id='word_1_474' title='bbox 692 4659 732 4726; x_wconf 88' lang='lat' dir='ltr'><strong>et,</strong></span> <span class='ocrx_word' id='word_1_475' title='bbox 757 4651 935 4716; x_wconf 89' lang='lat' dir='ltr'><strong>rationibus</strong></span> <span class='ocrx_word' id='word_1_476' title='bbox 958 4650 1033 4713; x_wconf 91' lang='lat' dir='ltr'><strong>hinc</strong></span> <span class='ocrx_word' id='word_1_477' title='bbox 1056 4651 1132 4714; x_wconf 89' lang='lat' dir='ltr'><strong>inde</strong></span> <span class='ocrx_word' id='word_1_478' title='bbox 1155 4651 1273 4713; x_wconf 91' lang='lat' dir='ltr'><strong>auditis</strong></span> <span class='ocrx_word' id='word_1_479' title='bbox 1297 4649 1469 4730; x_wconf 88' lang='lat' dir='ltr'><strong>diligenter</strong></span> <span class='ocrx_word' id='word_1_480' title='bbox 1491 4657 1523 4709; x_wconf 91' lang='lat' dir='ltr'><strong>et</strong></span> <span class='ocrx_word' id='word_1_481' title='bbox 1546 4647 1693 4728; x_wconf 82' lang='lat' dir='ltr'><strong>cognitis,</strong></span> <span class='ocrx_word' id='word_1_482' title='bbox 1717 4646 1853 4708; x_wconf 87' lang='lat' dir='ltr'><strong>tandem</strong></span> <span class='ocrx_word' id='word_1_483' title='bbox 1873 4664 2002 4708; x_wconf 89' lang='lat' dir='ltr'><strong>causam</strong></span> 
     </span>
     <span class='ocr_line' id='line_1_47' title="bbox 346 4733 2002 4824; baseline -0.004 -22"><span class='ocrx_word' id='word_1_484' title='bbox 346 4740 409 4802; x_wconf 87' lang='lat' dir='ltr'><strong>fine</strong></span> <span class='ocrx_word' id='word_1_485' title='bbox 426 4759 569 4822; x_wconf 87' lang='lat' dir='ltr'><strong>congruo</strong></span> <span class='ocrx_word' id='word_1_486' title='bbox 586 4760 652 4802; x_wconf 90' lang='lat' dir='ltr'><strong>non</strong></span> <span class='ocrx_word' id='word_1_487' title='bbox 666 4739 785 4802; x_wconf 89' lang='lat' dir='ltr'><strong>diseras</strong></span> <span class='ocrx_word' id='word_1_488' title='bbox 800 4743 972 4804; x_wconf 88' lang='lat' dir='ltr'><strong>terminare</strong></span> <span class='ocrx_word' id='word_1_489' title='bbox 992 4737 1026 4824; x_wconf 71' lang='grc' dir='ltr'><strong>εΙ.</strong></span> <span class='ocrx_word' id='word_1_490' title='bbox 1065 4739 1099 4803; x_wconf 90' lang='lat' dir='ltr'><strong>Si</strong></span> <span class='ocrx_word' id='word_1_491' title='bbox 1124 4759 1189 4820; x_wconf 93' lang='lat' dir='ltr'><strong>qua</strong></span> <span class='ocrx_word' id='word_1_492' title='bbox 1211 4759 1288 4802; x_wconf 90' lang='lat' dir='ltr'><strong>vero</strong></span> <span class='ocrx_word' id='word_1_493' title='bbox 1312 4739 1453 4820; x_wconf 90' lang='lat' dir='ltr'><strong>partium</strong></span> <span class='ocrx_word' id='word_1_494' title='bbox 1476 4735 1605 4798; x_wconf 89' lang='lat' dir='ltr'><strong>duxerit</strong></span> <span class='ocrx_word' id='word_1_495' title='bbox 1628 4735 1870 4817; x_wconf 90' lang='lat' dir='ltr'><strong>appellandum,</strong></span> <span class='ocrx_word' id='word_1_496' title='bbox 1895 4733 2002 4797; x_wconf 88' lang='lat' dir='ltr'><strong>nichil·</strong></span> 
     </span>
     <span class='ocr_line' id='line_1_48' title="bbox 347 4824 2001 4912; baseline -0.004 -21"><span class='ocrx_word' id='word_1_497' title='bbox 347 4830 474 4891; x_wconf 90' lang='lat' dir='ltr'><strong>ominus</strong></span> <span class='ocrx_word' id='word_1_498' title='bbox 496 4838 594 4892; x_wconf 90' lang='lat' dir='ltr'><strong>testes</strong></span> <span class='ocrx_word' id='word_1_499' title='bbox 618 4829 762 4904; x_wconf 90' lang='lat' dir='ltr'><strong>idoneos,</strong></span> <span class='ocrx_word' id='word_1_500' title='bbox 787 4829 861 4891; x_wconf 91' lang='lat' dir='ltr'><strong>hinc</strong></span> <span class='ocrx_word' id='word_1_501' title='bbox 885 4831 960 4893; x_wconf 91' lang='lat' dir='ltr'><strong>inde</strong></span> <span class='ocrx_word' id='word_1_502' title='bbox 982 4829 1169 4912; x_wconf 91' lang='lat' dir='ltr'><strong>productos,</strong></span> <span class='ocrx_word' id='word_1_503' title='bbox 1192 4827 1412 4910; x_wconf 91' lang='lat' dir='ltr'><strong>appellatione</strong></span> <span class='ocrx_word' id='word_1_504' title='bbox 1429 4834 1583 4899; x_wconf 89' lang='lat' dir='ltr'><strong>cessante,</strong></span> <span class='ocrx_word' id='word_1_505' title='bbox 1608 4825 1744 4906; x_wconf 91' lang='lat' dir='ltr'><strong>recipias</strong></span> <span class='ocrx_word' id='word_1_506' title='bbox 1760 4831 1802 4899; x_wconf 89' lang='lat' dir='ltr'><strong>et,</strong></span> <span class='ocrx_word' id='word_1_507' title='bbox 1825 4824 2001 4887; x_wconf 90' lang='lat' dir='ltr'><strong>eorundem</strong></span> 
     </span>
     <span class='ocr_line' id='line_1_49' title="bbox 347 4913 2001 5000; baseline -0.001 -20"><span class='ocrx_word' id='word_1_508' title='bbox 347 4919 521 4980; x_wconf 90' lang='lat' dir='ltr'><strong>iuratorum</strong></span> <span class='ocrx_word' id='word_1_509' title='bbox 545 4918 766 4998; x_wconf 89' lang='lat' dir='ltr'><strong>depositiones</strong></span> <span class='ocrx_word' id='word_1_510' title='bbox 791 4919 961 5000; x_wconf 84' lang='lat' dir='ltr'><strong>diligenter</strong></span> <span class='ocrx_word' id='word_1_511' title='bbox 983 4918 1203 4993; x_wconf 90' lang='lat' dir='ltr'><strong>conscribens,</strong></span> <span class='ocrx_word' id='word_1_512' title='bbox 1236 4916 1296 4979; x_wconf 92' lang='lat' dir='ltr'><strong>sub</strong></span> <span class='ocrx_word' id='word_1_513' title='bbox 1320 4916 1426 4997; x_wconf 88' lang='lat' dir='ltr'><strong>sigillo</strong></span> <span class='ocrx_word' id='word_1_514' title='bbox 1450 4925 1507 4978; x_wconf 93' lang='lat' dir='ltr'><strong>tuo</strong></span> <span class='ocrx_word' id='word_1_515' title='bbox 1531 4913 1655 4976; x_wconf 87' lang='lat' dir='ltr'><strong>clausas</strong></span> <span class='ocrx_word' id='word_1_516' title='bbox 1678 4913 1774 4976; x_wconf 90' lang='lat' dir='ltr'><strong>nobis</strong></span> <span class='ocrx_word' id='word_1_517' title='bbox 1797 4914 2001 4978; x_wconf 76' lang='lat' dir='ltr'><strong>transmittas</strong></span> 
     </span>
     <span class='ocr_line' id='line_1_50' title="bbox 346 5001 2001 5090; baseline -0.004 -22"><span class='ocrx_word' id='word_1_518' title='bbox 346 5006 508 5090; x_wconf 85' lang='lat' dir='ltr'><strong>prefigens</strong></span> <span class='ocrx_word' id='word_1_519' title='bbox 531 5008 678 5088; x_wconf 91' lang='lat' dir='ltr'><strong>partibus</strong></span> <span class='ocrx_word' id='word_1_520' title='bbox 701 5005 872 5070; x_wconf 90' lang='lat' dir='ltr'><strong>terminum</strong></span> <span class='ocrx_word' id='word_1_521' title='bbox 896 5014 1136 5090; x_wconf 89' lang='lat' dir='ltr'><strong>conpetentem,</strong></span> <span class='ocrx_word' id='word_1_522' title='bbox 1166 5026 1232 5088; x_wconf 91' lang='lat' dir='ltr'><strong>quo</strong></span> <span class='ocrx_word' id='word_1_523' title='bbox 1256 5025 1329 5067; x_wconf 89' lang='lat' dir='ltr'><strong>cunr</strong></span> <span class='ocrx_word' id='word_1_524' title='bbox 1360 5005 1439 5086; x_wconf 89' lang='lat' dir='ltr'><strong>ipsis</strong></span> <span class='ocrx_word' id='word_1_525' title='bbox 1469 5001 1732 5066; x_wconf 89' lang='lat' dir='ltr'><strong>attestationibus</strong></span> <span class='ocrx_word' id='word_1_526' title='bbox 1762 5003 1950 5083; x_wconf 88' lang='lat' dir='ltr'><strong>apostolico</strong></span> <span class='ocrx_word' id='word_1_527' title='bbox 1971 5019 2001 5062; x_wconf 87' lang='lat' dir='ltr'><strong>se</strong></span> 
     </span>
     <span class='ocr_line' id='line_1_51' title="bbox 348 5092 1546 5177; baseline -0.006 -17"><span class='ocrx_word' id='word_1_528' title='bbox 348 5095 489 5162; x_wconf 89' lang='lat' dir='ltr'><strong>debeant</strong></span> <span class='ocrx_word' id='word_1_529' title='bbox 512 5096 701 5177; x_wconf 91' lang='lat' dir='ltr'><strong>conspectui</strong></span> <span class='ocrx_word' id='word_1_530' title='bbox 725 5106 919 5177; x_wconf 88' lang='lat' dir='ltr'><strong>presentare.</strong></span> <span class='ocrx_word' id='word_1_531' title='bbox 943 5132 985 5141; x_wconf 90' lang='lat'><strong>—</strong></span> <span class='ocrx_word' id='word_1_532' title='bbox 1009 5095 1084 5158; x_wconf 90' lang='lat' dir='ltr'><strong>Dat.</strong></span> <span class='ocrx_word' id='word_1_533' title='bbox 1108 5095 1269 5170; x_wconf 88' lang='lat' dir='ltr'><strong>Laterani,</strong></span> <span class='ocrx_word' id='word_1_534' title='bbox 1292 5107 1367 5156; x_wconf 82' lang='lat' dir='ltr'><strong>xvn</strong></span> <span class='ocrx_word' id='word_1_535' title='bbox 1390 5093 1443 5155; x_wconf 88' lang='lat' dir='ltr'><strong>Kl.</strong></span> <span class='ocrx_word' id='word_1_536' title='bbox 1466 5092 1546 5154; x_wconf 91' lang='lat' dir='ltr'><strong>Iulii.</strong></span> 
     </span>
    </p>
   </div>
   <div class='ocr_carea' id='block_1_11' title="bbox 345 5197 2002 5480">
    <p class='ocr_par' dir='ltr' id='par_1_15' title="bbox 506 5197 1472 5265">
     <span class='ocr_line' id='line_1_52' title="bbox 506 5197 1472 5265; baseline -0.005 -17"><span class='ocrx_word' id='word_1_537' title='bbox 506 5199 549 5248; x_wconf 87' lang='lat' dir='ltr'><strong>Or.</strong></span> <span class='ocrx_word' id='word_1_538' title='bbox 569 5200 679 5265; x_wconf 76' lang='lat' dir='ltr'><strong>(Sciret),</strong></span> <span class='ocrx_word' id='word_1_539' title='bbox 698 5200 731 5249; x_wconf 86' lang='lat' dir='ltr'><strong>im</strong></span> <span class='ocrx_word' id='word_1_540' title='bbox 747 5199 860 5251; x_wconf 80' lang='lat' dir='ltr'><strong>Archivr&#39;o</strong></span> <span class='ocrx_word' id='word_1_541' title='bbox 882 5200 1013 5264; x_wconf 78' lang='lat' dir='ltr'><strong>Capitolare</strong></span> <span class='ocrx_word' id='word_1_542' title='bbox 1031 5199 1057 5248; x_wconf 87' lang='lat' dir='ltr'><strong>di</strong></span> <span class='ocrx_word' id='word_1_543' title='bbox 1073 5199 1142 5248; x_wconf 85' lang='lat' dir='ltr'><strong>Snnt¹</strong></span> <span class='ocrx_word' id='word_1_544' title='bbox 1161 5199 1280 5248; x_wconf 81' lang='lat' dir='ltr'><strong>Antonino</strong></span> <span class='ocrx_word' id='word_1_545' title='bbox 1298 5213 1327 5246; x_wconf 79' lang='lat' dir='ltr'><strong>cn</strong></span> <span class='ocrx_word' id='word_1_546' title='bbox 1348 5197 1472 5245; x_wconf 80' lang='lat' dir='ltr'><strong>Pincenao.</strong></span> 
     </span>
    </p>

    <p class='ocr_par' dir='ltr' id='par_1_16' title="bbox 345 5263 2002 5480">
     <span class='ocr_line' id='line_1_53' title="bbox 506 5263 2002 5338; baseline -0.004 -18"><span class='ocrx_word' id='word_1_547' title='bbox 506 5271 576 5336; x_wconf 79' lang='lat' dir='ltr'><strong>Ptrg.</strong></span> <span class='ocrx_word' id='word_1_548' title='bbox 594 5272 653 5332; x_wconf 73' lang='lat' dir='ltr'><strong>nol,</strong></span> <span class='ocrx_word' id='word_1_549' title='bbox 671 5272 707 5321; x_wconf 82' lang='lat' dir='ltr'><strong>ir.</strong></span> <span class='ocrx_word' id='word_1_550' title='bbox 727 5273 795 5331; x_wconf 80' lang='grc'><em>0,14,</em></span> <span class='ocrx_word' id='word_1_551' title='bbox 814 5274 874 5338; x_wconf 81' lang='lat' dir='ltr'><strong>long</strong></span> <span class='ocrx_word' id='word_1_552' title='bbox 890 5275 976 5330; x_wconf 63' lang='lat' dir='ltr'><strong>onte,</strong></span> <span class='ocrx_word' id='word_1_553' title='bbox 997 5271 1105 5336; x_wconf 82' lang='lat' dir='ltr'><strong>Foltnng</strong></span> <span class='ocrx_word' id='word_1_554' title='bbox 1121 5270 1164 5318; x_wconf 83' lang='lat' dir='ltr'><strong>der</strong></span> <span class='ocrx_word' id='word_1_555' title='bbox 1181 5269 1273 5318; x_wconf 83' lang='lat' dir='ltr'><strong>Sekretc</strong></span> <span class='ocrx_word' id='word_1_556' title='bbox 1292 5270 1373 5328; x_wconf 75' lang='lat' dir='ltr'><strong>(insol</strong></span> <span class='ocrx_word' id='word_1_557' title='bbox 1387 5269 1430 5316; x_wconf 84' lang='lat' dir='ltr'><strong>der</strong></span> <span class='ocrx_word' id='word_1_558' title='bbox 1446 5267 1525 5316; x_wconf 85' lang='lat' dir='ltr'><strong>Breitc</strong></span> <span class='ocrx_word' id='word_1_559' title='bbox 1542 5268 1623 5328; x_wconf 79' lang='lat' dir='ltr'><strong>noch),</strong></span> <span class='ocrx_word' id='word_1_560' title='bbox 1642 5265 1719 5315; x_wconf 82' lang='lat' dir='ltr'><strong>durch</strong></span> <span class='ocrx_word' id='word_1_561' title='bbox 1733 5267 1749 5314; x_wconf 76' lang='lat'><em>2</em></span> <span class='ocrx_word' id='word_1_562' title='bbox 1761 5265 1855 5314; x_wconf 77' lang='lat' dir='ltr'><strong>Licher</strong></span> <span class='ocrx_word' id='word_1_563' title='bbox 1866 5265 1927 5328; x_wconf 76' lang='lat' dir='ltr'><strong>geht</strong></span> <span class='ocrx_word' id='word_1_564' title='bbox 1942 5263 2002 5314; x_wconf 76' lang='lat' dir='ltr'><strong>nni.</strong></span> 
     </span>
     <span class='ocr_line' id='line_1_54' title="bbox 345 5335 2002 5409; baseline -0.005 -18"><span class='ocrx_word' id='word_1_565' title='bbox 345 5342 382 5391; x_wconf 83' lang='lat' dir='ltr'><strong>oh&#39;e</strong></span> <span class='ocrx_word' id='word_1_566' title='bbox 400 5341 570 5406; x_wconf 64' lang='lat' dir='ltr'><strong>Haqtschnnr,</strong></span> <span class='ocrx_word' id='word_1_567' title='bbox 589 5359 672 5391; x_wconf 74' lang='lat' dir='ltr'><strong>rinnon</strong></span> <span class='ocrx_word' id='word_1_568' title='bbox 689 5343 733 5392; x_wconf 85' lang='lat' dir='ltr'><strong>dos</strong></span> <span class='ocrx_word' id='word_1_569' title='bbox 751 5344 874 5409; x_wconf 77' lang='lat' dir='ltr'><strong>Bhitiegel</strong></span> <span class='ocrx_word' id='word_1_570' title='bbox 893 5345 976 5408; x_wconf 75' lang='lat' dir='ltr'><strong>ltingt.</strong></span> <span class='ocrx_word' id='word_1_571' title='bbox 1011 5354 1070 5392; x_wconf 81' lang='lat' dir='ltr'><strong>xvu</strong></span> <span class='ocrx_word' id='word_1_572' title='bbox 1088 5341 1130 5390; x_wconf 91' lang='lat' dir='ltr'><strong>Kl.</strong></span> <span class='ocrx_word' id='word_1_573' title='bbox 1149 5341 1205 5390; x_wconf 87' lang='lat' dir='ltr'><strong>Iulii</strong></span> <span class='ocrx_word' id='word_1_574' title='bbox 1229 5341 1260 5389; x_wconf 80' lang='lat' dir='ltr'><strong>ist</strong></span> <span class='ocrx_word' id='word_1_575' title='bbox 1285 5356 1332 5388; x_wconf 84' lang='lat' dir='ltr'><strong>non</strong></span> <span class='ocrx_word' id='word_1_576' title='bbox 1357 5340 1457 5388; x_wconf 68' lang='lat' dir='ltr'><strong>medem</strong></span> <span class='ocrx_word' id='word_1_577' title='bbox 1474 5339 1553 5388; x_wconf 85' lang='lat' dir='ltr'><strong>Hand</strong></span> <span class='ocrx_word' id='word_1_578' title='bbox 1574 5337 1629 5386; x_wconf 74' lang='lat' dir='ltr'><strong>rond</strong></span> <span class='ocrx_word' id='word_1_579' title='bbox 1643 5337 1720 5386; x_wconf 81' lang='lat' dir='ltr'><strong>Dinte</strong></span> <span class='ocrx_word' id='word_1_580' title='bbox 1744 5336 1904 5402; x_wconf 70' lang='lat' dir='ltr'><strong>eirgtnogen.</strong></span> <span class='ocrx_word' id='word_1_581' title='bbox 1942 5335 2002 5398; x_wconf 62' lang='lat' dir='ltr'><strong>ibt!-</strong></span> 
     </span>
     <span class='ocr_line' id='line_1_55' title="bbox 345 5411 1544 5480; baseline -0.004 -17"><span class='ocrx_word' id='word_1_582' title='bbox 345 5413 432 5480; x_wconf 80' lang='lat' dir='ltr'><strong>schn&#39;ft</strong></span> <span class='ocrx_word' id='word_1_583' title='bbox 448 5413 569 5478; x_wconf 63' lang='lat' dir='ltr'><strong>drehn&#39;h&#39;ga</strong></span> <span class='ocrx_word' id='word_1_584' title='bbox 587 5415 647 5462; x_wconf 86' lang='lat' dir='ltr'><strong>noch</strong></span> <span class='ocrx_word' id='word_1_585' title='bbox 664 5431 694 5462; x_wconf 78' lang='lat' dir='ltr'><strong>au</strong></span> <span class='ocrx_word' id='word_1_586' title='bbox 711 5416 772 5464; x_wconf 83' lang='lat' dir='ltr'><strong>lesen</strong></span> <span class='ocrx_word' id='word_1_587' title='bbox 789 5415 901 5464; x_wconf 83' lang='lat' dir='ltr'><strong>Brixensi</strong></span> <span class='ocrx_word' id='word_1_588' title='bbox 919 5415 1040 5479; x_wconf 87' lang='lat' dir='ltr'><strong>episcopo</strong></span> <span class='ocrx_word' id='word_1_589' title='bbox 1056 5413 1060 5478; x_wconf 93' lang='grc' dir='ltr'>Ι</span> <span class='ocrx_word' id='word_1_590' title='bbox 1077 5413 1122 5476; x_wconf 79' lang='lat' dir='ltr'><strong>(in)</strong></span> <span class='ocrx_word' id='word_1_591' title='bbox 1142 5427 1216 5462; x_wconf 85' lang='lat' dir='ltr'><strong>causa</strong></span> <span class='ocrx_word' id='word_1_592' title='bbox 1235 5429 1302 5477; x_wconf 85' lang='lat' dir='ltr'><strong>g</strong></span> <span class='ocrx_word' id='word_1_593' title='bbox 1321 5449 1328 5462; x_wconf 90' lang='lat'><strong><em>.</em></strong></span> <span class='ocrx_word' id='word_1_594' title='bbox 1348 5447 1354 5461; x_wconf 92' lang='lat'>.</span> <span class='ocrx_word' id='word_1_595' title='bbox 1375 5411 1402 5475; x_wconf 86' lang='grc' dir='ltr'><strong>,Ι</strong></span> <span class='ocrx_word' id='word_1_596' title='bbox 1420 5448 1426 5460; x_wconf 92' lang='grc'>.</span> <span class='ocrx_word' id='word_1_597' title='bbox 1446 5448 1452 5461; x_wconf 92' lang='grc'><strong>.</strong></span> <span class='ocrx_word' id='word_1_598' title='bbox 1472 5448 1478 5461; x_wconf 94' lang='grc'>.</span> <span class='ocrx_word' id='word_1_599' title='bbox 1498 5447 1505 5460; x_wconf 92' lang='grc'><strong>.</strong></span> <span class='ocrx_word' id='word_1_600' title='bbox 1525 5425 1544 5458; x_wconf 88' lang='lat' dir='ltr'><strong>s.</strong></span> 
     </span>
    </p>
   </div>
   <div class='ocr_carea' id='block_1_12' title="bbox 346 5513 2004 5802">
    <p class='ocr_par' dir='ltr' id='par_1_17' title="bbox 346 5513 2004 5802">
     <span class='ocr_line' id='line_1_56' title="bbox 504 5513 2004 5586; baseline -0.005 -18"><span class='ocrx_word' id='word_1_601' title='bbox 504 5525 529 5583; x_wconf 82' lang='lat' dir='ltr'><strong>a)</strong></span> <span class='ocrx_word' id='word_1_602' title='bbox 549 5522 608 5581; x_wconf 79' lang='lat' dir='ltr'><strong>Ans</strong></span> <span class='ocrx_word' id='word_1_603' title='bbox 619 5523 702 5570; x_wconf 79' lang='lat' dir='ltr'><strong>Rosur</strong></span> <span class='ocrx_word' id='word_1_604' title='bbox 782 5521 810 5586; x_wconf 92' lang='lat' dir='ltr'><strong>b)</strong></span> <span class='ocrx_word' id='word_1_605' title='bbox 829 5521 907 5570; x_wconf 74' lang='lat' dir='ltr'><strong>himer</strong></span> <span class='ocrx_word' id='word_1_606' title='bbox 923 5535 948 5568; x_wconf 91' lang='lat' dir='ltr'><strong>m</strong></span> <span class='ocrx_word' id='word_1_607' title='bbox 966 5520 1051 5567; x_wconf 72' lang='lat' dir='ltr'><strong>Rarior</strong></span> <span class='ocrx_word' id='word_1_608' title='bbox 1137 5517 1161 5580; x_wconf 79' lang='lat' dir='ltr'><strong>c)</strong></span> <span class='ocrx_word' id='word_1_609' title='bbox 1179 5517 1232 5581; x_wconf 86' lang='lat' dir='ltr'><strong>ons</strong></span> <span class='ocrx_word' id='word_1_610' title='bbox 1242 5519 1327 5565; x_wconf 78' lang='lat' dir='ltr'><strong>Rnnn</strong></span> <span class='ocrx_word' id='word_1_611' title='bbox 1400 5515 1427 5577; x_wconf 75' lang='lat' dir='ltr'><strong>d)</strong></span> <span class='ocrx_word' id='word_1_612' title='bbox 1446 5531 1493 5564; x_wconf 84' lang='lat' dir='ltr'><strong>non</strong></span> <span class='ocrx_word' id='word_1_613' title='bbox 1511 5519 1621 5563; x_wconf 86' lang='lat' dir='ltr'><strong>nostrum</strong></span> <span class='ocrx_word' id='word_1_614' title='bbox 1639 5513 1844 5577; x_wconf 66' lang='lat' dir='ltr'><strong>suprapositum</strong></span> <span class='ocrx_word' id='word_1_615' title='bbox 1864 5515 1917 5579; x_wconf 56' lang='lat' dir='ltr'><strong>ruff</strong></span> <span class='ocrx_word' id='word_1_616' title='bbox 1929 5517 2004 5562; x_wconf 78' lang='lat' dir='ltr'><strong>Rorur</strong></span> 
     </span>
     <span class='ocr_line' id='line_1_57' title="bbox 346 5587 2002 5658; baseline -0.005 -18"><span class='ocrx_word' id='word_1_617' title='bbox 346 5592 371 5656; x_wconf 87' lang='lat' dir='ltr'><strong>e)</strong></span> <span class='ocrx_word' id='word_1_618' title='bbox 391 5591 529 5641; x_wconf 79' lang='lat' dir='ltr'><strong>imminere.</strong></span> <span class='ocrx_word' id='word_1_619' title='bbox 542 5595 643 5658; x_wconf 69' lang='lat'><strong>-.1)</strong></span> <span class='ocrx_word' id='word_1_620' title='bbox 662 5593 793 5642; x_wconf 82' lang='lat' dir='ltr'><strong>Entweder</strong></span> <span class='ocrx_word' id='word_1_621' title='bbox 807 5593 885 5650; x_wconf 84' lang='lat' dir='ltr'><strong>Ubert,</strong></span> <span class='ocrx_word' id='word_1_622' title='bbox 900 5590 1097 5654; x_wconf 72' lang='lat' dir='ltr'><strong>Erabhchofvon</strong></span> <span class='ocrx_word' id='word_1_623' title='bbox 1111 5587 1444 5647; x_wconf 79' lang='lat' dir='ltr'><strong>Pisa,1132-1137,0der</strong></span> <span class='ocrx_word' id='word_1_624' title='bbox 1462 5587 1779 5642; x_wconf 79' lang='lat' dir='ltr'><strong>Viltonus,1146-11rit.</strong></span> <span class='ocrx_word' id='word_1_625' title='bbox 1860 5598 1885 5640; x_wconf 77' lang='lat' dir='ltr'><strong>ar</strong></span> <span class='ocrx_word' id='word_1_626' title='bbox 1906 5587 2002 5636; x_wconf 63' lang='lat' dir='ltr'><strong>&amp;lieno</strong></span> 
     </span>
     <span class='ocr_line' id='line_1_58' title="bbox 346 5653 2003 5729; baseline -0.005 -19"><span class='ocrx_word' id='word_1_627' title='bbox 346 5661 459 5713; x_wconf 76' lang='lat' dir='ltr'><strong>Fron&#39;onc</strong></span> <span class='ocrx_word' id='word_1_628' title='bbox 481 5663 522 5712; x_wconf 85' lang='lat' dir='ltr'><strong>del</strong></span> <span class='ocrx_word' id='word_1_629' title='bbox 536 5680 633 5714; x_wconf 85' lang='lat' dir='ltr'><strong>comune</strong></span> <span class='ocrx_word' id='word_1_630' title='bbox 650 5663 678 5712; x_wconf 87' lang='lat' dir='ltr'><strong>di</strong></span> <span class='ocrx_word' id='word_1_631' title='bbox 696 5663 832 5729; x_wconf 78' lang='lat' dir='ltr'><strong>Pogibonn&#39;,</strong></span> <span class='ocrx_word' id='word_1_632' title='bbox 850 5661 978 5727; x_wconf 81' lang='lat' dir='ltr'><strong>provintia</strong></span> <span class='ocrx_word' id='word_1_633' title='bbox 1001 5662 1029 5710; x_wconf 84' lang='lat' dir='ltr'><strong>di</strong></span> <span class='ocrx_word' id='word_1_634' title='bbox 1044 5661 1123 5710; x_wconf 82' lang='lat' dir='ltr'><strong>Simo.</strong></span> <span class='ocrx_word' id='word_1_635' title='bbox 1206 5661 1232 5726; x_wconf 82' lang='lat'><strong>3)</strong></span> <span class='ocrx_word' id='word_1_636' title='bbox 1257 5659 1334 5725; x_wconf 86' lang='lat' dir='ltr'><strong>Vcrgl.</strong></span> <span class='ocrx_word' id='word_1_637' title='bbox 1354 5659 1390 5709; x_wconf 85' lang='lat' dir='ltr'><strong>die</strong></span> <span class='ocrx_word' id='word_1_638' title='bbox 1411 5658 1544 5710; x_wconf 70' lang='lat' dir='ltr'><strong>ttrkundm</strong></span> <span class='ocrx_word' id='word_1_639' title='bbox 1562 5656 1651 5706; x_wconf 80' lang='lat' dir='ltr'><strong>nond</strong></span> <span class='ocrx_word' id='word_1_640' title='bbox 1671 5655 1726 5706; x_wconf 74' lang='lat' dir='ltr'><strong>Mat</strong></span> <span class='ocrx_word' id='word_1_641' title='bbox 1745 5657 1811 5708; x_wconf 76' lang='lat'><strong>1149</strong></span> <span class='ocrx_word' id='word_1_642' title='bbox 1830 5658 1888 5708; x_wconf 74' lang='lat' dir='ltr'><strong>und</strong></span> <span class='ocrx_word' id='word_1_643' title='bbox 1902 5658 1936 5709; x_wconf 77' lang='lat'><strong>23</strong></span> <span class='ocrx_word' id='word_1_644' title='bbox 1954 5653 2003 5706; x_wconf 76' lang='lat' dir='ltr'><strong>Mai</strong></span> 
     </span>
     <span class='ocr_line' id='line_1_59' title="bbox 348 5729 1205 5802; baseline -0.005 -18"><span class='ocrx_word' id='word_1_645' title='bbox 348 5737 422 5788; x_wconf 83' lang='lat'><em>1180.</em></span> <span class='ocrx_word' id='word_1_646' title='bbox 494 5737 522 5802; x_wconf 88' lang='grc'><strong>4)</strong></span> <span class='ocrx_word' id='word_1_647' title='bbox 542 5735 612 5798; x_wconf 67' lang='lat' dir='ltr'><strong>Mans</strong></span> <span class='ocrx_word' id='word_1_648' title='bbox 630 5734 759 5796; x_wconf 73' lang='lat' dir='ltr'><strong>Raimnnd</strong></span> <span class='ocrx_word' id='word_1_649' title='bbox 773 5735 819 5802; x_wconf 75' lang='lat' dir='ltr'><strong>{bis</strong></span> <span class='ocrx_word' id='word_1_650' title='bbox 836 5737 913 5802; x_wconf 81' lang='lat'>1173)</span> <span class='ocrx_word' id='word_1_651' title='bbox 931 5734 988 5782; x_wconf 84' lang='lat' dir='ltr'><strong>oder</strong></span> <span class='ocrx_word' id='word_1_652' title='bbox 1008 5733 1132 5801; x_wconf 76' lang='lat' dir='ltr'><strong>Johonms</strong></span> <span class='ocrx_word' id='word_1_653' title='bbox 1148 5729 1205 5782; x_wconf 82' lang='lat' dir='ltr'><strong>sein.</strong></span> 
     </span>
    </p>
   </div>
   <div class='ocr_carea' id='block_1_13' title="bbox 0 0 2092 6356">
    <p class='ocr_par' dir='ltr' id='par_1_18' title="bbox 0 0 2092 6356">
     <span class='ocr_line' id='line_1_60' title="bbox 0 0 2092 6356; baseline 0 0"><span class='ocrx_word' id='word_1_654' title='bbox 0 0 2092 6356; x_wconf 95' lang='lat' dir='ltr'><strong> </strong></span> 
     </span>
    </p>
   </div>
  </div>
 </body>
</html>
