4090 6358
250 499 271 584 i
294 504 367 584 Ego
390 499 562 564 Rainerius
586 499 749 584 pre'sbiter
772 497 941 566 cardinalis
964 502 1013 566 tit.
1038 511 1151 566 sancte
1174 503 1282 567 Prisce
1304 525 1344 567 ss.
1369 503 1421 588 (ι)

250 593 270 672 †
294 591 367 674 Ego
390 589 537 654 Thomas
563 592 725 673 presbiter
748 593 920 656 cardinalis
945 594 991 655 tit.
1015 592 1152 657 Vestine
1175 614 1216 656 ss.

251 682 271 761 †
294 683 366 762 Ego
391 679 566 742 HUBaldus
590 683 753 764 presbiter
776 683 946 745 cardinalis
969 686 1017 746 tit.
1043 691 1154 745 sancte
1178 683 1335 746 Praxedis
1358 703 1400 744 ss.
1426 685 1478 762 (4)

250 771 271 852 †
294 772 368 852 Ego
394 768 584 832 Mansredus
608 772 771 852 presbiter
795 773 966 835 cardinalis
989 772 1038 834 tit.
1062 782 1174 835 sancte
1199 770 1320 835 Savine
1343 792 1383 834 ss

255 895 293 906 —
318 859 338 940 †
362 859 434 940 Ego
460 857 568 921 Guido
593 861 750 923 diaconus
774 861 947 924 cardinalis
969 869 1081 924 sancte
1105 859 1225 925 Cosme
1249 869 1282 923 et
1305 861 1456 923 Damiani
1479 881 1519 922 ss.

252 949 273 1030 †
296 949 369 1030 Ego
394 947 559 1010 Gerardus
583 950 739 1012 diaconus
764 951 936 1013 cardinalis
960 960 1071 1036 sancte
1095 951 1197 1037 Marie
1220 952 1251 1014 in
1276 949 1437 1013 Domnica
1460 970 1501 1012 ss.
1525 945 1571 1034 (3)

251 1037 271 1120 †
295 1037 368 1120 Ego
391 1037 555 1100 lohannes
580 1059 706 1121 paparo
729 1040 886 1102 diaconus
911 1042 1081 1103 cardinalis
1105 1042 1207 1103 sancti
1231 1038 1369 1102 Adriani
1393 1060 1433 1100 ss.
1458 1036 1505 1123 (1)

251 1127 272 1206 †
294 1125 367 1210 Ego
392 1125 555 1190 Iohannes
579 1129 735 1192 diaconus
759 1129 932 1192 cardinalis
956 1139 1066 1192 sancte
1091 1129 1192 1191 Marie
1215 1128 1310 1191 Nove
1334 1148 1374 1190 ss

198 1212 276 1278 Dat
299 1215 405 1280 Rome
425 1220 462 1296 ει),
495 1237 554 1298 per
585 1238 717 1281 manum
750 1217 923 1293 GERARDI,
956 1229 1068 1282 sancte
1095 1219 1245 1281 Romane
1276 1217 1414 1280 ecclesie
1443 1217 1616 1299 presbiteri
1648 1237 1716 1279 car·

42 1301 154 1364 dinalis
178 1323 219 1365 ac
244 1304 494 1369 bibliothecarii.
534 1319 597 1369 V111
621 1307 697 1369 Idus
722 1309 840 1370 Martii.
886 1306 1069 1372 Indictione
1086 1321 1144 1371 vn.
1190 1309 1421 1370 Incarnationis
1445 1307 1607 1369 dominice
1630 1326 1716 1368 anno

43 1403 184 1455 ltcxull.
231 1395 443 1458 Pontificatus
467 1415 545 1458 vero
570 1396 683 1459 domni
708 1396 862 1460 Celestini
885 1398 944 1461 ΡΡ.
967 1413 993 1461 11
1016 1419 1102 1461 anno
1126 1399 1242 1479 primo.

201 1507 245 1558 Or.
265 1509 298 1558 im
318 1511 432 1560 Archivio
451 1510 478 1559 di
494 1510 561 1559 Staio
578 1527 608 1558 su
627 1510 748 1560 Mailand.

200 1579 272 1647 Perg.
290 1582 350 1642 ital,
369 1583 404 1633 bn
426 1586 476 1643 Of»,
495 1585 556 1648 lang
573 1584 642 1644 OM,
663 1590 738 1632 unlen
759 1584 837 1644 o,032
857 1583 1046 1648 stagnellum,
1066 1583 1145 1632 durch
1161 1585 1219 1633 sauci
1228 1584 1322 1633 L'o'clur
1335 1583 1391 1648 geht
1407 1582 1445 1632 die
1462 1581 1604 1646 braungelbe
1621 1581 1717 1629 Seiden·

43 1648 133 1708 κώπην,
159 1649 234 1700 deren
252 1653 333 1719 Siegel
345 1658 462 1704 varlaren.
500 1653 608 1719 Fallung
630 1654 674 1702 der
691 1655 786 1704 Bullen.
825 1655 936 1703 Initialc:
953 1655 1109 1722 krdsngesC
1133 1656 1178 1704 mit
1204 1657 1357 1722 cingeretztem
1376 1656 1406 1704 E.
1443 1656 1497 1703 Der
1517 1654 1660 1716 Papstname
1684 1653 1717 1701 im

43 1735 68 1768 us
84 1721 166 1770 bum.
210 1723 368 1792 Verewigung
385 1725 572 1786 ΝΜΙΙΡῙΜ,
608 1733 666 1775 stru!
683 1726 723 1776 des
742 1727 853 1775 Dmckes
870 1728 1044 1790 Doppellinien,
1055 1728 1124 1792 fitllt
1141 1730 1227 1787 0,076.
1265 1728 1303 1776 lm
1321 1727 1462 1790 lmmcn'pte
1483 1723 1560 1774 slehen
1579 1725 1616 1773 die
1641 1725 1718 1774 Warte

44 1792 93 1839 zuei!
109 1793 279 1856 antinomia,
300 1798 336 1846 die
355 1798 498 1863 Masicskeln
516 1799 574 1846 sind
589 1798 681 1857 Μυκη·
704 1798 799 1847 sklare
817 1799 1131 1862 Spitncluppenscknarkel,
1159 1806 1181 1848 st
1199 1799 1276 1848 slehen
1294 1801 1328 1847 bis
1345 1816 1375 1847 su
1394 1799 1472 1858 0,023
1490 1797 1656 1855 auseinander,
1681 1796 1718 1844 die

47 1863 189 1930 Oberldngm
206 1868 313 1917 siemlr'cli
327 1870 453 1934 gestreckl,
481 1870 625 1920 Zeilemuaeite
644 1871 713 1929 O,()2.
751 1871 816 1918 Drei
831 1873 909 1919 Amen
926 1871 974 1919 Nr.
994 1875 1009 1918 5
1028 1871 1152 1920 schliessen
1177 1872 1213 1920 die
1234 1873 1297 1919 letale
1316 1871 1384 1920 Zeile.
1421 1873 1483 1918 Rota
1501 1869 1549 1921 Nr.
1573 1874 1592 1927 l,
1617 1867 1717 1916 Darde·

45 1951 124 1984 noser
140 1941 204 1996 ⁰20⁶
211 1944 231 1998 1,
258 1956 307 1989 von
334 1942 377 1990 der
402 1943 482 1990 letum
511 1941 573 1990 Zeile
591 1944 659 2002 0,01,
687 1957 734 1990 von
762 1943 805 1990 der
827 1943 908 1991 lintea
932 1943 1013 1991 Kante
1031 1945 1117 2002 O‚083,
1144 1958 1199 1992 vom
1228 1942 1409 2007 Mmogramme
1434 1942 1518 2001 0243.
1548 1939 1717 2004 Monogramm

45 2006 87 2055 Nr.
106 2007 141 2067 1³,
161 2009 222 2057 koch
240 2013 327 2072 0,046,
352 2011 411 2062 breil
429 2015 517 2071 0,025.
558 2013 743 2076 Ungeio'o'lmlicd
768 2015 870 2062 deutlich
889 2015 973 2062 werhen
1000 2014 1142 2079 Ringkreus,
1168 2014 1263 2064 Eund
1278 2030 1302 2063 ss
1326 2015 1369 2062 der
1390 2013 1552 2077 Umersclrrrst
1574 2012 1624 2060 eine
1642 2011 1721 2059 Hand

46 2079 94 2126 rard
108 2079 183 2128 Diade
192 2082 250 2146 fiir
266 2083 316 2132 sich
335 2085 387 2149 uus
428 2085 475 2133 Die
493 2086 623 2150 Datinmg
647 2085 720 2133 villar!
736 2102 790 2133 vom
809 2086 933 2134 Schreiber
950 2087 989 2135 des
1008 2086 1189 2150 Hauptkdrpers
1205 2086 1254 2146 lter,
1283 2085 1389 2134 Gerardi
1413 2085 1486 2134 dorin
1500 2083 1629 2149 geklemml
1645 2082 1719 2131 nach·

44 2157 155 2215 garagm.
195 2152 378 2220 Zeugmfirmm
404 2172 459 2205 sum
483 2162 590 2222 gausum
613 2157 692 2206 Tleile
718 2173 766 2206 von
789 2165 862 2206 unter
888 2158 938 2206 n'ch
962 2158 1067 2224 gleicher
1083 2158 1164 2207 Hand
1184 2159 1240 2207 mad
1261 2158 1342 2207 Dinte.
1379 2157 1434 2206 Der
1454 2156 1577 2222 Resbyter
1600 2154 1722 2219 Mansred

46 2221 118 2270 Hand
132 2225 189 2272 und
205 2227 281 2275 Dima
290 2229 345 2292 sicr
361 2228 418 2277 sich.

799 2542 866 2617 Nr.
899 2547 959 2619 56.

51 2665 159 2732 lucius
177 2669 223 2733 II
240 2668 392 2753 bestdtzgt
412 2671 486 2735 dem
511 2671 662 2754 Bz'schcffe
684 2675 781 2738 Peter
800 2698 861 2739 von
884 2675 992 2739 Niaaa
1016 2674 1070 2738 die
1100 2696 1161 2738 von
1189 2673 1256 2738 ihm
1284 2671 1486 2757 eingefiihrte
1509 2669 1721 2755 Augustiner·

354 2761 445 2844 ragel
459 2763 520 2824 mit
534 2763 789 2830 Besitatlu't'mem
805 2765 874 2829 und
887 2763 1026 2829 Rechten
1041 2765 1145 2828 seines
1159 2764 1357 2844 Hachstistes
1375 2765 1409 2844 ¹).

667 2909 750 2969 1144
768 2906 869 2991 April
882 2909 912 2971 5.
944 2907 1094 2971 Lateran.

200 3034 322 3098 Lucius
345 3038 530 3121 episcopus,
554 3059 665 3103 servus
689 3061 856 3105 servorum
873 3044 937 3118 dei,
960 3043 1136 3105 venerabili
1156 3042 1247 3105 fratri
1264 3043 1370 3116 Petro,
1393 3038 1538 3102 Niciensi
1554 3039 1721 3121 episcopo,

52 3123 175 3205 eiusque
192 3127 439 3190 successoribus
457 3132 615 3192 canonice
631 3131 875 3210 substituendis
892 3146 930 3196 IN
947 3145 1023 3194 PPM.
1052 3129 1160 3194 Officii
1177 3133 1280 3194 nostri
1298 3151 1357 3193 nos
1373 3129 1522 3192 hortatur
1537 3129 1722 3202 auctoritas,

53 3231 104 3292 pro
127 3213 339 3278 ecclesiarum
362 3224 449 3278 statu
473 3227 623 3300 satagere
646 3229 679 3283 et
703 3241 813 3284 earum
838 3223 937 3301 quieti
963 3230 997 3285 et
1020 3220 1148 3283 utilitati
1173 3221 1353 3294 salubriter,
1380 3219 1556 3282 auxiliante
1577 3217 1723 3290 domino,

16 3317 17 3320 ’
53 3303 223 3381 providere.
270 3303 415 3386 Dignum
441 3327 582 3387 namque
606 3317 639 3372 et
662 3309 824 3374 honestati
849 3314 1046 3374 conveniens
1070 3331 1143 3374 esse
1167 3312 1383 3392 cognoscitur,
1409 3316 1451 3384 ut,
1476 3310 1531 3387 qui
1555 3307 1597 3369 ad
1622 3305 1723 3368 eccle-

53 3391 160 3455 siarum
184 3393 331 3474 regimen
356 3397 513 3478 assumpti
537 3417 657 3476 sumus,
683 3419 737 3462 eas
761 3409 794 3463 et
818 3421 1027 3483 apravorum
1052 3399 1221 3463 hominum
1247 3399 1390 3479 nequitia
1412 3407 1562 3460 tueamur
1585 3403 1619 3458 et
1633 3396 1723 3459 beati

54 3478 128 3543 Petri
151 3489 253 3564 atque
277 3485 460 3564 apostolice
486 3488 574 3550 sedis
605 3490 785 3569 patrocinio
817 3493 1009 3570 muniamus.
1056 3491 1258 3573 Eapropter,
1290 3487 1483 3551 venerabilis
1506 3487 1605 3549 frater
1628 3486 1724 3574 Petre

54 3570 206 3653 episcope,
231 3574 408 3653 petitiones
433 3584 505 3638 tuas
528 3576 709 3641 clementer
731 3580 935 3643 admittimus
959 3589 992 3642 et
1008 3579 1196 3642 Niciensem
1222 3577 1403 3650 ecclesiam,
1428 3578 1477 3639 cui
1502 3577 1567 3638 deo
1592 3583 1724 3637 auctore

16 3715 17 3718 ,
55 3678 175 3738 preesse
200 3661 412 3743 dignosceris,
436 3673 549 3728 sancte
573 3665 722 3731 Romane
746 3669 881 3732 ecclesie
905 3669 1074 3752 privilegio
1098 3669 1300 3732 roboramus.
1347 3664 1545 3742 Statuentes‚
1578 3674 1613 3726 ut
1640 3663 1723 3726 ordo

16 3831 17 3838 .
56 3751 231 3825 canonicus
263 3751 318 3830 qui
341 3754 520 3817 secundum
545 3755 632 3819 beati
657 3756 830 3840 Augustini
860 3751 1002 3840 regulam
1029 3766 1087 3820 tuo
1119 3757 1272 3820 laudabili
1305 3757 1414 3818 studio
1445 3763 1495 3818 est
1525 3757 1557 3817 in
1581 3751 1725 3815 Niciensi

16 3899 17 3902 ,
57 3836 191 3916 ecclesia,
218 3840 284 3902 deo
307 3845 436 3922 gratias,
460 3843 633 3921 institutus,
657 3846 780 3909 ibidem
805 3848 918 3911 suturis
942 3847 1147 3929 temporibus
1170 3845 1437 3927 irrefragabiliter
1460 3843 1653 3907 observetur
1683 3849 1725 3916 et,

16 3953 17 4012 j
57 3924 284 3992 decedentibus
312 3929 455 4008 clericis,
486 3935 541 4013 qui
572 3936 603 3996 in
636 3939 872 4022 presentiarum
904 3939 935 3999 in
967 3957 1005 4000 ea
1036 3938 1174 4000 domino
1205 3935 1416 4009 famulantur,
1449 3933 1554 3996 nullus
1588 3935 1634 3995 eis
1666 3931 1724 3992 nisi

58 4016 226 4097 regularem
250 4019 349 4082 vitam
381 4020 548 4102 professus
579 4026 753 4089 canonicus
784 4027 989 4109 subrogetur.
1038 4024 1192 4089 Obeunte
1224 4045 1357 4107 quoque
1389 4031 1430 4100 te,
1463 4043 1549 4085 nunc
1578 4021 1724 4084 eiusdem

16 4177 17 4182 γ
57 4101 109 4167 loci
130 4109 300 4190 episcopo,
324 4109 429 4172 nullus
453 4109 506 4186 ibi,
538 4113 597 4175 nisi
628 4133 726 4194 quem
760 4117 822 4198 ipsi
853 4116 968 4180 iratres
993 4117 1035 4179 de
1059 4136 1125 4191 sua,
1150 4119 1177 4178 si
1201 4116 1339 4177 idoneus
1371 4113 1416 4177 ibi
1449 4121 1597 4195 repertus
1621 4110 1725 4184 luerit,

57 4194 115 4256 sive
129 4196 170 4259 de
186 4195 248 4260 alia
265 4200 497 4262 canonicorum
513 4201 709 4284 regularium
726 4209 982 4287 congregatione
999 4207 1157 4269 canonice
1173 4204 1337 4287 elegerint,
1361 4205 1538 4285 episcopus
1556 4207 1726 4274 statuatur,

58 4285 103 4360 qui
125 4287 233 4348 eidem
258 4285 402 4374 ecclesie,
427 4300 627 4372 cooperante
650 4294 794 4369 domino,
820 4316 953 4382 preesse
976 4294 1083 4358 valeat
1107 4302 1139 4357 et
1163 4295 1332 4376 prodesse.
1378 4292 1594 4355 Decernimus
1619 4287 1725 4362 etiam,

59 4380 88 4432 ut
106 4392 312 4460 quecumque
335 4376 432 4454 bona,
458 4400 681 4464 quascumque
705 4385 929 4466 possessiones
953 4386 1069 4448 eadem
1095 4383 1231 4447 ecclesia
1255 4385 1287 4446 in
1317 4383 1553 4468 presentiarum
1585 4381 1669 4442 iuste
1693 4384 1726 4439 et

59 4468 200 4528 canonice
224 4467 382 4547 possidet,
406 4471 510 4531 autin
527 4469 670 4534 futurum
687 4477 903 4537 concessione
924 4474 1125 4557 pontificum,
1150 4473 1319 4555 largitione
1337 4492 1448 4554 regum
1465 4470 1518 4533 vel
1533 4469 1725 4552 principum,

60 4549 215 4617 oblatione
237 4552 383 4619 fidelium
405 4577 463 4621 seu
486 4559 555 4622 aliis
577 4561 668 4623 iustis
692 4563 807 4638 modis,
832 4572 998 4646 prestante
1018 4563 1047 4637 b)
1072 4564 1218 4638 domino,
1242 4565 1364 4644 poterit
1379 4562 1526 4642 adipisci,
1551 4558 1643 4620 firma
1667 4556 1725 4618 tibi

60 4642 174 4723 tuisque
196 4645 439 4709 successoribus
464 4654 497 4709 et
520 4649 644 4712 eisdem
668 4650 828 4734 religiosis
860 4652 1013 4716 fratribus
1044 4656 1076 4716 in
1110 4660 1307 4735 perpetuum
1332 4660 1365 4714 et
1393 4651 1518 4713 illibata
1549 4655 1726 4710 serventur.

60 4725 222 4812 inquibus
246 4732 308 4819 hec
332 4737 474 4818 propriis
508 4739 695 4803 nominibus
726 4744 916 4805 annotanda
945 4743 1185 4807 subiunximus:
1226 4740 1397 4804 ecclesiam
1428 4738 1583 4802 videlicet
1615 4743 1727 4798 sancte

62 4817 151 4908 llarie
182 4822 225 4885 de
250 4822 388 4898 Clautio,
420 4826 591 4890 ecclesiam
624 4833 726 4893 sancti
749 4832 915 4895 Laurentii
939 4834 982 4895 de
1005 4832 1146 4906 Illoncia,
1179 4830 1335 4893 ecclesias
1359 4830 1402 4892 de
1426 4829 1519 4902 Brau,
1554 4825 1726 4889 ecclesiam

60 4919 157 4997 sancte
172 4911 275 4998 Marie
299 4913 341 4976 de
359 4912 446 4987 Pilia,
472 4917 644 4981 ecclesiam
668 4929 781 5007 sancte
797 4921 906 5008 Tecle,
930 4931 1073 4985 castrum
1097 4921 1189 5001 quod
1213 4928 1349 4982 vocatur
1370 4919 1529 5001 Drapum,
1555 4915 1726 4978 ecclesiam

16 5053 17 5096 ζ
61 5008 158 5086 sancte
174 5002 279 5088 Marie
302 5003 378 5090 ville
402 5005 526 5080 veteris,
552 5007 706 5071 ecclesias
731 5011 773 5072 de
790 5009 897 5086 olivo,
922 5012 1093 5075 ecclesiam
1118 5019 1229 5097 sancte
1247 5009 1350 5097 Marie
1374 5009 1415 5071 de
1439 5015 1535 5089 portu
1553 5001 1727 5076 Monach0,

16 5097 17 5180 ᾗ
63 5092 280 5153 monasterium
317 5095 419 5155 sancti
450 5095 557 5159 Pontii
589 5118 662 5160 cum
695 5099 841 5163 ecclesiis
879 5102 921 5163 ad
953 5104 1061 5183 ipsum
1101 5099 1358 5183 pertinentibus,
1397 5117 1477 5178 quas
1518 5098 1549 5158 in
1581 5093 1727 5156 Niciensi

16 5203 17 5216 κ
62 5177 239 5262 episcopatu
263 5179 409 5262 legitime
434 5186 604 5264 possidere
627 5190 843 5269 cognoscitur.
890 5192 1041 5278 Preterea
1066 5190 1267 5264 mandamus,
1292 5191 1374 5251 utin
1392 5187 1510 5250 eodem
1528 5184 1727 5246 monasterio

62 5263 149 5330 abbas
181 5289 200 5331 a
231 5269 402 5334 monachis
436 5273 623 5355 regulariter
654 5276 792 5359 eligatur
822 5287 856 5341 et
886 5300 946 5362 per
975 5301 1090 5344 manus
1121 5279 1282 5342 Niciensis
1318 5277 1467 5359 episcopi
1505 5273 1727 5338 benedicatur.

16 5353 17 5446 l
64 5347 293 5440 Predecessoris
325 5379 458 5442 quoque
491 5367 593 5428 nostri
625 5365 724 5429 felicis
744 5373 772 5447 c)
804 5371 962 5432 memorie
982 5377 1013 5449 ο)
1044 5369 1169 5434 Urbani
1201 5388 1287 5453 pape
1318 5366 1461 5448 vestigiis
1491 5362 1678 5450 inherentes
1704 5361 1729 5442 2)

16 5453 18 5516 )
62 5445 233 5525 statuimus,
265 5469 308 5511 ne
337 5449 367 5512 in
399 5451 642 5532 parochialibus
673 5455 835 5534 ecclesiis,
867 5478 948 5539 quas
980 5467 1094 5522 tenent
1126 5456 1278 5521 monachi
1309 5458 1342 5519 in
1373 5456 1491 5518 eodem
1524 5455 1728 5536 episcopatu,

16 5669 18 5710 l
81 5703 86 5717 1
207 5642 233 5707 a)
252 5657 310 5692 ome
333 5645 386 5709 aus
405 5646 489 5694 Rasur
614 5648 641 5714 b)
660 5657 764 5715 parante
788 5655 819 5717 Α,
844 5660 965 5719 operante
985 5655 1015 5705 B.
1141 5653 1164 5720 c)
1176 5652 1245 5716 fehlt
1264 5651 1291 5700 in
1308 5651 1338 5699 B.
1360 5688 1411 5694 -.
1429 5651 1466 5717 .1)
1490 5648 1538 5698 Die
1555 5646 1681 5712 Abschrift
1697 5647 1728 5695 Α,

16 5715 18 5762 i
65 5703 127 5758 duur
145 5712 261 5764 Urkmrde
277 5715 398 5766 verdanke
415 5717 452 5766 ica
472 5718 555 5768 Herm
575 5721 662 5770 Pastor
679 5723 758 5772 Mad
762 5739 796 5776 cr
813 5727 838 5776 in
856 5727 942 5776 Nizsa.
1017 5727 1044 5794 2)
1071 5725 1142 5775 Woltl
1160 5721 1240 5791 Jaffc',
1260 5725 1317 5788 Reg.
1338 5723 1415 5772 4034.

16 5953 18 5998 Ι

16 6117 18 6256 l

16 6273 19 6325 l
