<?xml version="1.0" encoding="UTF-8"?>
<!DOCTYPE html PUBLIC "-//W3C//DTD XHTML 1.0 Transitional//EN"
    "http://www.w3.org/TR/xhtml1/DTD/xhtml1-transitional.dtd">
<html xmlns="http://www.w3.org/1999/xhtml" xml:lang="en" lang="en">
 <head>
  <title>
</title>
<meta http-equiv="Content-Type" content="text/html;charset=utf-8" />
  <meta name='ocr-system' content='tesseract 3.04.00' />
  <meta name='ocr-capabilities' content='ocr_page ocr_carea ocr_par ocr_line ocrx_word'/>
</head>
<body>
  <div class='ocr_page' id='page_1' title='image "./actapontificumr00hargoog_0203.png"; bbox 0 0 4126 6356; ppageno 0'>
   <div class='ocr_carea' id='block_1_1' title="bbox 1684 321 1742 388">
    <p class='ocr_par' dir='ltr' id='par_1_1' title="bbox 1684 321 1742 388">
     <span class='ocr_line' id='line_1_1' title="bbox 1684 321 1742 388; baseline 0 -18"><span class='ocrx_word' id='word_1_1' title='bbox 1684 321 1742 388; x_wconf 87' lang='lat'><strong>191</strong></span> 
     </span>
    </p>
   </div>
   <div class='ocr_carea' id='block_1_2' title="bbox 71 493 1748 764">
    <p class='ocr_par' dir='ltr' id='par_1_2' title="bbox 71 493 1748 764">
     <span class='ocr_line' id='line_1_2' title="bbox 233 493 1747 582; baseline -0.003 -20"><span class='ocrx_word' id='word_1_2' title='bbox 233 500 310 562; x_wconf 89' lang='lat' dir='ltr'><strong>Dat.</strong></span> <span class='ocrx_word' id='word_1_3' title='bbox 327 497 491 574; x_wconf 83' lang='lat' dir='ltr'>Laterani,</span> <span class='ocrx_word' id='word_1_4' title='bbox 515 520 575 582; x_wconf 92' lang='lat' dir='ltr'><strong>per</strong></span> <span class='ocrx_word' id='word_1_5' title='bbox 596 517 726 562; x_wconf 90' lang='lat' dir='ltr'><strong>manum</strong></span> <span class='ocrx_word' id='word_1_6' title='bbox 744 496 891 574; x_wconf 90' lang='lat' dir='ltr'><strong>Rolandi‚</strong></span> <span class='ocrx_word' id='word_1_7' title='bbox 914 507 1026 562; x_wconf 92' lang='lat' dir='ltr'><strong>sancte</strong></span> <span class='ocrx_word' id='word_1_8' title='bbox 1049 499 1198 562; x_wconf 86' lang='lat' dir='ltr'>Romane</span> <span class='ocrx_word' id='word_1_9' title='bbox 1222 498 1357 560; x_wconf 85' lang='lat' dir='ltr'>ecclesie</span> <span class='ocrx_word' id='word_1_10' title='bbox 1381 496 1550 578; x_wconf 87' lang='lat' dir='ltr'>presbiteri</span> <span class='ocrx_word' id='word_1_11' title='bbox 1573 493 1747 558; x_wconf 90' lang='lat' dir='ltr'><strong>cardinalis</strong></span> 
     </span>
     <span class='ocr_line' id='line_1_3' title="bbox 71 584 1748 670; baseline -0.003 -20"><span class='ocrx_word' id='word_1_12' title='bbox 71 596 104 650; x_wconf 90' lang='lat' dir='ltr'><strong>et</strong></span> <span class='ocrx_word' id='word_1_13' title='bbox 124 589 317 653; x_wconf 88' lang='lat' dir='ltr'><strong>cancellarii.</strong></span> <span class='ocrx_word' id='word_1_14' title='bbox 349 591 424 653; x_wconf 90' lang='lat' dir='ltr'><strong>ldus</strong></span> <span class='ocrx_word' id='word_1_15' title='bbox 437 589 561 670; x_wconf 86' lang='lat' dir='ltr'>Aprilis</span> <span class='ocrx_word' id='word_1_16' title='bbox 593 589 773 652; x_wconf 87' lang='lat' dir='ltr'><strong>indictione</strong></span> <span class='ocrx_word' id='word_1_17' title='bbox 790 603 835 652; x_wconf 90' lang='lat' dir='ltr'><strong>v1.</strong></span> <span class='ocrx_word' id='word_1_18' title='bbox 862 588 962 652; x_wconf 94' lang='lat' dir='ltr'><strong>Anno</strong></span> <span class='ocrx_word' id='word_1_19' title='bbox 980 588 1207 652; x_wconf 84' lang='lat' dir='ltr'><strong>incarnationis</strong></span> <span class='ocrx_word' id='word_1_20' title='bbox 1222 588 1346 650; x_wconf 92' lang='lat' dir='ltr'><strong>domini</strong></span> <span class='ocrx_word' id='word_1_21' title='bbox 1364 597 1509 650; x_wconf 80' lang='lat' dir='ltr'><strong>MchnI.</strong></span> <span class='ocrx_word' id='word_1_22' title='bbox 1539 584 1748 648; x_wconf 90' lang='lat' dir='ltr'><strong>Pontificatus</strong></span> 
     </span>
     <span class='ocr_line' id='line_1_4' title="bbox 72 677 876 764; baseline 0 -24"><span class='ocrx_word' id='word_1_23' title='bbox 72 679 291 742; x_wconf 91' lang='lat' dir='ltr'><strong>verodomni</strong></span> <span class='ocrx_word' id='word_1_24' title='bbox 315 678 452 742; x_wconf 90' lang='lat' dir='ltr'><strong>Adriani</strong></span> <span class='ocrx_word' id='word_1_25' title='bbox 472 677 499 764; x_wconf 77' lang='lat' dir='ltr'><strong>a)</strong></span> <span class='ocrx_word' id='word_1_26' title='bbox 524 698 609 761; x_wconf 91' lang='lat' dir='ltr'><strong>pape</strong></span> <span class='ocrx_word' id='word_1_27' title='bbox 633 693 684 741; x_wconf 91' lang='lat'>1111</span> <span class='ocrx_word' id='word_1_28' title='bbox 708 699 793 741; x_wconf 92' lang='lat' dir='ltr'><strong>anno</strong></span> <span class='ocrx_word' id='word_1_29' title='bbox 817 693 876 742; x_wconf 91' lang='lat'><strong>1111.</strong></span> 
     </span>
    </p>
   </div>
   <div class='ocr_carea' id='block_1_3' title="bbox 234 788 1747 858">
    <p class='ocr_par' dir='ltr' id='par_1_3' title="bbox 234 788 1747 858">
     <span class='ocr_line' id='line_1_5' title="bbox 234 788 1747 858; baseline -0.005 -16"><span class='ocrx_word' id='word_1_30' title='bbox 234 792 359 858; x_wconf 78' lang='lat' dir='ltr'><strong>Abschn&#39;st</strong></span> <span class='ocrx_word' id='word_1_31' title='bbox 375 810 429 842; x_wconf 82' lang='lat' dir='ltr'><strong>nom</strong></span> <span class='ocrx_word' id='word_1_32' title='bbox 450 797 481 841; x_wconf 75' lang='lat' dir='ltr'><strong>ll</strong></span> <span class='ocrx_word' id='word_1_33' title='bbox 503 792 606 856; x_wconf 66' lang='lat' dir='ltr'><strong>Jahrb„</strong></span> <span class='ocrx_word' id='word_1_34' title='bbox 626 794 666 841; x_wconf 86' lang='lat' dir='ltr'><strong>der</strong></span> <span class='ocrx_word' id='word_1_35' title='bbox 684 793 756 842; x_wconf 83' lang='lat' dir='ltr'><strong>Liber</strong></span> <span class='ocrx_word' id='word_1_36' title='bbox 772 793 835 841; x_wconf 83' lang='lat' dir='ltr'><strong>della</strong></span> <span class='ocrx_word' id='word_1_37' title='bbox 857 793 1005 841; x_wconf 83' lang='lat' dir='ltr'><strong>Cancelleria</strong></span> <span class='ocrx_word' id='word_1_38' title='bbox 1027 792 1074 840; x_wconf 82' lang='lat' dir='ltr'><strong>Nr.</strong></span> <span class='ocrx_word' id='word_1_39' title='bbox 1093 794 1110 839; x_wconf 77' lang='lat'><em>8</em></span> <span class='ocrx_word' id='word_1_40' title='bbox 1120 792 1171 855; x_wconf 87' lang='lat' dir='ltr'><strong>sol.</strong></span> <span class='ocrx_word' id='word_1_41' title='bbox 1182 793 1224 849; x_wconf 81' lang='lat'><strong>32,</strong></span> <span class='ocrx_word' id='word_1_42' title='bbox 1243 789 1276 838; x_wconf 82' lang='lat' dir='ltr'><strong>im</strong></span> <span class='ocrx_word' id='word_1_43' title='bbox 1295 790 1407 839; x_wconf 72' lang='lat' dir='ltr'><strong>Arclnoio</strong></span> <span class='ocrx_word' id='word_1_44' title='bbox 1424 788 1593 839; x_wconf 79' lang='lat' dir='ltr'><strong>Arcivescovfle</strong></span> <span class='ocrx_word' id='word_1_45' title='bbox 1610 805 1639 836; x_wconf 79' lang='lat' dir='ltr'><strong>ru</strong></span> <span class='ocrx_word' id='word_1_46' title='bbox 1660 788 1747 836; x_wconf 80' lang='lat' dir='ltr'><strong>Lucra.</strong></span> 
     </span>
    </p>
   </div>
   <div class='ocr_carea' id='block_1_4' title="bbox 821 1079 1004 1152">
    <p class='ocr_par' dir='ltr' id='par_1_4' title="bbox 821 1079 1004 1152">
     <span class='ocr_line' id='line_1_6' title="bbox 821 1079 1004 1152; baseline -0.005 0"><span class='ocrx_word' id='word_1_47' title='bbox 821 1079 886 1152; x_wconf 87' lang='lat' dir='ltr'><strong>Nr.</strong></span> <span class='ocrx_word' id='word_1_48' title='bbox 919 1081 1004 1152; x_wconf 82' lang='grc'><strong>178.</strong></span> 
     </span>
    </p>
   </div>
   <div class='ocr_carea' id='block_1_5' title="bbox 74 1207 1750 1466">
    <p class='ocr_par' dir='ltr' id='par_1_5' title="bbox 74 1207 1750 1466">
     <span class='ocr_line' id='line_1_7' title="bbox 74 1207 1749 1292; baseline 0.001 -20"><span class='ocrx_word' id='word_1_49' title='bbox 74 1208 238 1273; x_wconf 83' lang='lat' dir='ltr'><strong>Hadrian</strong></span> <span class='ocrx_word' id='word_1_50' title='bbox 266 1210 290 1273; x_wconf 92' lang='lat' dir='ltr'><em>I</em></span> <span class='ocrx_word' id='word_1_51' title='bbox 296 1209 325 1274; x_wconf 89' lang='lat' dir='ltr'><em>V</em></span> <span class='ocrx_word' id='word_1_52' title='bbox 345 1212 464 1274; x_wconf 85' lang='lat' dir='ltr'><strong>nimmt</strong></span> <span class='ocrx_word' id='word_1_53' title='bbox 485 1209 538 1274; x_wconf 79' lang='lat' dir='ltr'><strong>die</strong></span> <span class='ocrx_word' id='word_1_54' title='bbox 555 1208 828 1292; x_wconf 79' lang='lat' dir='ltr'><strong>Kollegz&#39;atkirclre</strong></span> <span class='ocrx_word' id='word_1_55' title='bbox 847 1231 911 1273; x_wconf 81' lang='lat' dir='ltr'><strong>von</strong></span> <span class='ocrx_word' id='word_1_56' title='bbox 937 1208 1022 1273; x_wconf 84' lang='lat' dir='ltr'><em>Colle</em></span> <span class='ocrx_word' id='word_1_57' title='bbox 1041 1210 1100 1292; x_wconf 89' lang='lat' dir='ltr'><strong>(D.</strong></span> <span class='ocrx_word' id='word_1_58' title='bbox 1136 1207 1295 1292; x_wconf 83' lang='lat' dir='ltr'><strong>Volterra)</strong></span> <span class='ocrx_word' id='word_1_59' title='bbox 1322 1208 1356 1270; x_wconf 86' lang='lat' dir='ltr'><strong>z&#39;n</strong></span> <span class='ocrx_word' id='word_1_60' title='bbox 1377 1209 1606 1292; x_wconf 79' lang='lat' dir='ltr'><strong>apostolfsclien</strong></span> <span class='ocrx_word' id='word_1_61' title='bbox 1629 1208 1749 1274; x_wconf 74' lang='lat' dir='ltr'><strong>Saluta</strong></span> 
     </span>
     <span class='ocr_line' id='line_1_8' title="bbox 74 1296 1750 1466; baseline 0 -104"><span class='ocrx_word' id='word_1_62' title='bbox 74 1299 143 1362; x_wconf 75' lang='lat' dir='ltr'><strong>rand</strong></span> <span class='ocrx_word' id='word_1_63' title='bbox 163 1297 318 1398; x_wconf 68' lang='lat' dir='ltr'><strong>besldtzgt</strong></span> <span class='ocrx_word' id='word_1_64' title='bbox 341 1300 411 1364; x_wconf 83' lang='lat' dir='ltr'><strong>ilzre</strong></span> <span class='ocrx_word' id='word_1_65' title='bbox 435 1299 670 1364; x_wconf 73' lang='lat' dir='ltr'><strong>Besitztlnimer</strong></span> <span class='ocrx_word' id='word_1_66' title='bbox 691 1298 764 1452; x_wconf 52' lang='grc' dir='ltr'><strong>αἵ)</strong></span> <span class='ocrx_word' id='word_1_67' title='bbox 784 1299 1055 1452; x_wconf 44' lang='lat' dir='ltr'><strong>§upplppptepupyzspg</strong></span> <span class='ocrx_word' id='word_1_68' title='bbox 1066 1298 1214 1466; x_wconf 58' lang='lat' dir='ltr'><strong>p&#39;j&#39;ilzrliclz</strong></span> <span class='ocrx_word' id='word_1_69' title='bbox 1232 1296 1337 1377; x_wconf 73' lang='lat' dir='ltr'><strong>awfils</strong></span> <span class='ocrx_word' id='word_1_70' title='bbox 1348 1297 1478 1362; x_wconf 84' lang='lat' dir='ltr'><strong>Denare</strong></span> <span class='ocrx_word' id='word_1_71' title='bbox 1499 1320 1543 1362; x_wconf 83' lang='lat' dir='ltr'><strong>an</strong></span> <span class='ocrx_word' id='word_1_72' title='bbox 1568 1299 1623 1362; x_wconf 65' lang='lat' dir='ltr'><strong>dae</strong></span> <span class='ocrx_word' id='word_1_73' title='bbox 1645 1297 1750 1362; x_wconf 81' lang='lat' dir='ltr'><strong>Kurie</strong></span> 
     </span>
    </p>
   </div>
   <div class='ocr_carea' id='block_1_6' title="bbox 693 1493 1138 1577">
    <p class='ocr_par' dir='ltr' id='par_1_6' title="bbox 693 1493 1138 1577">
     <span class='ocr_line' id='line_1_9' title="bbox 693 1493 1138 1577; baseline 0.004 -22"><span class='ocrx_word' id='word_1_74' title='bbox 693 1496 776 1556; x_wconf 76' lang='lat'><strong><em>1158</em></strong></span> <span class='ocrx_word' id='word_1_75' title='bbox 792 1493 955 1577; x_wconf 70' lang='lat' dir='ltr'><strong>aprilio.</strong></span> <span class='ocrx_word' id='word_1_76' title='bbox 988 1495 1138 1557; x_wconf 80' lang='lat' dir='ltr'><strong>Lateran.</strong></span> 
     </span>
    </p>
   </div>
   <div class='ocr_carea' id='block_1_7' title="bbox 2 1608 1759 5535">
    <p class='ocr_par' dir='ltr' id='par_1_7' title="bbox 2 1608 1759 5535">
     <span class='ocr_line' id='line_1_10' title="bbox 238 1608 1748 1693; baseline 0 -19"><span class='ocrx_word' id='word_1_77' title='bbox 238 1611 402 1674; x_wconf 86' lang='lat' dir='ltr'><strong>Adrianus</strong></span> <span class='ocrx_word' id='word_1_78' title='bbox 418 1611 602 1693; x_wconf 87' lang='lat' dir='ltr'><strong>episcopus,</strong></span> <span class='ocrx_word' id='word_1_79' title='bbox 625 1631 737 1673; x_wconf 91' lang='lat' dir='ltr'><strong>servus</strong></span> <span class='ocrx_word' id='word_1_80' title='bbox 760 1631 928 1673; x_wconf 89' lang='lat' dir='ltr'><strong>servorum</strong></span> <span class='ocrx_word' id='word_1_81' title='bbox 952 1611 1014 1686; x_wconf 92' lang='lat' dir='ltr'><strong>dei,</strong></span> <span class='ocrx_word' id='word_1_82' title='bbox 1038 1609 1168 1672; x_wconf 89' lang='lat' dir='ltr'><strong>dilectis</strong></span> <span class='ocrx_word' id='word_1_83' title='bbox 1192 1608 1453 1692; x_wconf 87' lang='lat' dir='ltr'><strong>filiisRoggeri0‚</strong></span> <span class='ocrx_word' id='word_1_84' title='bbox 1477 1610 1748 1692; x_wconf 85' lang='lat' dir='ltr'><strong>archipresbitero</strong></span> 
     </span>
     <span class='ocr_line' id='line_1_11' title="bbox 75 1699 1750 1784; baseline 0.001 -22"><span class='ocrx_word' id='word_1_85' title='bbox 75 1700 185 1783; x_wconf 90' lang='lat' dir='ltr'><strong>plebis</strong></span> <span class='ocrx_word' id='word_1_86' title='bbox 204 1699 234 1784; x_wconf 85' lang='lat' dir='ltr'><strong>b)</strong></span> <span class='ocrx_word' id='word_1_87' title='bbox 258 1701 302 1763; x_wconf 93' lang='lat' dir='ltr'><strong>de</strong></span> <span class='ocrx_word' id='word_1_88' title='bbox 318 1699 403 1776; x_wconf 91' lang='lat' dir='ltr'><strong>Elsa‚</strong></span> <span class='ocrx_word' id='word_1_89' title='bbox 429 1703 563 1782; x_wconf 89' lang='lat' dir='ltr'><strong>eiusque</strong></span> <span class='ocrx_word' id='word_1_90' title='bbox 579 1701 739 1775; x_wconf 88' lang='lat' dir='ltr'><strong>fratribus,</strong></span> <span class='ocrx_word' id='word_1_91' title='bbox 764 1709 830 1762; x_wconf 89' lang='lat' dir='ltr'><strong>tam</strong></span> <span class='ocrx_word' id='word_1_92' title='bbox 847 1700 1053 1780; x_wconf 87' lang='lat' dir='ltr'><strong>presentibus</strong></span> <span class='ocrx_word' id='word_1_93' title='bbox 1070 1719 1168 1780; x_wconf 93' lang='lat' dir='ltr'><strong>quam</strong></span> <span class='ocrx_word' id='word_1_94' title='bbox 1185 1699 1309 1776; x_wconf 91' lang='lat' dir='ltr'><strong>futuris,</strong></span> <span class='ocrx_word' id='word_1_95' title='bbox 1334 1699 1548 1762; x_wconf 90' lang='lat' dir='ltr'><strong>communiter</strong></span> <span class='ocrx_word' id='word_1_96' title='bbox 1560 1701 1750 1777; x_wconf 90' lang='lat' dir='ltr'><strong>viventibus,</strong></span> 
     </span>
     <span class='ocr_line' id='line_1_12' title="bbox 76 1785 1751 1873; baseline 0.001 -23"><span class='ocrx_word' id='word_1_97' title='bbox 76 1802 114 1851; x_wconf 77' lang='grc' dir='ltr'><strong>ΙΝ</strong></span> <span class='ocrx_word' id='word_1_98' title='bbox 137 1801 217 1851; x_wconf 83' lang='grc' dir='ltr'>ΡΡΜ.</span> <span class='ocrx_word' id='word_1_99' title='bbox 243 1825 287 1835; x_wconf 90' lang='grc'>-</span> <span class='ocrx_word' id='word_1_100' title='bbox 306 1785 312 1873; x_wconf 87' lang='grc' dir='ltr'>Ι</span> <span class='ocrx_word' id='word_1_101' title='bbox 333 1788 493 1851; x_wconf 81' lang='lat' dir='ltr'><strong>Effectum</strong></span> <span class='ocrx_word' id='word_1_102' title='bbox 518 1790 600 1852; x_wconf 92' lang='lat' dir='ltr'><strong>iusta</strong></span> <span class='ocrx_word' id='word_1_103' title='bbox 627 1789 869 1872; x_wconf 83' lang='lat' dir='ltr'><strong>postulantibus</strong></span> <span class='ocrx_word' id='word_1_104' title='bbox 899 1789 1083 1870; x_wconf 89' lang='lat' dir='ltr'><strong>indulgere,</strong></span> <span class='ocrx_word' id='word_1_105' title='bbox 1116 1797 1149 1851; x_wconf 92' lang='lat' dir='ltr'><strong>et</strong></span> <span class='ocrx_word' id='word_1_106' title='bbox 1171 1791 1264 1870; x_wconf 88' lang='lat' dir='ltr'><strong>vigor</strong></span> <span class='ocrx_word' id='word_1_107' title='bbox 1295 1790 1448 1868; x_wconf 87' lang='lat' dir='ltr'><strong>equitatis</strong></span> <span class='ocrx_word' id='word_1_108' title='bbox 1478 1798 1511 1852; x_wconf 92' lang='lat' dir='ltr'><strong>et</strong></span> <span class='ocrx_word' id='word_1_109' title='bbox 1534 1791 1618 1852; x_wconf 93' lang='lat' dir='ltr'><strong>ordo</strong></span> <span class='ocrx_word' id='word_1_110' title='bbox 1648 1793 1751 1872; x_wconf 85' lang='lat' dir='ltr'><strong>exigit</strong></span> 
     </span>
     <span class='ocr_line' id='line_1_13' title="bbox 77 1876 1750 1962; baseline 0 -22"><span class='ocrx_word' id='word_1_111' title='bbox 77 1879 229 1954; x_wconf 75' lang='lat' dir='ltr'><strong>rationiS,</strong></span> <span class='ocrx_word' id='word_1_112' title='bbox 266 1881 437 1960; x_wconf 90' lang='lat' dir='ltr'><strong>presertim</strong></span> <span class='ocrx_word' id='word_1_113' title='bbox 470 1880 604 1958; x_wconf 88' lang='lat' dir='ltr'><strong>quando</strong></span> <span class='ocrx_word' id='word_1_114' title='bbox 635 1882 817 1962; x_wconf 88' lang='lat' dir='ltr'><strong>petentium</strong></span> <span class='ocrx_word' id='word_1_115' title='bbox 850 1878 1052 1941; x_wconf 90' lang='lat' dir='ltr'><strong>voluntatem</strong></span> <span class='ocrx_word' id='word_1_116' title='bbox 1083 1886 1116 1940; x_wconf 91' lang='lat' dir='ltr'><strong>et</strong></span> <span class='ocrx_word' id='word_1_117' title='bbox 1147 1881 1253 1958; x_wconf 88' lang='lat' dir='ltr'><strong>pietas</strong></span> <span class='ocrx_word' id='word_1_118' title='bbox 1283 1878 1417 1940; x_wconf 91' lang='lat' dir='ltr'><strong>adiuvat</strong></span> <span class='ocrx_word' id='word_1_119' title='bbox 1449 1885 1481 1940; x_wconf 90' lang='lat' dir='ltr'><strong>et</strong></span> <span class='ocrx_word' id='word_1_120' title='bbox 1506 1876 1654 1962; x_wconf 76' lang='lat' dir='ltr'><strong>{veritas</strong></span> <span class='ocrx_word' id='word_1_121' title='bbox 1684 1900 1750 1941; x_wconf 94' lang='lat' dir='ltr'><strong>non</strong></span> 
     </span>
     <span class='ocr_line' id='line_1_14' title="bbox 2 1967 1750 2051; baseline 0 -21"><span class='ocrx_word' id='word_1_122' title='bbox 2 2017 3 2022; x_wconf 49' lang='grc'>,</span> <span class='ocrx_word' id='word_1_123' title='bbox 76 1967 240 2048; x_wconf 81' lang='lat' dir='ltr'><strong>relinquit</strong></span> <span class='ocrx_word' id='word_1_124' title='bbox 294 1969 495 2051; x_wconf 88' lang='lat' dir='ltr'><strong>Eapropter‚</strong></span> <span class='ocrx_word' id='word_1_125' title='bbox 527 1967 636 2030; x_wconf 90' lang='lat' dir='ltr'><strong>dilecti</strong></span> <span class='ocrx_word' id='word_1_126' title='bbox 668 1971 699 2030; x_wconf 94' lang='lat' dir='ltr'><strong>in</strong></span> <span class='ocrx_word' id='word_1_127' title='bbox 730 1969 866 2030; x_wconf 93' lang='lat' dir='ltr'><strong>domino</strong></span> <span class='ocrx_word' id='word_1_128' title='bbox 897 1967 969 2042; x_wconf 90' lang='lat' dir='ltr'><strong>filii,</strong></span> <span class='ocrx_word' id='word_1_129' title='bbox 1002 1969 1117 2029; x_wconf 91' lang='lat' dir='ltr'><strong>vestris</strong></span> <span class='ocrx_word' id='word_1_130' title='bbox 1148 1967 1236 2029; x_wconf 88' lang='lat' dir='ltr'><strong>iustis</strong></span> <span class='ocrx_word' id='word_1_131' title='bbox 1269 1967 1544 2049; x_wconf 86' lang='lat' dir='ltr'><strong>postulationibus</strong></span> <span class='ocrx_word' id='word_1_132' title='bbox 1574 1968 1750 2031; x_wconf 89' lang='lat' dir='ltr'><strong>clementer</strong></span> 
     </span>
     <span class='ocr_line' id='line_1_15' title="bbox 75 2054 1750 2140; baseline 0.001 -21"><span class='ocrx_word' id='word_1_133' title='bbox 75 2060 266 2132; x_wconf 79' lang='lat' dir='ltr'><strong>annuimuS,</strong></span> <span class='ocrx_word' id='word_1_134' title='bbox 303 2065 336 2119; x_wconf 92' lang='lat' dir='ltr'><strong>et</strong></span> <span class='ocrx_word' id='word_1_135' title='bbox 368 2057 637 2138; x_wconf 89' lang='lat' dir='ltr'><strong>predecessorum</strong></span> <span class='ocrx_word' id='word_1_136' title='bbox 668 2065 869 2132; x_wconf 90' lang='lat' dir='ltr'><strong>nostrorum,</strong></span> <span class='ocrx_word' id='word_1_137' title='bbox 904 2057 1007 2120; x_wconf 91' lang='lat' dir='ltr'><strong>felicis</strong></span> <span class='ocrx_word' id='word_1_138' title='bbox 1027 2054 1054 2140; x_wconf 87' lang='lat' dir='ltr'><strong>c)</strong></span> <span class='ocrx_word' id='word_1_139' title='bbox 1087 2056 1242 2119; x_wconf 89' lang='lat' dir='ltr'><strong>memorie</strong></span> <span class='ocrx_word' id='word_1_140' title='bbox 1273 2055 1436 2120; x_wconf 89' lang='lat' dir='ltr'><strong>Paschalis</strong></span> <span class='ocrx_word' id='word_1_141' title='bbox 1467 2066 1568 2139; x_wconf 92' lang='lat' dir='ltr'><strong>atque</strong></span> <span class='ocrx_word' id='word_1_142' title='bbox 1599 2055 1750 2132; x_wconf 79' lang='lat' dir='ltr'><strong>GELASII,</strong></span> 
     </span>
     <span class='ocr_line' id='line_1_16' title="bbox 77 2145 1749 2228; baseline 0 -20"><span class='ocrx_word' id='word_1_143' title='bbox 77 2145 304 2208; x_wconf 88' lang='lat' dir='ltr'><strong>Romanorum</strong></span> <span class='ocrx_word' id='word_1_144' title='bbox 334 2146 536 2228; x_wconf 90' lang='lat' dir='ltr'><strong>pontificum,</strong></span> <span class='ocrx_word' id='word_1_145' title='bbox 569 2147 712 2228; x_wconf 89' lang='lat' dir='ltr'><strong>vestigiis</strong></span> <span class='ocrx_word' id='word_1_146' title='bbox 735 2145 928 2222; x_wconf 68' lang='lat' dir='ltr'><strong>inherentes</strong></span> <span class='ocrx_word' id='word_1_147' title='bbox 958 2154 1098 2208; x_wconf 92' lang='lat' dir='ltr'><strong>vestram</strong></span> <span class='ocrx_word' id='word_1_148' title='bbox 1128 2145 1216 2208; x_wconf 88' lang='lat' dir='ltr'><strong>beati</strong></span> <span class='ocrx_word' id='word_1_149' title='bbox 1239 2145 1385 2208; x_wconf 88' lang='lat' dir='ltr'><strong>Faustini</strong></span> <span class='ocrx_word' id='word_1_150' title='bbox 1409 2165 1466 2208; x_wconf 90' lang='lat' dir='ltr'><strong>seu</strong></span> <span class='ocrx_word' id='word_1_151' title='bbox 1488 2146 1575 2209; x_wconf 88' lang='lat' dir='ltr'><strong>beati</strong></span> <span class='ocrx_word' id='word_1_152' title='bbox 1598 2145 1749 2210; x_wconf 83' lang='lat' dir='ltr'><strong>Ioh&#39;annis</strong></span> 
     </span>
     <span class='ocr_line' id='line_1_17' title="bbox 77 2234 1749 2318; baseline 0 -20"><span class='ocrx_word' id='word_1_153' title='bbox 77 2234 262 2308; x_wconf 89' lang='lat' dir='ltr'><strong>ecclesiam,</strong></span> <span class='ocrx_word' id='word_1_154' title='bbox 285 2238 317 2297; x_wconf 89' lang='lat' dir='ltr'><strong>in</strong></span> <span class='ocrx_word' id='word_1_155' title='bbox 342 2256 406 2316; x_wconf 92' lang='lat' dir='ltr'><strong>qua</strong></span> <span class='ocrx_word' id='word_1_156' title='bbox 429 2236 540 2298; x_wconf 91' lang='lat' dir='ltr'><strong>divino</strong></span> <span class='ocrx_word' id='word_1_157' title='bbox 564 2236 739 2318; x_wconf 91' lang='lat' dir='ltr'><strong>mancipati</strong></span> <span class='ocrx_word' id='word_1_158' title='bbox 763 2237 840 2298; x_wconf 90' lang='lat' dir='ltr'><strong>estis</strong></span> <span class='ocrx_word' id='word_1_159' title='bbox 864 2235 1033 2315; x_wconf 92' lang='lat' dir='ltr'><strong>obsequio,</strong></span> <span class='ocrx_word' id='word_1_160' title='bbox 1057 2255 1130 2297; x_wconf 87' lang='lat' dir='ltr'><strong>curn</strong></span> <span class='ocrx_word' id='word_1_161' title='bbox 1155 2234 1252 2316; x_wconf 92' lang='lat' dir='ltr'><strong>plebe</strong></span> <span class='ocrx_word' id='word_1_162' title='bbox 1275 2255 1341 2310; x_wconf 92' lang='lat' dir='ltr'><strong>sua,</strong></span> <span class='ocrx_word' id='word_1_163' title='bbox 1366 2255 1429 2316; x_wconf 93' lang='lat' dir='ltr'><strong>que</strong></span> <span class='ocrx_word' id='word_1_164' title='bbox 1453 2235 1495 2299; x_wconf 89' lang='lat' dir='ltr'><strong>de</strong></span> <span class='ocrx_word' id='word_1_165' title='bbox 1518 2234 1596 2298; x_wconf 87' lang='lat' dir='ltr'><strong>Elsa</strong></span> <span class='ocrx_word' id='word_1_166' title='bbox 1623 2236 1749 2312; x_wconf 92' lang='lat' dir='ltr'><strong>dicitur,</strong></span> 
     </span>
     <span class='ocr_line' id='line_1_18' title="bbox 76 2323 1751 2407; baseline 0.001 -21"><span class='ocrx_word' id='word_1_167' title='bbox 76 2325 139 2387; x_wconf 93' lang='lat' dir='ltr'><strong>sub</strong></span> <span class='ocrx_word' id='word_1_168' title='bbox 174 2323 264 2387; x_wconf 89' lang='lat' dir='ltr'><strong>beati</strong></span> <span class='ocrx_word' id='word_1_169' title='bbox 295 2324 380 2387; x_wconf 92' lang='lat' dir='ltr'><strong>Petri</strong></span> <span class='ocrx_word' id='word_1_170' title='bbox 404 2334 437 2388; x_wconf 93' lang='lat' dir='ltr'><strong>et</strong></span> <span class='ocrx_word' id='word_1_171' title='bbox 464 2333 575 2388; x_wconf 89' lang='lat' dir='ltr'><strong>nostra</strong></span> <span class='ocrx_word' id='word_1_172' title='bbox 605 2327 812 2407; x_wconf 90' lang='lat' dir='ltr'><strong>protectione</strong></span> <span class='ocrx_word' id='word_1_173' title='bbox 843 2325 1034 2406; x_wconf 89' lang='lat' dir='ltr'><strong>suscipimus</strong></span> <span class='ocrx_word' id='word_1_174' title='bbox 1068 2331 1100 2386; x_wconf 90' lang='lat' dir='ltr'><strong>et</strong></span> <span class='ocrx_word' id='word_1_175' title='bbox 1130 2325 1288 2405; x_wconf 88' lang='lat' dir='ltr'><strong>presentis</strong></span> <span class='ocrx_word' id='word_1_176' title='bbox 1318 2325 1430 2406; x_wconf 91' lang='lat' dir='ltr'><strong>scripti</strong></span> <span class='ocrx_word' id='word_1_177' title='bbox 1460 2324 1631 2406; x_wconf 89' lang='lat' dir='ltr'><strong>privilegio</strong></span> <span class='ocrx_word' id='word_1_178' title='bbox 1662 2345 1751 2387; x_wconf 90' lang='lat' dir='ltr'><strong>com-</strong></span> 
     </span>
     <span class='ocr_line' id='line_1_19' title="bbox 78 2410 1752 2499; baseline 0 -23"><span class='ocrx_word' id='word_1_179' title='bbox 78 2414 251 2476; x_wconf 90' lang='lat' dir='ltr'><strong>munimus.</strong></span> <span class='ocrx_word' id='word_1_180' title='bbox 297 2410 404 2494; x_wconf 86' lang='lat' dir='ltr'><strong>Quam</strong></span> <span class='ocrx_word' id='word_1_181' title='bbox 428 2414 579 2476; x_wconf 92' lang='lat' dir='ltr'><strong>videlicet</strong></span> <span class='ocrx_word' id='word_1_182' title='bbox 598 2413 627 2499; x_wconf 82' lang='lat' dir='ltr'><strong>d)</strong></span> <span class='ocrx_word' id='word_1_183' title='bbox 650 2414 821 2478; x_wconf 89' lang='lat' dir='ltr'><strong>ecclesiam</strong></span> <span class='ocrx_word' id='word_1_184' title='bbox 845 2422 879 2477; x_wconf 93' lang='lat' dir='ltr'><strong>et</strong></span> <span class='ocrx_word' id='word_1_185' title='bbox 901 2413 1032 2495; x_wconf 88' lang='lat' dir='ltr'><strong>plebem</strong></span> <span class='ocrx_word' id='word_1_186' title='bbox 1057 2413 1238 2476; x_wconf 89' lang='lat' dir='ltr'><strong>universam</strong></span> <span class='ocrx_word' id='word_1_187' title='bbox 1255 2433 1298 2476; x_wconf 89' lang='lat' dir='ltr'><strong>ex</strong></span> <span class='ocrx_word' id='word_1_188' title='bbox 1312 2415 1436 2494; x_wconf 90' lang='lat' dir='ltr'><strong>antiqui</strong></span> <span class='ocrx_word' id='word_1_189' title='bbox 1452 2415 1529 2476; x_wconf 93' lang='lat' dir='ltr'><strong>iuris</strong></span> <span class='ocrx_word' id='word_1_190' title='bbox 1545 2414 1752 2496; x_wconf 89' lang='lat' dir='ltr'><strong>possessione</strong></span> 
     </span>
     <span class='ocr_line' id='line_1_20' title="bbox 77 2501 1751 2588; baseline 0.001 -24"><span class='ocrx_word' id='word_1_191' title='bbox 77 2510 209 2565; x_wconf 91' lang='lat' dir='ltr'><strong>constat</strong></span> <span class='ocrx_word' id='word_1_192' title='bbox 233 2501 493 2588; x_wconf 79' lang='lat' dir='ltr'><strong>proprietariae)</strong></span> <span class='ocrx_word' id='word_1_193' title='bbox 518 2504 641 2566; x_wconf 91' lang='lat' dir='ltr'><strong>ditione</strong></span> <span class='ocrx_word' id='word_1_194' title='bbox 663 2505 705 2566; x_wconf 92' lang='lat' dir='ltr'><strong>ad</strong></span> <span class='ocrx_word' id='word_1_195' title='bbox 729 2505 841 2566; x_wconf 87' lang='lat' dir='ltr'><strong>sedem</strong></span> <span class='ocrx_word' id='word_1_196' title='bbox 867 2502 1079 2584; x_wconf 89' lang='lat' dir='ltr'><strong>apostolicam</strong></span> <span class='ocrx_word' id='word_1_197' title='bbox 1109 2511 1141 2564; x_wconf 89' lang='lat' dir='ltr'><strong>et</strong></span> <span class='ocrx_word' id='word_1_198' title='bbox 1164 2501 1345 2565; x_wconf 91' lang='lat' dir='ltr'><strong>Romanam</strong></span> <span class='ocrx_word' id='word_1_199' title='bbox 1378 2501 1548 2565; x_wconf 89' lang='lat' dir='ltr'><strong>ecclesiam</strong></span> <span class='ocrx_word' id='word_1_200' title='bbox 1579 2505 1751 2585; x_wconf 90' lang='lat' dir='ltr'><strong>pertinere.</strong></span> 
     </span>
     <span class='ocr_line' id='line_1_21' title="bbox 78 2589 1751 2676; baseline 0.001 -23"><span class='ocrx_word' id='word_1_201' title='bbox 78 2589 261 2654; x_wconf 90' lang='lat' dir='ltr'><strong>Statuimus</strong></span> <span class='ocrx_word' id='word_1_202' title='bbox 281 2590 311 2676; x_wconf 81' lang='lat' dir='ltr'><strong>s)</strong></span> <span class='ocrx_word' id='word_1_203' title='bbox 333 2595 453 2672; x_wconf 90' lang='lat' dir='ltr'><strong>itaque,</strong></span> <span class='ocrx_word' id='word_1_204' title='bbox 478 2601 513 2654; x_wconf 91' lang='lat' dir='ltr'><strong>ut</strong></span> <span class='ocrx_word' id='word_1_205' title='bbox 535 2612 747 2674; x_wconf 85' lang='lat' dir='ltr'><strong>quascunque</strong></span> <span class='ocrx_word' id='word_1_206' title='bbox 770 2594 1003 2674; x_wconf 88' lang='lat' dir='ltr'><strong>possessiones,</strong></span> <span class='ocrx_word' id='word_1_207' title='bbox 1027 2611 1219 2674; x_wconf 90' lang='lat' dir='ltr'><strong>quecunque</strong></span> <span class='ocrx_word' id='word_1_208' title='bbox 1240 2592 1329 2654; x_wconf 91' lang='lat' dir='ltr'><strong>bona</strong></span> <span class='ocrx_word' id='word_1_209' title='bbox 1353 2594 1385 2654; x_wconf 94' lang='lat' dir='ltr'><strong>in</strong></span> <span class='ocrx_word' id='word_1_210' title='bbox 1409 2597 1646 2673; x_wconf 90' lang='lat' dir='ltr'><strong>presentiarum</strong></span> <span class='ocrx_word' id='word_1_211' title='bbox 1668 2594 1751 2656; x_wconf 91' lang='lat' dir='ltr'><strong>iuste</strong></span> 
     </span>
     <span class='ocr_line' id='line_1_22' title="bbox 79 2680 1751 2764; baseline 0 -20"><span class='ocrx_word' id='word_1_212' title='bbox 79 2690 112 2744; x_wconf 90' lang='lat' dir='ltr'><strong>et</strong></span> <span class='ocrx_word' id='word_1_213' title='bbox 135 2681 293 2744; x_wconf 90' lang='lat' dir='ltr'><strong>canonice</strong></span> <span class='ocrx_word' id='word_1_214' title='bbox 318 2683 494 2764; x_wconf 90' lang='lat' dir='ltr'><strong>possidetis</strong></span> <span class='ocrx_word' id='word_1_215' title='bbox 517 2685 621 2745; x_wconf 90' lang='lat' dir='ltr'><strong>autin</strong></span> <span class='ocrx_word' id='word_1_216' title='bbox 645 2682 787 2745; x_wconf 89' lang='lat' dir='ltr'><strong>futurum</strong></span> <span class='ocrx_word' id='word_1_217' title='bbox 804 2681 1014 2745; x_wconf 88' lang='lat' dir='ltr'><strong>concessione</strong></span> <span class='ocrx_word' id='word_1_218' title='bbox 1038 2680 1236 2762; x_wconf 82' lang='lat' dir='ltr'><strong>pontificum,</strong></span> <span class='ocrx_word' id='word_1_219' title='bbox 1260 2680 1431 2763; x_wconf 88' lang='lat' dir='ltr'><strong>largitione</strong></span> <span class='ocrx_word' id='word_1_220' title='bbox 1453 2701 1565 2764; x_wconf 87' lang='lat' dir='ltr'><strong>regum</strong></span> <span class='ocrx_word' id='word_1_221' title='bbox 1593 2681 1645 2745; x_wconf 90' lang='lat' dir='ltr'><strong>vel</strong></span> <span class='ocrx_word' id='word_1_222' title='bbox 1668 2682 1751 2762; x_wconf 90' lang='lat' dir='ltr'><strong>prin·</strong></span> 
     </span>
     <span class='ocr_line' id='line_1_23' title="bbox 80 2767 1752 2856; baseline 0.001 -24"><span class='ocrx_word' id='word_1_223' title='bbox 80 2773 203 2852; x_wconf 91' lang='lat' dir='ltr'><strong>cipum,</strong></span> <span class='ocrx_word' id='word_1_224' title='bbox 220 2770 384 2834; x_wconf 91' lang='lat' dir='ltr'><strong>oblatione</strong></span> <span class='ocrx_word' id='word_1_225' title='bbox 400 2770 544 2834; x_wconf 91' lang='lat' dir='ltr'><strong>fidelium</strong></span> <span class='ocrx_word' id='word_1_226' title='bbox 562 2792 619 2834; x_wconf 92' lang='lat' dir='ltr'><strong>seu</strong></span> <span class='ocrx_word' id='word_1_227' title='bbox 636 2774 735 2835; x_wconf 89' lang='lat' dir='ltr'><strong>etiarn</strong></span> <span class='ocrx_word' id='word_1_228' title='bbox 751 2770 822 2834; x_wconf 90' lang='lat' dir='ltr'><strong>aliis</strong></span> <span class='ocrx_word' id='word_1_229' title='bbox 838 2771 927 2834; x_wconf 90' lang='lat' dir='ltr'><strong>iustis</strong></span> <span class='ocrx_word' id='word_1_230' title='bbox 944 2772 1052 2832; x_wconf 91' lang='lat' dir='ltr'><strong>modis</strong></span> <span class='ocrx_word' id='word_1_231' title='bbox 1068 2770 1132 2834; x_wconf 93' lang='lat' dir='ltr'><strong>deo</strong></span> <span class='ocrx_word' id='word_1_232' title='bbox 1149 2767 1317 2856; x_wconf 89' lang='lat' dir='ltr'><strong>(propitio)</strong></span> <span class='ocrx_word' id='word_1_233' title='bbox 1332 2771 1482 2853; x_wconf 88' lang='lat' dir='ltr'><strong>poteritis</strong></span> <span class='ocrx_word' id='word_1_234' title='bbox 1498 2771 1643 2853; x_wconf 92' lang='lat' dir='ltr'><strong>adipisci,</strong></span> <span class='ocrx_word' id='word_1_235' title='bbox 1659 2770 1752 2834; x_wconf 88' lang='lat' dir='ltr'><strong>firma</strong></span> 
     </span>
     <span class='ocr_line' id='line_1_24' title="bbox 79 2859 1752 2943; baseline 0.001 -22"><span class='ocrx_word' id='word_1_236' title='bbox 79 2859 176 2922; x_wconf 92' lang='lat' dir='ltr'><strong>vobis</strong></span> <span class='ocrx_word' id='word_1_237' title='bbox 197 2862 378 2939; x_wconf 89' lang='lat' dir='ltr'><strong>vestrisque</strong></span> <span class='ocrx_word' id='word_1_238' title='bbox 400 2861 642 2925; x_wconf 90' lang='lat' dir='ltr'><strong>successoribus</strong></span> <span class='ocrx_word' id='word_1_239' title='bbox 666 2870 700 2924; x_wconf 89' lang='lat' dir='ltr'><strong>et</strong></span> <span class='ocrx_word' id='word_1_240' title='bbox 722 2860 845 2923; x_wconf 90' lang='lat' dir='ltr'><strong>illibata</strong></span> <span class='ocrx_word' id='word_1_241' title='bbox 869 2867 1089 2942; x_wconf 83' lang='lat' dir='ltr'><strong>permaneant.</strong></span> <span class='ocrx_word' id='word_1_242' title='bbox 1134 2861 1169 2922; x_wconf 93' lang='lat' dir='ltr'><strong>In</strong></span> <span class='ocrx_word' id='word_1_243' title='bbox 1194 2860 1313 2939; x_wconf 92' lang='lat' dir='ltr'><strong>quibus</strong></span> <span class='ocrx_word' id='word_1_244' title='bbox 1336 2860 1398 2923; x_wconf 91' lang='lat' dir='ltr'><strong>hec</strong></span> <span class='ocrx_word' id='word_1_245' title='bbox 1426 2863 1568 2943; x_wconf 87' lang='lat' dir='ltr'><strong>propriis</strong></span> <span class='ocrx_word' id='word_1_246' title='bbox 1599 2861 1752 2923; x_wconf 89' lang='lat' dir='ltr'><strong>duximus</strong></span> 
     </span>
     <span class='ocr_line' id='line_1_25' title="bbox 81 2947 1752 3032; baseline 0.001 -22"><span class='ocrx_word' id='word_1_247' title='bbox 81 2950 299 3030; x_wconf 90' lang='lat' dir='ltr'><strong>exprimenda</strong></span> <span class='ocrx_word' id='word_1_248' title='bbox 328 2949 512 3013; x_wconf 87' lang='lat' dir='ltr'><strong>vocabulis:</strong></span> <span class='ocrx_word' id='word_1_249' title='bbox 547 2949 707 3032; x_wconf 88' lang='lat' dir='ltr'><strong>capellam</strong></span> <span class='ocrx_word' id='word_1_250' title='bbox 737 2949 840 3012; x_wconf 88' lang='lat' dir='ltr'><strong>sancti</strong></span> <span class='ocrx_word' id='word_1_251' title='bbox 869 2947 1074 3025; x_wconf 88' lang='lat' dir='ltr'><strong>Michahelis,</strong></span> <span class='ocrx_word' id='word_1_252' title='bbox 1104 2951 1246 3030; x_wconf 90' lang='lat' dir='ltr'><strong>positam</strong></span> <span class='ocrx_word' id='word_1_253' title='bbox 1277 2950 1367 3012; x_wconf 90' lang='lat' dir='ltr'><strong>iuxta</strong></span> <span class='ocrx_word' id='word_1_254' title='bbox 1397 2949 1527 3012; x_wconf 90' lang='lat' dir='ltr'><strong>fluvium</strong></span> <span class='ocrx_word' id='word_1_255' title='bbox 1550 2947 1645 3025; x_wconf 92' lang='lat' dir='ltr'><strong>Unci,</strong></span> <span class='ocrx_word' id='word_1_256' title='bbox 1678 2970 1752 3012; x_wconf 92' lang='lat' dir='ltr'><strong>cum</strong></span> 
     </span>
     <span class='ocr_line' id='line_1_26' title="bbox 80 3035 1752 3124; baseline 0 -23"><span class='ocrx_word' id='word_1_257' title='bbox 80 3038 282 3120; x_wconf 86' lang='lat' dir='ltr'><strong>pertinentiis</strong></span> <span class='ocrx_word' id='word_1_258' title='bbox 305 3041 379 3114; x_wconf 92' lang='lat' dir='ltr'><strong>suis,</strong></span> <span class='ocrx_word' id='word_1_259' title='bbox 411 3038 569 3122; x_wconf 88' lang='lat' dir='ltr'><strong>capellam</strong></span> <span class='ocrx_word' id='word_1_260' title='bbox 600 3041 702 3102; x_wconf 89' lang='lat' dir='ltr'><strong>sancti</strong></span> <span class='ocrx_word' id='word_1_261' title='bbox 726 3038 898 3114; x_wconf 91' lang='lat' dir='ltr'><strong>Marcialis,</strong></span> <span class='ocrx_word' id='word_1_262' title='bbox 930 3035 1072 3121; x_wconf 88' lang='lat' dir='ltr'><strong>positam</strong></span> <span class='ocrx_word' id='word_1_263' title='bbox 1101 3038 1132 3100; x_wconf 92' lang='lat' dir='ltr'><strong>in</strong></span> <span class='ocrx_word' id='word_1_264' title='bbox 1163 3038 1268 3120; x_wconf 91' lang='lat' dir='ltr'><strong>burgo</strong></span> <span class='ocrx_word' id='word_1_265' title='bbox 1292 3038 1369 3102; x_wconf 88' lang='lat' dir='ltr'><strong>Else</strong></span> <span class='ocrx_word' id='word_1_266' title='bbox 1388 3037 1426 3124; x_wconf 75' lang='lat' dir='ltr'><strong>g),</strong></span> <span class='ocrx_word' id='word_1_267' title='bbox 1450 3059 1524 3102; x_wconf 90' lang='lat' dir='ltr'><strong>cum</strong></span> <span class='ocrx_word' id='word_1_268' title='bbox 1553 3039 1752 3121; x_wconf 90' lang='lat' dir='ltr'><strong>pertinentiis</strong></span> 
     </span>
     <span class='ocr_line' id='line_1_27' title="bbox 79 3125 1752 3214; baseline 0 -24"><span class='ocrx_word' id='word_1_269' title='bbox 79 3128 154 3203; x_wconf 75' lang='lat' dir='ltr'><strong>suia,</strong></span> <span class='ocrx_word' id='word_1_270' title='bbox 178 3126 336 3209; x_wconf 90' lang='lat' dir='ltr'><strong>capellam</strong></span> <span class='ocrx_word' id='word_1_271' title='bbox 360 3137 473 3191; x_wconf 88' lang='lat' dir='ltr'><strong>sancte</strong></span> <span class='ocrx_word' id='word_1_272' title='bbox 497 3128 610 3203; x_wconf 89' lang='lat' dir='ltr'><strong>Marie,</strong></span> <span class='ocrx_word' id='word_1_273' title='bbox 638 3125 807 3214; x_wconf 86' lang='lat' dir='ltr'><strong>posita(m)</strong></span> <span class='ocrx_word' id='word_1_274' title='bbox 829 3131 862 3190; x_wconf 93' lang='lat' dir='ltr'><strong>in</strong></span> <span class='ocrx_word' id='word_1_275' title='bbox 886 3128 1003 3191; x_wconf 92' lang='lat' dir='ltr'><strong>eodem</strong></span> <span class='ocrx_word' id='word_1_276' title='bbox 1028 3127 1143 3209; x_wconf 90' lang='lat' dir='ltr'><strong>burgo,</strong></span> <span class='ocrx_word' id='word_1_277' title='bbox 1168 3148 1240 3190; x_wconf 90' lang='lat' dir='ltr'><strong>cum</strong></span> <span class='ocrx_word' id='word_1_278' title='bbox 1265 3129 1467 3210; x_wconf 90' lang='lat' dir='ltr'><strong>pertinentiis</strong></span> <span class='ocrx_word' id='word_1_279' title='bbox 1491 3130 1566 3204; x_wconf 93' lang='lat' dir='ltr'><strong>suis,</strong></span> <span class='ocrx_word' id='word_1_280' title='bbox 1591 3128 1752 3211; x_wconf 89' lang='lat' dir='ltr'><strong>capellam</strong></span> 
     </span>
     <span class='ocr_line' id='line_1_28' title="bbox 79 3214 1753 3302; baseline 0 -22"><span class='ocrx_word' id='word_1_281' title='bbox 79 3224 194 3280; x_wconf 88' lang='lat' dir='ltr'><strong>sancte</strong></span> <span class='ocrx_word' id='word_1_282' title='bbox 220 3215 323 3280; x_wconf 90' lang='lat' dir='ltr'><strong>Marie</strong></span> <span class='ocrx_word' id='word_1_283' title='bbox 345 3218 389 3280; x_wconf 91' lang='lat' dir='ltr'><strong>de</strong></span> <span class='ocrx_word' id='word_1_284' title='bbox 404 3218 530 3302; x_wconf 89' lang='lat' dir='ltr'><strong>Spongi</strong></span> <span class='ocrx_word' id='word_1_285' title='bbox 555 3239 628 3280; x_wconf 94' lang='lat' dir='ltr'><strong>cum</strong></span> <span class='ocrx_word' id='word_1_286' title='bbox 653 3218 852 3300; x_wconf 88' lang='lat' dir='ltr'><strong>pertinentiis</strong></span> <span class='ocrx_word' id='word_1_287' title='bbox 876 3219 950 3292; x_wconf 76' lang='lat' dir='ltr'><strong>suiS,</strong></span> <span class='ocrx_word' id='word_1_288' title='bbox 975 3216 1132 3298; x_wconf 90' lang='lat' dir='ltr'><strong>capellam</strong></span> <span class='ocrx_word' id='word_1_289' title='bbox 1156 3219 1258 3280; x_wconf 90' lang='lat' dir='ltr'><strong>sancti</strong></span> <span class='ocrx_word' id='word_1_290' title='bbox 1275 3214 1453 3281; x_wconf 89' lang='lat' dir='ltr'><strong>Salvatoris</strong></span> <span class='ocrx_word' id='word_1_291' title='bbox 1477 3219 1519 3280; x_wconf 90' lang='lat' dir='ltr'><strong>de</strong></span> <span class='ocrx_word' id='word_1_292' title='bbox 1540 3217 1630 3281; x_wconf 90' lang='lat' dir='ltr'><strong>Colle</strong></span> <span class='ocrx_word' id='word_1_293' title='bbox 1651 3219 1753 3281; x_wconf 92' lang='lat' dir='ltr'><strong>veteri</strong></span> 
     </span>
     <span class='ocr_line' id='line_1_29' title="bbox 80 3306 1754 3389; baseline 0.001 -21"><span class='ocrx_word' id='word_1_294' title='bbox 80 3307 384 3388; x_wconf 87' lang='lat' dir='ltr'><strong>compertinentiis</strong></span> <span class='ocrx_word' id='word_1_295' title='bbox 414 3309 491 3382; x_wconf 77' lang='lat' dir='ltr'><strong>sui5‚</strong></span> <span class='ocrx_word' id='word_1_296' title='bbox 523 3307 684 3389; x_wconf 90' lang='lat' dir='ltr'><strong>capellam</strong></span> <span class='ocrx_word' id='word_1_297' title='bbox 708 3309 811 3370; x_wconf 86' lang='lat' dir='ltr'><strong>sancti</strong></span> <span class='ocrx_word' id='word_1_298' title='bbox 843 3306 970 3370; x_wconf 91' lang='lat' dir='ltr'><strong>Nicolai</strong></span> <span class='ocrx_word' id='word_1_299' title='bbox 1002 3307 1044 3368; x_wconf 89' lang='lat' dir='ltr'><strong>de</strong></span> <span class='ocrx_word' id='word_1_300' title='bbox 1075 3315 1181 3369; x_wconf 87' lang='lat' dir='ltr'><strong>castro</strong></span> <span class='ocrx_word' id='word_1_301' title='bbox 1205 3306 1302 3370; x_wconf 94' lang='lat' dir='ltr'><strong>Novo</strong></span> <span class='ocrx_word' id='word_1_302' title='bbox 1327 3307 1412 3370; x_wconf 91' lang='lat' dir='ltr'><strong>colle</strong></span> <span class='ocrx_word' id='word_1_303' title='bbox 1445 3327 1518 3370; x_wconf 91' lang='lat' dir='ltr'><strong>cum</strong></span> <span class='ocrx_word' id='word_1_304' title='bbox 1549 3309 1754 3389; x_wconf 90' lang='lat' dir='ltr'><strong>pertinentiis</strong></span> 
     </span>
     <span class='ocr_line' id='line_1_30' title="bbox 79 3393 1754 3480; baseline 0.001 -22"><span class='ocrx_word' id='word_1_305' title='bbox 79 3399 156 3470; x_wconf 88' lang='lat' dir='ltr'><strong>suis,</strong></span> <span class='ocrx_word' id='word_1_306' title='bbox 189 3395 348 3476; x_wconf 88' lang='lat' dir='ltr'><strong>capellam</strong></span> <span class='ocrx_word' id='word_1_307' title='bbox 379 3399 482 3459; x_wconf 89' lang='lat' dir='ltr'><strong>sancti</strong></span> <span class='ocrx_word' id='word_1_308' title='bbox 510 3396 606 3459; x_wconf 88' lang='lat' dir='ltr'><strong>Blasii</strong></span> <span class='ocrx_word' id='word_1_309' title='bbox 637 3399 727 3460; x_wconf 89' lang='lat' dir='ltr'><strong>iuxta</strong></span> <span class='ocrx_word' id='word_1_310' title='bbox 756 3398 954 3459; x_wconf 91' lang='lat' dir='ltr'><strong>territorium</strong></span> <span class='ocrx_word' id='word_1_311' title='bbox 982 3395 1088 3477; x_wconf 89' lang='lat' dir='ltr'><strong>plebis</strong></span> <span class='ocrx_word' id='word_1_312' title='bbox 1107 3393 1135 3480; x_wconf 82' lang='lat' dir='ltr'><strong>h)</strong></span> <span class='ocrx_word' id='word_1_313' title='bbox 1167 3396 1270 3458; x_wconf 91' lang='lat' dir='ltr'><strong>sancti</strong></span> <span class='ocrx_word' id='word_1_314' title='bbox 1292 3395 1418 3478; x_wconf 91' lang='lat' dir='ltr'><strong>Ypoliti</strong></span> <span class='ocrx_word' id='word_1_315' title='bbox 1447 3416 1521 3460; x_wconf 90' lang='lat' dir='ltr'><strong>cum</strong></span> <span class='ocrx_word' id='word_1_316' title='bbox 1554 3397 1754 3478; x_wconf 90' lang='lat' dir='ltr'><strong>pertinentiis</strong></span> 
     </span>
     <span class='ocr_line' id='line_1_31' title="bbox 79 3482 1753 3569; baseline 0.001 -22"><span class='ocrx_word' id='word_1_317' title='bbox 79 3485 155 3557; x_wconf 89' lang='lat' dir='ltr'><strong>suis,</strong></span> <span class='ocrx_word' id='word_1_318' title='bbox 184 3483 347 3566; x_wconf 87' lang='lat' dir='ltr'><strong>capellam</strong></span> <span class='ocrx_word' id='word_1_319' title='bbox 370 3488 471 3549; x_wconf 88' lang='lat' dir='ltr'><strong>sancti</strong></span> <span class='ocrx_word' id='word_1_320' title='bbox 494 3485 630 3549; x_wconf 89' lang='lat' dir='ltr'><strong>Andree</strong></span> <span class='ocrx_word' id='word_1_321' title='bbox 657 3487 700 3548; x_wconf 90' lang='lat' dir='ltr'><strong>de</strong></span> <span class='ocrx_word' id='word_1_322' title='bbox 724 3482 833 3548; x_wconf 88' lang='lat' dir='ltr'><strong>Strata</strong></span> <span class='ocrx_word' id='word_1_323' title='bbox 856 3505 930 3548; x_wconf 93' lang='lat' dir='ltr'><strong>cum</strong></span> <span class='ocrx_word' id='word_1_324' title='bbox 962 3485 1164 3568; x_wconf 91' lang='lat' dir='ltr'><strong>pertinentiis</strong></span> <span class='ocrx_word' id='word_1_325' title='bbox 1194 3486 1267 3561; x_wconf 89' lang='lat' dir='ltr'><strong>suis,</strong></span> <span class='ocrx_word' id='word_1_326' title='bbox 1298 3483 1456 3567; x_wconf 89' lang='lat' dir='ltr'><strong>capellam</strong></span> <span class='ocrx_word' id='word_1_327' title='bbox 1485 3488 1588 3549; x_wconf 90' lang='lat' dir='ltr'><strong>sancti</strong></span> <span class='ocrx_word' id='word_1_328' title='bbox 1612 3484 1753 3569; x_wconf 92' lang='lat' dir='ltr'><strong>Philippi</strong></span> 
     </span>
     <span class='ocr_line' id='line_1_32' title="bbox 80 3571 1753 3658; baseline 0.001 -22"><span class='ocrx_word' id='word_1_329' title='bbox 80 3582 114 3636; x_wconf 89' lang='lat' dir='ltr'><strong>et</strong></span> <span class='ocrx_word' id='word_1_330' title='bbox 136 3573 250 3636; x_wconf 89' lang='lat' dir='ltr'><strong>Iacobi</strong></span> <span class='ocrx_word' id='word_1_331' title='bbox 279 3573 322 3636; x_wconf 93' lang='lat' dir='ltr'><strong>de</strong></span> <span class='ocrx_word' id='word_1_332' title='bbox 354 3571 511 3654; x_wconf 84' lang='lat' dir='ltr'><strong>Quartaio</strong></span> <span class='ocrx_word' id='word_1_333' title='bbox 544 3596 617 3638; x_wconf 91' lang='lat' dir='ltr'><strong>cum</strong></span> <span class='ocrx_word' id='word_1_334' title='bbox 649 3574 847 3658; x_wconf 88' lang='lat' dir='ltr'><strong>pertinentiis</strong></span> <span class='ocrx_word' id='word_1_335' title='bbox 877 3575 957 3649; x_wconf 89' lang='lat' dir='ltr'><strong>suis,</strong></span> <span class='ocrx_word' id='word_1_336' title='bbox 992 3573 1151 3656; x_wconf 88' lang='lat' dir='ltr'><strong>capellam</strong></span> <span class='ocrx_word' id='word_1_337' title='bbox 1183 3575 1284 3637; x_wconf 91' lang='lat' dir='ltr'><strong>sancti</strong></span> <span class='ocrx_word' id='word_1_338' title='bbox 1307 3575 1384 3638; x_wconf 90' lang='lat' dir='ltr'><strong>Iusti</strong></span> <span class='ocrx_word' id='word_1_339' title='bbox 1416 3575 1458 3638; x_wconf 93' lang='lat' dir='ltr'><strong>de</strong></span> <span class='ocrx_word' id='word_1_340' title='bbox 1489 3575 1649 3638; x_wconf 92' lang='lat' dir='ltr'><strong>Menzano</strong></span> <span class='ocrx_word' id='word_1_341' title='bbox 1679 3595 1753 3638; x_wconf 88' lang='lat' dir='ltr'><strong>curn</strong></span> 
     </span>
     <span class='ocr_line' id='line_1_33' title="bbox 81 3661 1754 3746; baseline 0 -19"><span class='ocrx_word' id='word_1_342' title='bbox 81 3663 289 3746; x_wconf 89' lang='lat' dir='ltr'><strong>pertinentiis</strong></span> <span class='ocrx_word' id='word_1_343' title='bbox 312 3665 393 3738; x_wconf 93' lang='lat' dir='ltr'><strong>suis,</strong></span> <span class='ocrx_word' id='word_1_344' title='bbox 424 3664 579 3746; x_wconf 89' lang='lat' dir='ltr'><strong>primitias</strong></span> <span class='ocrx_word' id='word_1_345' title='bbox 610 3672 643 3727; x_wconf 90' lang='lat' dir='ltr'><strong>et</strong></span> <span class='ocrx_word' id='word_1_346' title='bbox 673 3665 817 3727; x_wconf 90' lang='lat' dir='ltr'><strong>decimas</strong></span> <span class='ocrx_word' id='word_1_347' title='bbox 841 3663 956 3745; x_wconf 92' lang='lat' dir='ltr'><strong>populi</strong></span> <span class='ocrx_word' id='word_1_348' title='bbox 988 3664 1030 3725; x_wconf 91' lang='lat' dir='ltr'><strong>de</strong></span> <span class='ocrx_word' id='word_1_349' title='bbox 1053 3661 1202 3726; x_wconf 91' lang='lat' dir='ltr'><strong>Senzano</strong></span> <span class='ocrx_word' id='word_1_350' title='bbox 1234 3672 1267 3726; x_wconf 92' lang='lat' dir='ltr'><strong>et</strong></span> <span class='ocrx_word' id='word_1_351' title='bbox 1299 3666 1342 3727; x_wconf 94' lang='lat' dir='ltr'><strong>de</strong></span> <span class='ocrx_word' id='word_1_352' title='bbox 1366 3662 1506 3727; x_wconf 89' lang='lat' dir='ltr'><strong>Oliveto.</strong></span> <span class='ocrx_word' id='word_1_353' title='bbox 1553 3664 1754 3746; x_wconf 88' lang='lat' dir='ltr'><strong>Precipimus</strong></span> 
     </span>
     <span class='ocr_line' id='line_1_34' title="bbox 81 3749 1755 3836; baseline 0.001 -20"><span class='ocrx_word' id='word_1_354' title='bbox 81 3773 172 3834; x_wconf 87' lang='lat' dir='ltr'><strong>ergn,</strong></span> <span class='ocrx_word' id='word_1_355' title='bbox 189 3761 225 3814; x_wconf 92' lang='lat' dir='ltr'><strong>ut</strong></span> <span class='ocrx_word' id='word_1_356' title='bbox 241 3753 357 3815; x_wconf 93' lang='lat' dir='ltr'><strong>nemini</strong></span> <span class='ocrx_word' id='word_1_357' title='bbox 371 3752 526 3817; x_wconf 90' lang='lat' dir='ltr'><strong>laicorum</strong></span> <span class='ocrx_word' id='word_1_358' title='bbox 542 3755 677 3817; x_wconf 82' lang='lat' dir='ltr'><strong>facultas</strong></span> <span class='ocrx_word' id='word_1_359' title='bbox 693 3757 744 3829; x_wconf 90' lang='lat' dir='ltr'><strong>sit,</strong></span> <span class='ocrx_word' id='word_1_360' title='bbox 765 3749 933 3836; x_wconf 87' lang='lat' dir='ltr'><strong>aliqua(m)</strong></span> <span class='ocrx_word' id='word_1_361' title='bbox 949 3750 991 3815; x_wconf 89' lang='lat' dir='ltr'><strong>de</strong></span> <span class='ocrx_word' id='word_1_362' title='bbox 1007 3751 1163 3834; x_wconf 90' lang='lat' dir='ltr'><strong>cappellis</strong></span> <span class='ocrx_word' id='word_1_363' title='bbox 1178 3761 1234 3815; x_wconf 89' lang='lat' dir='ltr'><strong>aut</strong></span> <span class='ocrx_word' id='word_1_364' title='bbox 1249 3754 1292 3816; x_wconf 92' lang='lat' dir='ltr'><strong>de</strong></span> <span class='ocrx_word' id='word_1_365' title='bbox 1308 3754 1450 3830; x_wconf 77' lang='lat' dir='ltr'><strong>decimiS,</strong></span> <span class='ocrx_word' id='word_1_366' title='bbox 1474 3753 1517 3816; x_wconf 91' lang='lat' dir='ltr'><strong>ad</strong></span> <span class='ocrx_word' id='word_1_367' title='bbox 1533 3755 1755 3836; x_wconf 89' lang='lat' dir='ltr'><strong>supradictam</strong></span> 
     </span>
     <span class='ocr_line' id='line_1_35' title="bbox 81 3841 1754 3924; baseline 0 -20"><span class='ocrx_word' id='word_1_368' title='bbox 81 3841 220 3924; x_wconf 90' lang='lat' dir='ltr'><strong>plebem</strong></span> <span class='ocrx_word' id='word_1_369' title='bbox 242 3842 487 3923; x_wconf 64' lang='lat' dir='ltr'><strong>pertinentibus</strong></span> <span class='ocrx_word' id='word_1_370' title='bbox 510 3843 541 3904; x_wconf 94' lang='lat' dir='ltr'><strong>in</strong></span> <span class='ocrx_word' id='word_1_371' title='bbox 564 3843 694 3906; x_wconf 91' lang='lat' dir='ltr'><strong>alterius</strong></span> <span class='ocrx_word' id='word_1_372' title='bbox 711 3843 849 3904; x_wconf 88' lang='lat' dir='ltr'><strong>ecclesie</strong></span> <span class='ocrx_word' id='word_1_373' title='bbox 865 3842 1047 3904; x_wconf 90' lang='lat' dir='ltr'><strong>dominium</strong></span> <span class='ocrx_word' id='word_1_374' title='bbox 1064 3843 1200 3904; x_wconf 90' lang='lat' dir='ltr'><strong>tradere.</strong></span> <span class='ocrx_word' id='word_1_375' title='bbox 1239 3842 1315 3905; x_wconf 94' lang='lat' dir='ltr'><strong>Tibi</strong></span> <span class='ocrx_word' id='word_1_376' title='bbox 1332 3852 1440 3905; x_wconf 91' lang='lat' dir='ltr'><strong>autem</strong></span> <span class='ocrx_word' id='word_1_377' title='bbox 1458 3863 1495 3905; x_wconf 90' lang='lat' dir='ltr'><strong>ac</strong></span> <span class='ocrx_word' id='word_1_378' title='bbox 1510 3844 1754 3906; x_wconf 89' lang='lat' dir='ltr'><strong>successoribus</strong></span> 
     </span>
     <span class='ocr_line' id='line_1_36' title="bbox 81 3930 1754 4015; baseline 0.001 -21"><span class='ocrx_word' id='word_1_379' title='bbox 81 3933 155 4008; x_wconf 90' lang='lat' dir='ltr'><strong>tuis,</strong></span> <span class='ocrx_word' id='word_1_380' title='bbox 188 3933 245 4010; x_wconf 93' lang='lat' dir='ltr'><strong>qui</strong></span> <span class='ocrx_word' id='word_1_381' title='bbox 268 3951 328 4012; x_wconf 93' lang='lat' dir='ltr'><strong>per</strong></span> <span class='ocrx_word' id='word_1_382' title='bbox 349 3930 490 3994; x_wconf 91' lang='lat' dir='ltr'><strong>Romani</strong></span> <span class='ocrx_word' id='word_1_383' title='bbox 514 3932 678 4014; x_wconf 91' lang='lat' dir='ltr'><strong>pontificis</strong></span> <span class='ocrx_word' id='word_1_384' title='bbox 703 3951 897 3995; x_wconf 91' lang='lat' dir='ltr'><strong>consensum</strong></span> <span class='ocrx_word' id='word_1_385' title='bbox 921 3933 954 3992; x_wconf 93' lang='lat' dir='ltr'><strong>in</strong></span> <span class='ocrx_word' id='word_1_386' title='bbox 979 3931 1095 3993; x_wconf 88' lang='lat' dir='ltr'><strong>eadem</strong></span> <span class='ocrx_word' id='word_1_387' title='bbox 1119 3930 1218 4012; x_wconf 93' lang='lat' dir='ltr'><strong>plebe</strong></span> <span class='ocrx_word' id='word_1_388' title='bbox 1242 3932 1293 3994; x_wconf 93' lang='lat' dir='ltr'><strong>vel</strong></span> <span class='ocrx_word' id='word_1_389' title='bbox 1326 3932 1460 3994; x_wconf 88' lang='lat' dir='ltr'><strong>ecclesia</strong></span> <span class='ocrx_word' id='word_1_390' title='bbox 1493 3932 1754 4015; x_wconf 88' lang='lat' dir='ltr'><strong>archipresbiteri</strong></span> 
     </span>
     <span class='ocr_line' id='line_1_37' title="bbox 82 4018 1756 4108; baseline 0.001 -25"><span class='ocrx_word' id='word_1_391' title='bbox 82 4019 210 4095; x_wconf 88' lang='lat' dir='ltr'><strong>fuerint,</strong></span> <span class='ocrx_word' id='word_1_392' title='bbox 233 4018 364 4082; x_wconf 91' lang='lat' dir='ltr'><strong>debitas</strong></span> <span class='ocrx_word' id='word_1_393' title='bbox 387 4021 592 4084; x_wconf 85' lang='lat' dir='ltr'><strong>obedientias</strong></span> <span class='ocrx_word' id='word_1_394' title='bbox 611 4021 639 4108; x_wconf 80' lang='grc' dir='ltr'><strong>ἰ)</strong></span> <span class='ocrx_word' id='word_1_395' title='bbox 663 4020 893 4084; x_wconf 88' lang='lat' dir='ltr'><strong>confirmamus</strong></span> <span class='ocrx_word' id='word_1_396' title='bbox 918 4021 959 4082; x_wconf 92' lang='lat' dir='ltr'><strong>de</strong></span> <span class='ocrx_word' id='word_1_397' title='bbox 983 4019 1135 4082; x_wconf 92' lang='lat' dir='ltr'><strong>omnibus</strong></span> <span class='ocrx_word' id='word_1_398' title='bbox 1159 4019 1301 4102; x_wconf 90' lang='lat' dir='ltr'><strong>capellis,</strong></span> <span class='ocrx_word' id='word_1_399' title='bbox 1325 4041 1388 4104; x_wconf 91' lang='lat' dir='ltr'><strong>que</strong></span> <span class='ocrx_word' id='word_1_400' title='bbox 1411 4023 1585 4085; x_wconf 92' lang='lat' dir='ltr'><strong>constitute</strong></span> <span class='ocrx_word' id='word_1_401' title='bbox 1608 4031 1682 4084; x_wconf 92' lang='lat' dir='ltr'><strong>sunt</strong></span> <span class='ocrx_word' id='word_1_402' title='bbox 1703 4021 1756 4084; x_wconf 90' lang='lat' dir='ltr'><strong>vel</strong></span> 
     </span>
     <span class='ocr_line' id='line_1_38' title="bbox 83 4108 1755 4193; baseline 0 -21"><span class='ocrx_word' id='word_1_403' title='bbox 83 4109 204 4172; x_wconf 89' lang='lat' dir='ltr'><strong>fuerint</strong></span> <span class='ocrx_word' id='word_1_404' title='bbox 227 4111 260 4171; x_wconf 94' lang='lat' dir='ltr'><strong>in</strong></span> <span class='ocrx_word' id='word_1_405' title='bbox 283 4109 462 4192; x_wconf 89' lang='lat' dir='ltr'><strong>parrochia,</strong></span> <span class='ocrx_word' id='word_1_406' title='bbox 496 4111 537 4174; x_wconf 90' lang='lat' dir='ltr'><strong>ad</strong></span> <span class='ocrx_word' id='word_1_407' title='bbox 571 4112 792 4193; x_wconf 88' lang='lat' dir='ltr'><strong>supradictam</strong></span> <span class='ocrx_word' id='word_1_408' title='bbox 825 4110 913 4172; x_wconf 90' lang='lat' dir='ltr'><strong>beati</strong></span> <span class='ocrx_word' id='word_1_409' title='bbox 937 4108 1079 4171; x_wconf 86' lang='lat' dir='ltr'><strong>Faustini</strong></span> <span class='ocrx_word' id='word_1_410' title='bbox 1109 4109 1279 4173; x_wconf 88' lang='lat' dir='ltr'><strong>ecclesiam</strong></span> <span class='ocrx_word' id='word_1_411' title='bbox 1310 4113 1503 4193; x_wconf 90' lang='lat' dir='ltr'><strong>pertinente.</strong></span> <span class='ocrx_word' id='word_1_412' title='bbox 1549 4113 1634 4174; x_wconf 89' lang='lat' dir='ltr'><strong>lntra</strong></span> <span class='ocrx_word' id='word_1_413' title='bbox 1665 4131 1755 4193; x_wconf 91' lang='lat' dir='ltr'><strong>quas,</strong></span> 
     </span>
     <span class='ocr_line' id='line_1_39' title="bbox 82 4198 1755 4282; baseline 0 -20"><span class='ocrx_word' id='word_1_414' title='bbox 82 4202 109 4262; x_wconf 90' lang='lat' dir='ltr'><strong>si</strong></span> <span class='ocrx_word' id='word_1_415' title='bbox 134 4199 339 4281; x_wconf 88' lang='lat' dir='ltr'><strong>oportunitas</strong></span> <span class='ocrx_word' id='word_1_416' title='bbox 370 4201 529 4282; x_wconf 84' lang='lat' dir='ltr'><strong>exegerit,</strong></span> <span class='ocrx_word' id='word_1_417' title='bbox 560 4200 685 4280; x_wconf 91' lang='lat' dir='ltr'><strong>absque</strong></span> <span class='ocrx_word' id='word_1_418' title='bbox 717 4199 976 4263; x_wconf 89' lang='lat' dir='ltr'><strong>contradictione</strong></span> <span class='ocrx_word' id='word_1_419' title='bbox 1007 4198 1176 4262; x_wconf 93' lang='lat' dir='ltr'><strong>cuiuslibet</strong></span> <span class='ocrx_word' id='word_1_420' title='bbox 1207 4220 1308 4263; x_wconf 89' lang='lat' dir='ltr'><strong>novas</strong></span> <span class='ocrx_word' id='word_1_421' title='bbox 1342 4199 1483 4282; x_wconf 90' lang='lat' dir='ltr'><strong>capellas</strong></span> <span class='ocrx_word' id='word_1_422' title='bbox 1505 4199 1556 4264; x_wconf 93' lang='lat' dir='ltr'><strong>vel</strong></span> <span class='ocrx_word' id='word_1_423' title='bbox 1586 4200 1755 4264; x_wconf 91' lang='lat' dir='ltr'><strong>ecelesiam</strong></span> 
     </span>
     <span class='ocr_line' id='line_1_40' title="bbox 83 4286 1756 4371; baseline 0 -19"><span class='ocrx_word' id='word_1_424' title='bbox 83 4287 259 4352; x_wconf 89' lang='lat' dir='ltr'><strong>edificandi</strong></span> <span class='ocrx_word' id='word_1_425' title='bbox 281 4288 377 4352; x_wconf 94' lang='lat' dir='ltr'><strong>vobis</strong></span> <span class='ocrx_word' id='word_1_426' title='bbox 401 4289 562 4353; x_wconf 90' lang='lat' dir='ltr'><strong>licentiam</strong></span> <span class='ocrx_word' id='word_1_427' title='bbox 587 4290 800 4371; x_wconf 83' lang='lat' dir='ltr'><strong>indulgemus</strong></span> <span class='ocrx_word' id='word_1_428' title='bbox 848 4286 1002 4350; x_wconf 92' lang='lat' dir='ltr'><strong>Obeunte</strong></span> <span class='ocrx_word' id='word_1_429' title='bbox 1024 4306 1102 4351; x_wconf 88' lang='lat' dir='ltr'><strong>vero</strong></span> <span class='ocrx_word' id='word_1_430' title='bbox 1127 4298 1169 4364; x_wconf 94' lang='lat' dir='ltr'><strong>te,</strong></span> <span class='ocrx_word' id='word_1_431' title='bbox 1193 4310 1278 4352; x_wconf 91' lang='lat' dir='ltr'><strong>nunc</strong></span> <span class='ocrx_word' id='word_1_432' title='bbox 1308 4291 1456 4353; x_wconf 90' lang='lat' dir='ltr'><strong>eiusdem</strong></span> <span class='ocrx_word' id='word_1_433' title='bbox 1484 4289 1547 4352; x_wconf 93' lang='lat' dir='ltr'><strong>loci</strong></span> <span class='ocrx_word' id='word_1_434' title='bbox 1579 4288 1756 4371; x_wconf 88' lang='lat' dir='ltr'><strong>archipres-</strong></span> 
     </span>
     <span class='ocr_line' id='line_1_41' title="bbox 82 4376 1756 4462; baseline 0 -21"><span class='ocrx_word' id='word_1_435' title='bbox 82 4379 210 4452; x_wconf 90' lang='lat' dir='ltr'><strong>bitero,</strong></span> <span class='ocrx_word' id='word_1_436' title='bbox 240 4376 345 4440; x_wconf 93' lang='lat' dir='ltr'><strong>nullus</strong></span> <span class='ocrx_word' id='word_1_437' title='bbox 377 4379 410 4440; x_wconf 94' lang='lat' dir='ltr'><strong>in</strong></span> <span class='ocrx_word' id='word_1_438' title='bbox 441 4381 556 4443; x_wconf 91' lang='lat' dir='ltr'><strong>eadem</strong></span> <span class='ocrx_word' id='word_1_439' title='bbox 582 4379 718 4442; x_wconf 90' lang='lat' dir='ltr'><strong>ecclesia</strong></span> <span class='ocrx_word' id='word_1_440' title='bbox 741 4377 887 4458; x_wconf 91' lang='lat' dir='ltr'><strong>qualibet</strong></span> <span class='ocrx_word' id='word_1_441' title='bbox 909 4377 1120 4460; x_wconf 91' lang='lat' dir='ltr'><strong>surreptionis</strong></span> <span class='ocrx_word' id='word_1_442' title='bbox 1152 4380 1267 4442; x_wconf 90' lang='lat' dir='ltr'><strong>astutia</strong></span> <span class='ocrx_word' id='word_1_443' title='bbox 1289 4378 1342 4442; x_wconf 91' lang='lat' dir='ltr'><strong>vel</strong></span> <span class='ocrx_word' id='word_1_444' title='bbox 1370 4378 1525 4441; x_wconf 91' lang='lat' dir='ltr'><strong>violentia</strong></span> <span class='ocrx_word' id='word_1_445' title='bbox 1548 4388 1756 4462; x_wconf 91' lang='lat' dir='ltr'><strong>preponatur,</strong></span> 
     </span>
     <span class='ocr_line' id='line_1_42' title="bbox 83 4467 1757 4551; baseline 0 -21"><span class='ocrx_word' id='word_1_446' title='bbox 83 4469 144 4530; x_wconf 93' lang='lat' dir='ltr'><strong>nisi</strong></span> <span class='ocrx_word' id='word_1_447' title='bbox 169 4486 269 4546; x_wconf 90' lang='lat' dir='ltr'><strong>quem</strong></span> <span class='ocrx_word' id='word_1_448' title='bbox 293 4468 439 4532; x_wconf 90' lang='lat' dir='ltr'><strong>eiusdem</strong></span> <span class='ocrx_word' id='word_1_449' title='bbox 465 4469 599 4531; x_wconf 88' lang='lat' dir='ltr'><strong>ecclesie</strong></span> <span class='ocrx_word' id='word_1_450' title='bbox 624 4468 732 4531; x_wconf 90' lang='lat' dir='ltr'><strong>clerici</strong></span> <span class='ocrx_word' id='word_1_451' title='bbox 755 4467 816 4530; x_wconf 94' lang='lat' dir='ltr'><strong>sibi</strong></span> <span class='ocrx_word' id='word_1_452' title='bbox 839 4487 971 4550; x_wconf 92' lang='lat' dir='ltr'><strong>preesse</strong></span> <span class='ocrx_word' id='word_1_453' title='bbox 995 4467 1197 4549; x_wconf 91' lang='lat' dir='ltr'><strong>providerint</strong></span> <span class='ocrx_word' id='word_1_454' title='bbox 1220 4477 1253 4531; x_wconf 90' lang='lat' dir='ltr'><strong>et</strong></span> <span class='ocrx_word' id='word_1_455' title='bbox 1267 4469 1406 4532; x_wconf 90' lang='lat' dir='ltr'><strong>Romani</strong></span> <span class='ocrx_word' id='word_1_456' title='bbox 1429 4468 1590 4551; x_wconf 90' lang='lat' dir='ltr'><strong>pontificis</strong></span> <span class='ocrx_word' id='word_1_457' title='bbox 1606 4488 1757 4532; x_wconf 90' lang='lat' dir='ltr'><strong>assensus</strong></span> 
     </span>
     <span class='ocr_line' id='line_1_43' title="bbox 84 4555 1757 4640; baseline 0.001 -22"><span class='ocrx_word' id='word_1_458' title='bbox 84 4557 285 4638; x_wconf 89' lang='lat' dir='ltr'><strong>probaverit.</strong></span> <span class='ocrx_word' id='word_1_459' title='bbox 337 4555 480 4633; x_wconf 88' lang='lat' dir='ltr'><strong>Crisma,</strong></span> <span class='ocrx_word' id='word_1_460' title='bbox 512 4558 621 4621; x_wconf 89' lang='lat' dir='ltr'><strong>oleum</strong></span> <span class='ocrx_word' id='word_1_461' title='bbox 652 4566 815 4632; x_wconf 89' lang='lat' dir='ltr'><strong>sanctum,</strong></span> <span class='ocrx_word' id='word_1_462' title='bbox 853 4557 1073 4619; x_wconf 89' lang='lat' dir='ltr'><strong>ordinationes</strong></span> <span class='ocrx_word' id='word_1_463' title='bbox 1104 4558 1295 4620; x_wconf 90' lang='lat' dir='ltr'><strong>clericorum</strong></span> <span class='ocrx_word' id='word_1_464' title='bbox 1328 4559 1369 4621; x_wconf 93' lang='lat' dir='ltr'><strong>ab</strong></span> <span class='ocrx_word' id='word_1_465' title='bbox 1401 4558 1574 4640; x_wconf 90' lang='lat' dir='ltr'><strong>episcopo,</strong></span> <span class='ocrx_word' id='word_1_466' title='bbox 1606 4558 1636 4620; x_wconf 90' lang='lat' dir='ltr'><strong>in</strong></span> <span class='ocrx_word' id='word_1_467' title='bbox 1670 4559 1757 4621; x_wconf 90' lang='lat' dir='ltr'><strong>cuius</strong></span> 
     </span>
     <span class='ocr_line' id='line_1_44' title="bbox 84 4645 1759 4729; baseline 0.001 -21"><span class='ocrx_word' id='word_1_468' title='bbox 84 4645 208 4708; x_wconf 90' lang='lat' dir='ltr'><strong>diocesi</strong></span> <span class='ocrx_word' id='word_1_469' title='bbox 231 4647 317 4721; x_wconf 91' lang='lat' dir='ltr'><strong>estis,</strong></span> <span class='ocrx_word' id='word_1_470' title='bbox 339 4649 522 4728; x_wconf 90' lang='lat' dir='ltr'><strong>accipietis,</strong></span> <span class='ocrx_word' id='word_1_471' title='bbox 546 4648 707 4727; x_wconf 91' lang='lat' dir='ltr'><strong>siquidem</strong></span> <span class='ocrx_word' id='word_1_472' title='bbox 731 4647 865 4728; x_wconf 90' lang='lat' dir='ltr'><strong>gratiam</strong></span> <span class='ocrx_word' id='word_1_473' title='bbox 890 4657 988 4727; x_wconf 91' lang='lat' dir='ltr'><strong>atque</strong></span> <span class='ocrx_word' id='word_1_474' title='bbox 1013 4647 1273 4711; x_wconf 90' lang='lat' dir='ltr'><strong>communionem</strong></span> <span class='ocrx_word' id='word_1_475' title='bbox 1293 4647 1475 4729; x_wconf 90' lang='lat' dir='ltr'><strong>apostolice</strong></span> <span class='ocrx_word' id='word_1_476' title='bbox 1499 4648 1586 4710; x_wconf 91' lang='lat' dir='ltr'><strong>sedis</strong></span> <span class='ocrx_word' id='word_1_477' title='bbox 1610 4647 1759 4711; x_wconf 89' lang='lat' dir='ltr'><strong>habuerit</strong></span> 
     </span>
     <span class='ocr_line' id='line_1_45' title="bbox 84 4733 1756 4818; baseline 0.001 -20"><span class='ocrx_word' id='word_1_478' title='bbox 84 4744 118 4798; x_wconf 90' lang='lat' dir='ltr'><strong>et</strong></span> <span class='ocrx_word' id='word_1_479' title='bbox 141 4755 182 4797; x_wconf 87' lang='lat' dir='ltr'><strong>ea</strong></span> <span class='ocrx_word' id='word_1_480' title='bbox 204 4737 304 4816; x_wconf 88' lang='lat' dir='ltr'><strong>gratis</strong></span> <span class='ocrx_word' id='word_1_481' title='bbox 327 4756 366 4798; x_wconf 90' lang='lat' dir='ltr'><strong>ac</strong></span> <span class='ocrx_word' id='word_1_482' title='bbox 389 4739 458 4799; x_wconf 92' lang='lat' dir='ltr'><strong>sine</strong></span> <span class='ocrx_word' id='word_1_483' title='bbox 481 4739 642 4818; x_wconf 88' lang='lat' dir='ltr'><strong>pravitate</strong></span> <span class='ocrx_word' id='word_1_484' title='bbox 658 4736 813 4799; x_wconf 88' lang='lat' dir='ltr'><strong>exhibere</strong></span> <span class='ocrx_word' id='word_1_485' title='bbox 836 4735 983 4798; x_wconf 92' lang='lat' dir='ltr'><strong>voluerit.</strong></span> <span class='ocrx_word' id='word_1_486' title='bbox 1023 4733 1179 4815; x_wconf 88' lang='lat' dir='ltr'><strong>Alioquin</strong></span> <span class='ocrx_word' id='word_1_487' title='bbox 1199 4736 1294 4799; x_wconf 88' lang='lat' dir='ltr'><strong>liceat</strong></span> <span class='ocrx_word' id='word_1_488' title='bbox 1309 4737 1413 4812; x_wconf 89' lang='lat' dir='ltr'><strong>vobis,</strong></span> <span class='ocrx_word' id='word_1_489' title='bbox 1429 4735 1635 4812; x_wconf 89' lang='lat' dir='ltr'><strong>catholicum,</strong></span> <span class='ocrx_word' id='word_1_490' title='bbox 1658 4756 1756 4816; x_wconf 95' lang='lat' dir='ltr'><strong>quem</strong></span> 
     </span>
     <span class='ocr_line' id='line_1_46' title="bbox 86 4823 1758 4909; baseline 0.001 -22"><span class='ocrx_word' id='word_1_491' title='bbox 86 4823 273 4900; x_wconf 87' lang='lat' dir='ltr'><strong>malueritis,</strong></span> <span class='ocrx_word' id='word_1_492' title='bbox 298 4825 387 4888; x_wconf 92' lang='lat' dir='ltr'><strong>adire</strong></span> <span class='ocrx_word' id='word_1_493' title='bbox 410 4825 596 4902; x_wconf 88' lang='lat' dir='ltr'><strong>antistitem,</strong></span> <span class='ocrx_word' id='word_1_494' title='bbox 619 4834 653 4888; x_wconf 89' lang='lat' dir='ltr'><strong>et</strong></span> <span class='ocrx_word' id='word_1_495' title='bbox 668 4825 709 4888; x_wconf 92' lang='lat' dir='ltr'><strong>ab</strong></span> <span class='ocrx_word' id='word_1_496' title='bbox 734 4845 773 4888; x_wconf 92' lang='lat' dir='ltr'><strong>eo</strong></span> <span class='ocrx_word' id='word_1_497' title='bbox 797 4825 1047 4887; x_wconf 89' lang='lat' dir='ltr'><strong>consecrationis</strong></span> <span class='ocrx_word' id='word_1_498' title='bbox 1070 4834 1274 4888; x_wconf 89' lang='lat' dir='ltr'><strong>sacramenta</strong></span> <span class='ocrx_word' id='word_1_499' title='bbox 1297 4828 1471 4909; x_wconf 90' lang='lat' dir='ltr'><strong>suscipere,</strong></span> <span class='ocrx_word' id='word_1_500' title='bbox 1496 4827 1560 4908; x_wconf 94' lang='lat' dir='ltr'><strong>qui,</strong></span> <span class='ocrx_word' id='word_1_501' title='bbox 1575 4827 1758 4908; x_wconf 92' lang='lat' dir='ltr'><strong>apostolice</strong></span> 
     </span>
     <span class='ocr_line' id='line_1_47' title="bbox 84 4912 1757 4998; baseline 0.002 -23"><span class='ocrx_word' id='word_1_502' title='bbox 84 4915 172 4976; x_wconf 88' lang='lat' dir='ltr'><strong>sedis</strong></span> <span class='ocrx_word' id='word_1_503' title='bbox 189 4913 291 4976; x_wconf 88' lang='lat' dir='ltr'><strong>fultus</strong></span> <span class='ocrx_word' id='word_1_504' title='bbox 306 4917 510 4992; x_wconf 89' lang='lat' dir='ltr'><strong>auctoritate,</strong></span> <span class='ocrx_word' id='word_1_505' title='bbox 526 4935 590 4995; x_wconf 94' lang='lat' dir='ltr'><strong>que</strong></span> <span class='ocrx_word' id='word_1_506' title='bbox 610 4915 800 4997; x_wconf 91' lang='lat' dir='ltr'><strong>postulatur,</strong></span> <span class='ocrx_word' id='word_1_507' title='bbox 817 4913 992 4997; x_wconf 89' lang='lat' dir='ltr'><strong>indulgeat.</strong></span> <span class='ocrx_word' id='word_1_508' title='bbox 1024 4912 1230 4996; x_wconf 88' lang='lat' dir='ltr'><strong>Capellarum</strong></span> <span class='ocrx_word' id='word_1_509' title='bbox 1246 4935 1323 4979; x_wconf 93' lang='lat' dir='ltr'><strong>vero</strong></span> <span class='ocrx_word' id='word_1_510' title='bbox 1340 4923 1373 4978; x_wconf 90' lang='lat' dir='ltr'><strong>et</strong></span> <span class='ocrx_word' id='word_1_511' title='bbox 1389 4915 1503 4998; x_wconf 91' lang='lat' dir='ltr'><strong>plebis,</strong></span> <span class='ocrx_word' id='word_1_512' title='bbox 1526 4916 1552 4977; x_wconf 91' lang='lat' dir='ltr'><strong>si</strong></span> <span class='ocrx_word' id='word_1_513' title='bbox 1568 4919 1757 4998; x_wconf 89' lang='lat' dir='ltr'><strong>oportuerit,</strong></span> 
     </span>
     <span class='ocr_line' id='line_1_48' title="bbox 85 5001 1758 5088; baseline 0.002 -23"><span class='ocrx_word' id='word_1_514' title='bbox 85 5006 292 5067; x_wconf 87' lang='lat' dir='ltr'><strong>consecratio</strong></span> <span class='ocrx_word' id='word_1_515' title='bbox 321 5006 471 5066; x_wconf 87' lang='lat' dir='ltr'><strong>nonnisi</strong></span> <span class='ocrx_word' id='word_1_516' title='bbox 504 5013 661 5087; x_wconf 88' lang='lat' dir='ltr'><strong>precepto</strong></span> <span class='ocrx_word' id='word_1_517' title='bbox 685 5005 823 5068; x_wconf 92' lang='lat' dir='ltr'><strong>Romani</strong></span> <span class='ocrx_word' id='word_1_518' title='bbox 857 5002 1020 5086; x_wconf 89' lang='lat' dir='ltr'><strong>pontificis</strong></span> <span class='ocrx_word' id='word_1_519' title='bbox 1044 5001 1110 5066; x_wconf 88' lang='lat' dir='ltr'><strong>fiat.</strong></span> <span class='ocrx_word' id='word_1_520' title='bbox 1154 5004 1355 5088; x_wconf 92' lang='lat' dir='ltr'><strong>Precipimus</strong></span> <span class='ocrx_word' id='word_1_521' title='bbox 1378 5007 1494 5080; x_wconf 91' lang='lat' dir='ltr'><strong>etiam,</strong></span> <span class='ocrx_word' id='word_1_522' title='bbox 1527 5026 1569 5069; x_wconf 92' lang='lat' dir='ltr'><strong>ne</strong></span> <span class='ocrx_word' id='word_1_523' title='bbox 1601 5005 1758 5069; x_wconf 89' lang='lat' dir='ltr'><strong>militibus</strong></span> 
     </span>
     <span class='ocr_line' id='line_1_49' title="bbox 84 5091 1757 5174; baseline 0.002 -19"><span class='ocrx_word' id='word_1_524' title='bbox 84 5092 189 5169; x_wconf 89' lang='lat' dir='ltr'><strong>liceat,</strong></span> <span class='ocrx_word' id='word_1_525' title='bbox 220 5091 510 5174; x_wconf 90' lang='lat' dir='ltr'><strong>parrochianorum</strong></span> <span class='ocrx_word' id='word_1_526' title='bbox 534 5103 716 5157; x_wconf 90' lang='lat' dir='ltr'><strong>vestrorum</strong></span> <span class='ocrx_word' id='word_1_527' title='bbox 749 5095 895 5156; x_wconf 91' lang='lat' dir='ltr'><strong>decimas</strong></span> <span class='ocrx_word' id='word_1_528' title='bbox 925 5093 989 5155; x_wconf 91' lang='lat' dir='ltr'><strong>suis</strong></span> <span class='ocrx_word' id='word_1_529' title='bbox 1019 5093 1128 5155; x_wconf 92' lang='lat' dir='ltr'><strong>usibus</strong></span> <span class='ocrx_word' id='word_1_530' title='bbox 1151 5094 1338 5170; x_wconf 89' lang='lat' dir='ltr'><strong>vendicare,</strong></span> <span class='ocrx_word' id='word_1_531' title='bbox 1371 5097 1430 5158; x_wconf 91' lang='lat' dir='ltr'><strong>sed</strong></span> <span class='ocrx_word' id='word_1_532' title='bbox 1463 5097 1554 5158; x_wconf 88' lang='lat' dir='ltr'><strong>iuxta</strong></span> <span class='ocrx_word' id='word_1_533' title='bbox 1583 5098 1757 5158; x_wconf 89' lang='lat' dir='ltr'><strong>canonicas</strong></span> 
     </span>
     <span class='ocr_line' id='line_1_50' title="bbox 85 5179 1757 5268; baseline 0.001 -23"><span class='ocrx_word' id='word_1_534' title='bbox 85 5185 271 5245; x_wconf 89' lang='lat' dir='ltr'><strong>sanctiones</strong></span> <span class='ocrx_word' id='word_1_535' title='bbox 295 5184 327 5244; x_wconf 93' lang='lat' dir='ltr'><strong>in</strong></span> <span class='ocrx_word' id='word_1_536' title='bbox 351 5185 400 5245; x_wconf 92' lang='lat' dir='ltr'><strong>ius</strong></span> <span class='ocrx_word' id='word_1_537' title='bbox 416 5182 553 5247; x_wconf 90' lang='lat' dir='ltr'><strong>ecclesie</strong></span> <span class='ocrx_word' id='word_1_538' title='bbox 577 5179 817 5268; x_wconf 88' lang='lat' dir='ltr'><strong>confera(n)tur.</strong></span> <span class='ocrx_word' id='word_1_539' title='bbox 847 5183 949 5245; x_wconf 94' lang='lat' dir='ltr'><strong>Porro</strong></span> <span class='ocrx_word' id='word_1_540' title='bbox 973 5181 1171 5262; x_wconf 89' lang='lat' dir='ltr'><strong>sepulturam</strong></span> <span class='ocrx_word' id='word_1_541' title='bbox 1196 5184 1338 5247; x_wconf 89' lang='lat' dir='ltr'><strong>eiusdem</strong></span> <span class='ocrx_word' id='word_1_542' title='bbox 1363 5184 1426 5248; x_wconf 91' lang='lat' dir='ltr'><strong>loci</strong></span> <span class='ocrx_word' id='word_1_543' title='bbox 1449 5182 1583 5247; x_wconf 90' lang='lat' dir='ltr'><strong>liberam</strong></span> <span class='ocrx_word' id='word_1_544' title='bbox 1608 5205 1680 5248; x_wconf 89' lang='lat' dir='ltr'><strong>esse</strong></span> <span class='ocrx_word' id='word_1_545' title='bbox 1703 5185 1757 5247; x_wconf 94' lang='lat' dir='ltr'><strong>de-</strong></span> 
     </span>
     <span class='ocr_line' id='line_1_51' title="bbox 85 5270 1758 5354; baseline 0.001 -19"><span class='ocrx_word' id='word_1_546' title='bbox 85 5275 259 5347; x_wconf 66' lang='lat' dir='ltr'><strong>cernimus</strong></span> <span class='ocrx_word' id='word_1_547' title='bbox 287 5279 322 5334; x_wconf 92' lang='lat' dir='ltr'><strong>ut</strong></span> <span class='ocrx_word' id='word_1_548' title='bbox 345 5292 468 5347; x_wconf 90' lang='lat' dir='ltr'><strong>eorum,</strong></span> <span class='ocrx_word' id='word_1_549' title='bbox 498 5275 553 5354; x_wconf 92' lang='lat' dir='ltr'><strong>qui</strong></span> <span class='ocrx_word' id='word_1_550' title='bbox 577 5293 614 5334; x_wconf 89' lang='lat' dir='ltr'><strong>se</strong></span> <span class='ocrx_word' id='word_1_551' title='bbox 637 5273 701 5335; x_wconf 92' lang='lat' dir='ltr'><strong>illic</strong></span> <span class='ocrx_word' id='word_1_552' title='bbox 724 5271 852 5354; x_wconf 92' lang='lat' dir='ltr'><strong>sepeliri</strong></span> <span class='ocrx_word' id='word_1_553' title='bbox 877 5270 1133 5347; x_wconf 90' lang='lat' dir='ltr'><strong>deliberaverint,</strong></span> <span class='ocrx_word' id='word_1_554' title='bbox 1166 5273 1331 5337; x_wconf 92' lang='lat' dir='ltr'><strong>devotioni</strong></span> <span class='ocrx_word' id='word_1_555' title='bbox 1355 5283 1389 5337; x_wconf 89' lang='lat' dir='ltr'><strong>et</strong></span> <span class='ocrx_word' id='word_1_556' title='bbox 1422 5282 1569 5337; x_wconf 88' lang='lat' dir='ltr'><strong>extreme</strong></span> <span class='ocrx_word' id='word_1_557' title='bbox 1591 5274 1758 5350; x_wconf 90' lang='lat' dir='ltr'><strong>voluntati,</strong></span> 
     </span>
     <span class='ocr_line' id='line_1_52' title="bbox 85 5360 1758 5434; baseline 0.002 -11"><span class='ocrx_word' id='word_1_558' title='bbox 85 5362 142 5424; x_wconf 88' lang='lat' dir='ltr'><strong>nisi</strong></span> <span class='ocrx_word' id='word_1_559' title='bbox 166 5363 254 5424; x_wconf 90' lang='lat' dir='ltr'><strong>forte</strong></span> <span class='ocrx_word' id='word_1_560' title='bbox 284 5363 560 5425; x_wconf 90' lang='lat' dir='ltr'><strong>excommunicati</strong></span> <span class='ocrx_word' id='word_1_561' title='bbox 590 5365 654 5424; x_wconf 92' lang='lat' dir='ltr'><strong>sint</strong></span> <span class='ocrx_word' id='word_1_562' title='bbox 677 5364 729 5425; x_wconf 90' lang='lat' dir='ltr'><strong>vel</strong></span> <span class='ocrx_word' id='word_1_563' title='bbox 759 5361 934 5434; x_wconf 90' lang='lat' dir='ltr'><strong>interdicti,</strong></span> <span class='ocrx_word' id='word_1_564' title='bbox 968 5360 1074 5423; x_wconf 92' lang='lat' dir='ltr'><strong>nullus</strong></span> <span class='ocrx_word' id='word_1_565' title='bbox 1105 5362 1252 5426; x_wconf 87' lang='lat' dir='ltr'><strong>obsistat.</strong></span> <span class='ocrx_word' id='word_1_566' title='bbox 1304 5362 1386 5426; x_wconf 94' lang='lat' dir='ltr'><strong>lllud</strong></span> <span class='ocrx_word' id='word_1_567' title='bbox 1418 5373 1528 5426; x_wconf 92' lang='lat' dir='ltr'><strong>autem</strong></span> <span class='ocrx_word' id='word_1_568' title='bbox 1559 5365 1758 5428; x_wconf 91' lang='lat' dir='ltr'><strong>omnimodis</strong></span> 
     </span>
     <span class='ocr_line' id='line_1_53' title="bbox 85 5450 1758 5535; baseline 0.002 -23"><span class='ocrx_word' id='word_1_569' title='bbox 85 5451 302 5533; x_wconf 87' lang='lat' dir='ltr'><strong>prohibemus</strong></span> <span class='ocrx_word' id='word_1_570' title='bbox 325 5459 357 5514; x_wconf 90' lang='lat' dir='ltr'><strong>et</strong></span> <span class='ocrx_word' id='word_1_571' title='bbox 381 5453 510 5534; x_wconf 92' lang='lat' dir='ltr'><strong>penitus</strong></span> <span class='ocrx_word' id='word_1_572' title='bbox 533 5453 762 5527; x_wconf 90' lang='lat' dir='ltr'><strong>interdicimus,</strong></span> <span class='ocrx_word' id='word_1_573' title='bbox 786 5471 827 5513; x_wconf 92' lang='lat' dir='ltr'><strong>ne</strong></span> <span class='ocrx_word' id='word_1_574' title='bbox 851 5450 1041 5513; x_wconf 89' lang='lat' dir='ltr'><strong>clericorum</strong></span> <span class='ocrx_word' id='word_1_575' title='bbox 1066 5469 1117 5513; x_wconf 91' lang='lat' dir='ltr'><strong>res</strong></span> <span class='ocrx_word' id='word_1_576' title='bbox 1141 5461 1218 5534; x_wconf 89' lang='lat' dir='ltr'><strong>post</strong></span> <span class='ocrx_word' id='word_1_577' title='bbox 1238 5472 1348 5516; x_wconf 90' lang='lat' dir='ltr'><strong>eorum</strong></span> <span class='ocrx_word' id='word_1_578' title='bbox 1366 5453 1492 5516; x_wconf 91' lang='lat' dir='ltr'><strong>obitum</strong></span> <span class='ocrx_word' id='word_1_579' title='bbox 1509 5453 1623 5535; x_wconf 92' lang='lat' dir='ltr'><strong>aliquis</strong></span> <span class='ocrx_word' id='word_1_580' title='bbox 1639 5453 1758 5516; x_wconf 90' lang='lat' dir='ltr'><strong>audeat</strong></span> 
     </span>
    </p>
   </div>
   <div class='ocr_carea' id='block_1_8' title="bbox 314 5559 513 5567">
    <p class='ocr_par' dir='ltr' id='par_1_8' title="bbox 314 5559 513 5567">
     <span class='ocr_line' id='line_1_54' title="bbox 314 5559 513 5567; baseline 0.005 -1"><span class='ocrx_word' id='word_1_581' title='bbox 314 5559 513 5567; x_wconf 50' lang='lat' dir='ltr'><strong>„mu—a</strong></span> 
     </span>
    </p>
   </div>
   <div class='ocr_carea' id='block_1_9' title="bbox 84 5592 1761 5806">
    <p class='ocr_par' dir='ltr' id='par_1_9' title="bbox 84 5592 1761 5806">
     <span class='ocr_line' id='line_1_55' title="bbox 248 5592 1759 5660; baseline 0.001 -20"><span class='ocrx_word' id='word_1_582' title='bbox 248 5595 273 5658; x_wconf 87' lang='lat' dir='ltr'><strong>a)</strong></span> <span class='ocrx_word' id='word_1_583' title='bbox 293 5594 428 5643; x_wconf 81' lang='lat' dir='ltr'><strong>Alexandri</strong></span> <span class='ocrx_word' id='word_1_584' title='bbox 500 5593 527 5658; x_wconf 96' lang='lat' dir='ltr'><strong>b)</strong></span> <span class='ocrx_word' id='word_1_585' title='bbox 546 5593 637 5658; x_wconf 78' lang='lat' dir='ltr'><strong>plebiis</strong></span> <span class='ocrx_word' id='word_1_586' title='bbox 710 5595 734 5654; x_wconf 75' lang='grc' dir='ltr'><strong>ο)</strong></span> <span class='ocrx_word' id='word_1_587' title='bbox 753 5593 797 5642; x_wconf 81' lang='lat' dir='ltr'><strong>das</strong></span> <span class='ocrx_word' id='word_1_588' title='bbox 814 5593 822 5641; x_wconf 95' lang='lat' dir='ltr'><strong>l</strong></span> <span class='ocrx_word' id='word_1_589' title='bbox 841 5608 886 5640; x_wconf 84' lang='lat' dir='ltr'><strong>aus</strong></span> <span class='ocrx_word' id='word_1_590' title='bbox 904 5592 977 5641; x_wconf 72' lang='lat' dir='ltr'><strong>tinem</strong></span> <span class='ocrx_word' id='word_1_591' title='bbox 997 5592 1127 5656; x_wconf 79' lang='lat' dir='ltr'><strong>cgebildet</strong></span> <span class='ocrx_word' id='word_1_592' title='bbox 1197 5593 1223 5652; x_wconf 69' lang='lat' dir='ltr'><strong>d)</strong></span> <span class='ocrx_word' id='word_1_593' title='bbox 1243 5595 1323 5658; x_wconf 87' lang='lat' dir='ltr'><strong>Quam</strong></span> <span class='ocrx_word' id='word_1_594' title='bbox 1349 5595 1407 5643; x_wconf 89' lang='lat' dir='ltr'><strong>vide</strong></span> <span class='ocrx_word' id='word_1_595' title='bbox 1425 5595 1470 5642; x_wconf 80' lang='lat' dir='ltr'><strong>mit</strong></span> <span class='ocrx_word' id='word_1_596' title='bbox 1482 5611 1547 5660; x_wconf 77' lang='lat' dir='ltr'><strong>gana</strong></span> <span class='ocrx_word' id='word_1_597' title='bbox 1564 5593 1668 5642; x_wconf 78' lang='lat' dir='ltr'><strong>dunkler</strong></span> <span class='ocrx_word' id='word_1_598' title='bbox 1684 5595 1759 5642; x_wconf 83' lang='lat' dir='ltr'><strong>Drirte</strong></span> 
     </span>
     <span class='ocr_line' id='line_1_56' title="bbox 84 5663 1761 5731; baseline -0.001 -15"><span class='ocrx_word' id='word_1_599' title='bbox 84 5667 151 5716; x_wconf 73' lang='lat' dir='ltr'><strong>ni&#39;ch!</strong></span> <span class='ocrx_word' id='word_1_600' title='bbox 167 5666 222 5730; x_wconf 79' lang='lat' dir='ltr'><strong>auf</strong></span> <span class='ocrx_word' id='word_1_601' title='bbox 239 5667 322 5714; x_wconf 71' lang='lat' dir='ltr'><strong>Rana</strong></span> <span class='ocrx_word' id='word_1_602' title='bbox 337 5663 491 5731; x_wconf 80' lang='lat' dir='ltr'><strong>gesckriebm,</strong></span> <span class='ocrx_word' id='word_1_603' title='bbox 511 5665 630 5714; x_wconf 72' lang='lat' dir='ltr'><strong>wahrcnd</strong></span> <span class='ocrx_word' id='word_1_604' title='bbox 645 5664 682 5712; x_wconf 84' lang='lat' dir='ltr'><strong>die</strong></span> <span class='ocrx_word' id='word_1_605' title='bbox 699 5664 891 5728; x_wconf 74' lang='lat' dir='ltr'><strong>Konscrfptdinte</strong></span> <span class='ocrx_word' id='word_1_606' title='bbox 904 5664 1005 5730; x_wconf 73' lang='lat' dir='ltr'><strong>galblich</strong></span> <span class='ocrx_word' id='word_1_607' title='bbox 1023 5665 1102 5713; x_wconf 78' lang='lat' dir='ltr'><strong>brmm</strong></span> <span class='ocrx_word' id='word_1_608' title='bbox 1180 5667 1204 5728; x_wconf 90' lang='lat' dir='ltr'><strong>e)</strong></span> <span class='ocrx_word' id='word_1_609' title='bbox 1223 5665 1256 5714; x_wconf 84' lang='lat' dir='ltr'><strong>im</strong></span> <span class='ocrx_word' id='word_1_610' title='bbox 1280 5666 1304 5715; x_wconf 90' lang='lat' dir='ltr'><strong>ie</strong></span> <span class='ocrx_word' id='word_1_611' title='bbox 1321 5666 1437 5730; x_wconf 70' lang='lat' dir='ltr'><strong>hon-igin</strong></span> <span class='ocrx_word' id='word_1_612' title='bbox 1525 5667 1550 5722; x_wconf 77' lang='lat' dir='ltr'><strong>fl</strong></span> <span class='ocrx_word' id='word_1_613' title='bbox 1569 5681 1615 5714; x_wconf 83' lang='lat' dir='ltr'><strong>vor</strong></span> <span class='ocrx_word' id='word_1_614' title='bbox 1631 5663 1658 5715; x_wconf 90' lang='lat' dir='ltr'><strong>St</strong></span> <span class='ocrx_word' id='word_1_615' title='bbox 1678 5668 1761 5714; x_wconf 81' lang='lat' dir='ltr'><strong>Roner</strong></span> 
     </span>
     <span class='ocr_line' id='line_1_57' title="bbox 84 5736 1757 5806; baseline 0.001 -19"><span class='ocrx_word' id='word_1_616' title='bbox 84 5743 111 5804; x_wconf 85' lang='lat' dir='ltr'><strong>g)</strong></span> <span class='ocrx_word' id='word_1_617' title='bbox 131 5736 258 5788; x_wconf 80' lang='lat' dir='ltr'><strong>theilweise</strong></span> <span class='ocrx_word' id='word_1_618' title='bbox 275 5737 327 5802; x_wconf 79' lang='lat' dir='ltr'><strong>aus</strong></span> <span class='ocrx_word' id='word_1_619' title='bbox 340 5741 424 5788; x_wconf 76' lang='lat' dir='ltr'><strong>Ramr</strong></span> <span class='ocrx_word' id='word_1_620' title='bbox 494 5737 522 5804; x_wconf 84' lang='lat' dir='ltr'><strong>h)</strong></span> <span class='ocrx_word' id='word_1_621' title='bbox 541 5753 587 5786; x_wconf 85' lang='lat' dir='ltr'><strong>vor</strong></span> <span class='ocrx_word' id='word_1_622' title='bbox 603 5752 620 5801; x_wconf 87' lang='lat' dir='ltr'><strong>p</strong></span> <span class='ocrx_word' id='word_1_623' title='bbox 638 5739 722 5786; x_wconf 71' lang='lat' dir='ltr'><strong>leam</strong></span> <span class='ocrx_word' id='word_1_624' title='bbox 793 5737 811 5802; x_wconf 92' lang='lat' dir='ltr'><strong>i)</strong></span> <span class='ocrx_word' id='word_1_625' title='bbox 831 5751 862 5784; x_wconf 91' lang='lat' dir='ltr'><strong>en</strong></span> <span class='ocrx_word' id='word_1_626' title='bbox 878 5737 931 5800; x_wconf 75' lang='lat' dir='ltr'><strong>arcs</strong></span> <span class='ocrx_word' id='word_1_627' title='bbox 943 5737 1035 5786; x_wconf 73' lang='lat' dir='ltr'><strong>ltmr.</strong></span> <span class='ocrx_word' id='word_1_628' title='bbox 1054 5777 1105 5782; x_wconf 84' lang='grc'>-</span> <span class='ocrx_word' id='word_1_629' title='bbox 1125 5741 1161 5806; x_wconf 75' lang='grc'><strong>,1)</strong></span> <span class='ocrx_word' id='word_1_630' title='bbox 1186 5737 1264 5801; x_wconf 76' lang='lat' dir='ltr'><strong>Vcrgl,</strong></span> <span class='ocrx_word' id='word_1_631' title='bbox 1283 5738 1320 5786; x_wconf 83' lang='lat' dir='ltr'><strong>die</strong></span> <span class='ocrx_word' id='word_1_632' title='bbox 1341 5737 1400 5788; x_wconf 77' lang='lat' dir='ltr'><strong>Ura</strong></span> <span class='ocrx_word' id='word_1_633' title='bbox 1427 5753 1481 5786; x_wconf 81' lang='lat' dir='ltr'><strong>vom</strong></span> <span class='ocrx_word' id='word_1_634' title='bbox 1501 5741 1515 5787; x_wconf 83' lang='lat'><em>7</em></span> <span class='ocrx_word' id='word_1_635' title='bbox 1536 5737 1663 5787; x_wconf 80' lang='lat' dir='ltr'><strong>December</strong></span> <span class='ocrx_word' id='word_1_636' title='bbox 1682 5739 1757 5794; x_wconf 78' lang='lat'><strong>1153.</strong></span> 
     </span>
    </p>
   </div>
   <div class='ocr_carea' id='block_1_10' title="bbox 0 0 2084 6356">
    <p class='ocr_par' dir='ltr' id='par_1_10' title="bbox 0 0 2084 6356">
     <span class='ocr_line' id='line_1_58' title="bbox 0 0 2084 6356; baseline 0 0"><span class='ocrx_word' id='word_1_637' title='bbox 0 0 2084 6356; x_wconf 95' lang='lat' dir='ltr'><strong> </strong></span> 
     </span>
    </p>
   </div>
  </div>
 </body>
</html>
