4090 6358
291 333 310 408 8

290 532 456 616 privilegia
479 531 638 595 ecclesiae
661 541 788 594 vestrae
812 532 854 595 de
877 531 983 608 rebus,
1014 551 1098 614 quae
1127 539 1287 615 perpetue
1311 531 1475 610 pertinent
1497 529 1539 591 ad
1573 525 1797 610 praebendam
1831 525 1970 592 fratrum

290 631 323 685 et
346 621 506 696 salarium,
530 622 664 703 dignum
689 622 852 696 duximus,
881 622 1030 703 petitioni
1053 621 1250 684 satisfacere.
1297 617 1535 682 Confirmamus
1566 619 1710 699 denique
1741 626 1852 680 nostra
1883 638 1970 700 apo·

290 710 404 774 stolica
435 713 629 773 auctoritate
656 711 751 773 vobis
783 712 911 773 tertiam
944 721 1071 794 partem
1104 718 1256 773 monetae
1285 717 1412 771 vestrae
1446 708 1544 783 urbis,
1576 727 1674 787 quam
1704 708 1798 770 vobis
1829 706 1972 772 contulit

290 799 389 882 Hugo
413 798 688 882 archiepiscopus,
721 808 753 862 et
782 799 966 862 libertatem
990 799 1077 862 illam
1102 801 1144 862 de
1168 797 1321 862 domibus
1344 797 1467 872 vestris,
1498 816 1583 877 quae
1606 804 1682 858 sunt
1705 795 1788 859 inira
1821 798 1971 860 exterius

290 889 475 962 claustrum,
499 897 534 951 ut
557 892 751 968 cuicumque
773 889 974 952 tradideritis
997 890 1048 952 vel
1071 889 1254 962 vendendo,
1278 887 1329 950 vel
1354 886 1598 960 commutando,
1620 888 1689 949 sive
1705 886 1816 948 dando
1840 895 1969 950 tantum

289 980 435 1041 eiusdem
461 977 619 1041 ecclesiae
642 980 811 1054 canonico,
835 979 971 1041 licenter
993 977 1114 1042 habeat
1137 981 1208 1040 sine
1224 977 1485 1040 contradictione
1501 973 1740 1057 archiepiscopi
1757 983 1814 1038 aut
1829 975 1968 1039 alicuius

290 1087 458 1150 personae.
492 1065 526 1130 Si
551 1087 630 1130 vero
654 1069 806 1130 intestata
830 1071 1029 1142 remanserit,
1052 1069 1093 1130 sit
1116 1069 1148 1130 in
1165 1074 1330 1150 potestate
1345 1065 1460 1129 decani
1476 1065 1579 1128 sancti
1596 1063 1727 1126 loannis
1743 1065 1970 1146 evangelistae

290 1166 324 1220 et
358 1156 509 1230 fratrum,
549 1156 751 1219 conferenda
788 1159 982 1237 cuicumque
1012 1158 1054 1220 ad
1093 1157 1265 1220 utilitatem
1304 1154 1459 1218 eeclesiae
1489 1155 1630 1216 viderint
1661 1172 1733 1216 esse
1775 1157 1969 1230 necessaria,

290 1245 474 1308 molendina
498 1245 605 1319 etiam,
630 1248 739 1308 vinum
764 1245 846 1308 inira
869 1245 1005 1308 insulam
1029 1246 1125 1322 urbis,
1151 1266 1215 1327 que
1235 1248 1262 1324 ²)
1287 1245 1402 1307 dicitur
1425 1243 1517 1326 Ripa,
1548 1242 1635 1305 aliud
1661 1251 1755 1305 extra
1779 1263 1843 1305 non
1867 1243 1969 1326 longe

291 1337 321 1396 in
352 1335 451 1408 sonte,
489 1337 545 1416 qui
577 1342 713 1397 vocatur
744 1336 873 1410 Batem,
906 1334 1015 1398 villam
1046 1335 1211 1398 Poiiacum
1244 1355 1318 1396 cum
1351 1331 1489 1396 ecclesia
1518 1332 1620 1394 sancti
1644 1330 1756 1394 Albini
1787 1341 1820 1394 et
1851 1352 1968 1396 manso

290 1425 533 1497 indominicato,
564 1425 658 1486 terris
682 1422 775 1486 cultis
800 1432 832 1486 et
855 1425 999 1500 incultis,
1032 1425 1142 1501 vineis,
1174 1425 1282 1506 pratis,
1313 1425 1452 1505 pascuis,
1482 1421 1590 1502 sylvis,
1621 1423 1733 1497 servis,
1765 1420 1898 1496 ancillis,
1922 1423 1967 1484 ad

290 1514 411 1576 dictam
442 1512 549 1575 villam
582 1513 826 1593 pertinentibus,
857 1512 962 1576 villarn
995 1515 1097 1576 sancti
1127 1511 1194 1576 Viti
1225 1533 1298 1576 cum
1330 1512 1468 1575 ecclesia
1503 1520 1537 1574 et
1569 1511 1722 1573 omnibus
1753 1511 1968 1593 appendiciis,

289 1603 460 1665 ecclesiam
484 1602 516 1664 in
541 1601 704 1664 Marciaco
728 1604 760 1664 in
783 1602 909 1666 honore
933 1603 1020 1666 beati
1046 1601 1178 1665 Martini
1202 1622 1274 1665 cum
1300 1601 1437 1664 decimis
1461 1609 1494 1663 et
1522 1599 1675 1662 omnibus
1705 1600 1908 1682 appendiciis
1933 1609 1968 1662 et

291 1711 422 1754 mansos
457 1691 615 1772 quinque,
658 1698 758 1772 atque
789 1690 897 1754 villam
930 1689 1061 1755 Serram
1097 1712 1171 1754 cum
1207 1691 1343 1754 ecclesia
1373 1692 1404 1752 in
1444 1687 1570 1752 honore
1606 1691 1709 1751 sancti
1740 1688 1901 1752 Desiderii
1934 1699 1968 1753 et

291 1779 444 1843 omnibus
467 1780 668 1862 appendiciis
703 1781 786 1856 suis,
820 1779 926 1843 villam
960 1780 1148 1844 Cussiacum
1174 1800 1246 1843 cum
1271 1779 1422 1843 omnibus
1446 1779 1649 1860 pertinentiis
1679 1779 1764 1852 suis,
1798 1786 1832 1840 et
1862 1778 1968 1843 eccle·

290 1871 371 1932 siam
400 1876 587 1931 sanctorum
611 1870 746 1950 Benigni
777 1879 810 1932 et
832 1870 995 1945 Andreae,
1026 1890 1124 1952 quam
1149 1869 1248 1952 Hugo
1280 1868 1546 1950 archiepiscopus
1570 1887 1589 1928 a
1613 1867 1774 1930 beneficio
1809 1866 1966 1930 laicorum

290 1959 451 2021 abstraxit
487 1966 519 2019 et
552 1958 762 2040 praebendae
795 1958 930 2021 lratrum
962 1959 1108 2034 eontulit,
1141 1979 1268 2021 necnon
1303 1957 1411 2020 villam
1444 1958 1624 2020 Boniaeum
1656 1976 1729 2019 cum
1763 1955 1901 2020 ecclesia
1933 1959 1967 2020 in

291 2047 416 2110 honore
446 2047 548 2109 sancti
579 2044 737 2128 Stephani
770 2056 803 2110 et
834 2047 969 2130 Agapiti
1002 2069 1076 2112 cum
1110 2049 1262 2111 omnibus
1293 2046 1501 2129 appendiciis
1532 2048 1613 2120 suis,
1644 2044 1754 2108 villam
1779 2043 1967 2109 Cusliacunr

290 2157 364 2198 cum
395 2134 468 2198 villa
496 2135 688 2199 Romanella
719 2145 753 2199 et
787 2136 975 2212 ecclesiam,
1018 2158 1117 2218 quam
1148 2137 1210 2212 ibi,
1245 2157 1264 2200 a
1299 2155 1335 2198 se
1363 2135 1584 2210 aedificatam,
1631 2135 1834 2198 consecravit
1865 2134 1966 2217 Hugo

291 2224 558 2307 archiepiscopus
591 2227 622 2287 in
652 2224 777 2288 honore
808 2225 933 2288 Autidii
970 2246 1043 2288 cum
1083 2225 1234 2289 omnibus
1276 2225 1478 2307 appendiciis
1509 2226 1590 2299 suis,
1638 2223 1807 2287 ecclesiam
1848 2225 1968 2288 beatae

291 2314 414 2377 Mariae
439 2313 652 2396 Magdalenae
676 2317 708 2377 in
724 2316 877 2378 Bisuntio
901 2316 942 2378 ad
966 2315 1152 2378 thesaurum
1176 2323 1318 2378 vestrum
1337 2312 1758 2397 pertinentemecclesiam
1781 2315 1813 2375 in
1829 2315 1969 2395 gradico

290 2405 392 2466 sancti
416 2403 558 2466 Mauritii
590 2424 663 2466 cum
694 2406 899 2486 appendiciis
928 2405 992 2466 suis
1017 2414 1049 2468 et
1079 2405 1216 2467 decimis
1248 2407 1279 2467 in
1308 2403 1381 2466 villa
1404 2402 1592 2485 Agmeslae,
1624 2412 1657 2465 et
1688 2404 1721 2465 in
1744 2403 1902 2466 Brusiaco
1936 2413 1969 2466 et

290 2491 477 2557 Averniaco
502 2493 662 2574 quidquid
687 2493 841 2556 collatum
866 2503 915 2556 est
939 2514 1000 2576 pro
1022 2494 1190 2557 Leutardo
1214 2493 1335 2556 comite
1358 2495 1390 2555 in
1413 2489 1542 2566 Solinis,
1572 2492 1744 2555 ecclesiam
1778 2494 1809 2555 in
1841 2491 1969 2555 honore

290 2584 396 2646 sancti
420 2583 560 2645 Maurilii
591 2603 664 2645 cum
697 2583 847 2646 omnibus
878 2584 1088 2666 appendiciis,
1119 2586 1150 2645 in
1182 2583 1298 2646 eadem
1330 2580 1404 2645 villa
1434 2581 1593 2644 caldarias
1622 2582 1704 2643 duas
1736 2582 1776 2644 ad
1810 2581 1858 2644 sal
1891 2602 1969 2644 con·

293 2671 475 2746 ficiendum,
500 2672 531 2732 in
555 2671 630 2734 villa
654 2670 832 2735 Pontiliaco
857 2671 1027 2734 ecclesiam
1052 2674 1154 2736 sancti
1180 2672 1326 2736 Mauricii
1351 2691 1423 2733 cum
1447 2672 1585 2733 decimis
1609 2681 1642 2732 et
1666 2671 1819 2733 omnibus
1842 2691 1970 2754 appen-

292 2762 394 2836 diciis,
427 2761 458 2822 in
481 2759 555 2821 villa
580 2758 722 2823 Cuniaco
755 2761 924 2824 ecclesiam
957 2762 988 2823 in
1018 2761 1176 2824 honorem
1208 2761 1310 2823 sancti
1333 2758 1453 2822 Valerii
1483 2779 1558 2822 cum
1588 2760 1724 2823 decimis
1755 2769 1788 2822 et
1818 2760 1970 2823 omnibus

291 2851 356 2913 suis
380 2850 592 2931 pertinentiis,
615 2849 728 2912 altaria
745 2870 822 2913 vero
845 2853 1104 2933 supradictarum
1128 2849 1347 2922 ecclesiarum,
1372 2848 1517 2930 eulogias
1541 2857 1573 2910 et
1598 2857 1727 2932 paratas
1751 2850 1791 2912 ad
1809 2849 1968 2918 rationem

292 2938 437 3020 episcopi
461 2958 503 3001 ex
526 2939 640 3001 iisdem
665 2938 810 3002 ecclesiis
834 2941 1043 3022 pertinentes,
1071 2939 1166 3002 vobis
1189 2938 1297 3022 Hug0‚
1321 2937 1404 3000 filius
1428 2947 1552 3013 noster,
1582 2959 1643 3019 per
1667 2959 1796 3001 manum
1822 2947 1969 3002 nostram

292 3029 434 3104 coniert,
466 3037 501 3090 ut
524 3030 627 3090 nostri
652 3031 809 3091 memoria
832 3049 964 3112 semper
993 3029 1160 3092 habeatur.
1206 3028 1394 3091 Laudamus
1426 3030 1525 3090 etiam
1556 3028 1649 3090 vobis
1679 3026 1836 3110 capellam
1867 3030 1970 3090 sancti

293 3115 443 3199 Gengulfi
467 3117 509 3180 de
531 3118 605 3180 villa
620 3116 801 3181 Roloniaco
826 3139 900 3181 cum
923 3119 1023 3193 altari,
1046 3118 1179 3181 decimis
1202 3119 1334 3198 suisque
1359 3118 1520 3180 omnibus.
1566 3117 1658 3180 Haec
1675 3117 1784 3181 omnia
1800 3117 1971 3200 praedicta

293 3227 366 3270 cum
390 3205 447 3280 his,
472 3227 557 3288 quae
579 3207 755 3289 possidetis
779 3228 864 3270 nunc
887 3207 939 3270 vel
963 3211 994 3270 in
1019 3216 1114 3270 antea
1137 3208 1318 3290 possessuri
1343 3207 1428 3282 estis,
1453 3214 1563 3269 nostra
1587 3207 1769 3289 apostolica
1793 3209 1971 3270 autoritate

292 3297 386 3359 vobis
411 3293 641 3358 confirmamus
672 3304 705 3359 et
728 3296 899 3359 laudamus
923 3307 964 3373 et,
997 3307 1032 3359 ut
1061 3299 1171 3377 quiete
1203 3304 1237 3358 et
1265 3297 1457 3358 inconcusse
1485 3297 1631 3372 teneatis,
1661 3295 1811 3359 habeatis
1835 3304 1869 3358 et
1893 3317 1971 3379 pos·

292 3386 434 3460 sideatiS,
457 3384 519 3447 sub
543 3386 687 3447 eiusdem
712 3389 893 3448 autoritatis
917 3385 1118 3469 apostolicae
1141 3384 1270 3449 vinculo
1295 3384 1474 3466 alligamus,
1498 3405 1539 3447 ne
1563 3389 1635 3467 quis
1658 3387 1778 3449 audeat
1800 3384 1852 3448 vel
1875 3406 1971 3466 prae-

292 3483 409 3550 sumat,
432 3473 589 3537 ecclesiae
612 3482 740 3537 vestrae
756 3475 807 3537 vel
824 3476 920 3538 vobis
943 3477 986 3538 de
1010 3476 1108 3538 rebus
1132 3474 1318 3557 praelibatis
1334 3494 1462 3549 nocere,
1485 3474 1547 3536 sub
1566 3475 1595 3548 b)
1620 3476 1729 3538 banno
1752 3475 1856 3537 sancti
1872 3475 1970 3550 Petri,

292 3562 520 3646 apostolorum
533 3565 698 3646 principia,
716 3565 945 3626 interdicimus.
978 3561 1115 3645 Quodsi
1132 3566 1204 3644 quis
1221 3565 1402 3626 inscusatus
1419 3562 1482 3626 hoc
1499 3572 1625 3627 tentare
1638 3567 1895 3646 praesumpserit
1907 3572 1970 3626 etc.

452 3651 573 3715 Datum
584 3665 645 3714 xvi
657 3652 824 3716 Kalendas
841 3652 1046 3730 Decembris,
1063 3673 1123 3736 per
1139 3673 1251 3716 manus
1263 3652 1358 3726 Petri,
1375 3652 1503 3715 diaconi
1519 3662 1553 3715 et
1569 3652 1749 3717 cancellarii
1765 3653 1971 3735 apostolicae

291 3742 386 3804 sedis.
432 3741 532 3804 Anno
557 3743 669 3805 domni
692 3742 815 3806 Leonis
838 3756 875 3805 1x
900 3751 1008 3826 papae
1031 3756 1051 3804 1.
1098 3744 1283 3806 indictione
1307 3755 1353 3804 111.

451 3855 575 3922 Alscan'st
591 3857 635 3906 der
656 3857 715 3910 Coll.
735 3855 836 3906 Moreau
854 3859 907 3907 866
917 3858 970 3921 sol.
988 3859 1046 3915 416,
1066 3856 1092 3906 in
1111 3857 1155 3906 der
1174 3855 1236 3906 Bibl.
1255 3855 1383 3904 nationale
1400 3872 1429 3905 su
1449 3855 1529 3906 Paris.

1062 4140 1129 4216 Nr.
1162 4145 1195 4216 9.

293 4291 355 4355 Leo
378 4289 435 4354 IX
459 4292 575 4356 nimmt
598 4289 659 4356 das
686 4291 842 4355 romische
869 4287 999 4354 Kloster
1023 4291 1206 4373 Ambronay
1228 4289 1287 4371 (D.
1315 4291 1419 4374 Lyon)
1445 4287 1479 4356 in
1508 4289 1737 4374 apostolisclren
1762 4289 1881 4356 Sclzutz
1902 4293 1975 4356 und

686 4381 836 4464 bestiittgt
848 4381 936 4444 scine
954 4379 1182 4444 Gereclztsame
1200 4380 1270 4443 und
1283 4379 1520 4444 Besitztlu'ae'mer
1536 4383 1572 4461 ¹).

997 4517 1080 4577 1050
1095 4513 1197 4598 April
1211 4517 1262 4578 30.

449 4647 556 4716 PLeo
574 4647 758 4730 episcopus
782 4669 892 4711 servus
909 4669 1075 4712 servorum
1092 4650 1153 4726 dei,
1178 4649 1322 4726 Dudoni‚
1347 4649 1461 4712 abbati
1483 4651 1671 4712 monasterii
1694 4650 1791 4738 beate
1810 4650 1969 4726 Mariae,

292 4739 426 4819 eiusque
458 4738 715 4819 congregationi,
737 4734 741 4820 l
764 4738 853 4819 quod
887 4749 936 4801 est
967 4739 1065 4801 situm
1101 4740 1133 4801 in
1158 4740 1248 4815 loco,
1283 4741 1338 4820 qui
1372 4740 1491 4801 dicitur
1521 4738 1764 4803 Ambroniacus
1798 4741 1830 4802 in
1866 4741 1971 4802 archi·

291 4827 456 4909 presulatu
493 4826 721 4907 Lugdunensi,
755 4828 787 4888 in
820 4827 937 4889 eodem
970 4827 1147 4891 venerabili
1181 4828 1321 4916 cenobio
1351 4829 1387 4890 in
1420 4838 1624 4909 perpetuum.
1649 4826 1716 4912 —l
1748 4829 1805 4891 Ad
1840 4840 1971 4892 nostras

292 4917 441 4998 pervenit
463 4936 565 4989 aures,
597 4915 772 5001 cenobium
796 4915 1065 4992 Ambroniacum,
1090 4939 1109 4979 a
1131 4929 1246 4980 sancto
1270 4917 1439 4981 Bamardo
1468 4917 1648 4992 fundatum,
1681 4929 1794 5006 sancte
1817 4919 1971 5006 Romane

292 5006 428 5092 ecclesie
451 5005 538 5066 sedis
571 5004 752 5090 apostolice
784 5005 951 5068 subditum
983 5005 1027 5067 ob
1051 5001 1278 5091 humili[mam]
1300 5011 1327 5086 c)
1352 5007 1535 5092 reverencie
1563 5009 1760 5071 servitutem.
1807 5009 1971 5070 Novimus

292 5115 434 5176 quoque,
459 5093 574 5175 Sergio
598 5113 687 5175 papa
711 5093 954 5169 corroborante,
978 5096 1201 5176 supradictum
1226 5097 1334 5158 locum
1359 5095 1517 5158 libertatis
1540 5096 1687 5177 vigorem
1711 5098 1754 5160 ob
1779 5099 1971 5160 servitutem

291 5185 477 5246 Romanam
502 5182 691 5258 obtinuisse,
717 5183 841 5265 quippe
865 5203 938 5245 cum
963 5184 1062 5246 beato
1086 5185 1211 5247 Petro
1235 5187 1364 5259 servire,
1389 5184 1448 5269 celi
1481 5185 1611 5247 ianuam
1634 5187 1676 5248 sit
1700 5187 1834 5269 aperire.
1881 5186 1970 5266 Qua·

292 5283 429 5355 propter
452 5291 525 5334 cum
549 5272 637 5333 idem
662 5271 752 5332 locus
768 5273 920 5335 articulus
940 5271 970 5351 d)
994 5275 1035 5336 sit
1059 5276 1205 5355 corporis
1229 5275 1315 5361 dicte
1339 5274 1491 5336 videlicet
1515 5275 1696 5362 apostolice
1717 5276 1804 5338 sedis
1837 5284 1870 5338 et
1894 5296 1971 5338 cum

292 5363 403 5424 omnia
426 5359 574 5423 membra
597 5360 755 5442 impleant
779 5361 889 5424 officia
911 5382 977 5436 sua,
1008 5364 1090 5425 etsi
1114 5384 1214 5425 unum
1239 5364 1422 5426 membrum
1446 5363 1545 5438 dolet,
1571 5363 1701 5426 aliunde
1725 5366 1973 5446 compatiuntur

452 5557 476 5616 a)
497 5555 538 5619 qui
628 5553 655 5618 b)
675 5554 712 5603 ius
803 5555 827 5618 c)
847 5557 906 5621 Auf
919 5555 990 5614 Loci,
1009 5556 1127 5616 rinsiclrer,
1146 5572 1170 5606 es
1187 5555 1278 5606 scheint
1301 5557 1338 5606 ein
1357 5557 1423 5606 iarn
1445 5556 1555 5606 Schlusse
1572 5573 1602 5606 ru
1619 5557 1696 5608 stelen
1787 5561 1813 5623 d)
1836 5560 1881 5608 das
1899 5567 1908 5609 t
1928 5560 1973 5610 mr't

295 5626 504 5692 obstringe-
524 5625 655 5690 ,1)Νἰτ1ι1
686 5625 832 5690 schlerloser
856 5627 943 5676 Dmcck
971 5629 1028 5676 und
1055 5629 1207 5678 vrrkler'mrtc
1235 5629 1404 5695 Photogrnplrie
1434 5645 1482 5678 vora
1506 5630 1554 5680 Dr.
1583 5627 1699 5689 Marche',
1731 5632 1919 5693 Reproductions
1943 5634 1972 5681 de

291 5699 395 5747 Damna.
421 5697 505 5763 ongirt.
532 5713 583 5746 arce
605 5696 713 5746 archivcs
738 5699 767 5746 de
791 5698 861 5748 Μῖνι
889 5699 936 5748 Νν.
957 5703 980 5757 1,
1007 5700 1102 5748 seltener
1135 5701 1212 5751 Wcrk.
1249 5700 1330 5750 Ericen
1357 5701 1427 5751 Tlreil
1448 5702 1491 5750 der
1515 5700 1632 5750 Urkunde
1653 5703 1707 5751 liess
1730 5704 1779 5751 mir
1801 5703 1974 5767 sraendlr'chst

291 5769 360 5819 Herr
376 5768 499 5818 Archivar
517 5769 703 5819 Brosarelle
721 5770 895 5834 durrlrpaurerr,
915 5771 967 5820 dem
986 5771 1023 5818 iclr
1041 5771 1103 5820 aucit
1122 5772 1219 5820 Notion
1236 5773 1364 5822 aserdanke.
