4126 6366
1682 305 1742 373 375

63 499 132 560 que
156 481 242 542 inter
265 500 325 544 vos
348 488 381 543 et
405 475 702 564 G(arsendonium),
728 480 895 561 quondam
916 481 1132 544 Mantuanum
1155 480 1348 563 episcopum
1368 478 1400 564 ¹),
1424 501 1522 563 super
1544 481 1663 563 polisio
1687 503 1747 545 suo

64 580 102 633 et
123 569 264 652 piscaria
287 580 322 633 et
343 571 497 633 omnibus
517 566 553 654 a),
579 589 643 651 que
665 567 782 632 habuit
805 571 837 632 in
854 569 958 632 insula
972 571 1075 632 sancti
1092 570 1261 633 Benedicti
1280 570 1495 633 amicabiliter
1513 568 1541 654 b)
1558 573 1746 647 intercessit,

64 661 152 723 sicut
174 659 247 722 sine
269 659 430 740 pravitate
455 659 497 722 de
519 658 688 721 voluntate
711 660 853 740 partium
877 659 1059 722 celebratus
1082 669 1140 734 est,
1165 660 1328 740 utrimque
1352 669 1502 741 receptus
1518 661 1600 724 etin
1623 662 1747 743 scripto

63 750 237 814 autentico
261 749 447 812 continetur
468 761 501 812 et
531 749 726 811 auctoritate
756 748 845 811 bone
876 749 1033 811 memorie
1057 743 1263 832 .l(ohannis),
1298 747 1466 830 quondam
1489 748 1535 811 tit
1559 757 1747 814 sanctorum

63 837 224 901 Iohannis
247 848 281 901 et
302 838 393 901 Pauli
410 834 444 922 ²),
469 849 502 901 et
525 833 748 920 hidebrandi),
771 837 906 901 basilice
922 836 1098 900 duodecim
1115 835 1355 919 Apostolorum
1380 838 1592 901 cardinalium
1610 835 1644 924 ³),
1668 859 1746 921 apo-

63 928 183 992 stolice
199 927 287 990 sedis
302 926 493 1008 legatomm,
512 927 622 990 extitit
637 925 855 1003 confirmatus,
877 927 1071 990 auctoritate
1079 923 1278 1008 Apostolica
1294 925 1523 990 confirmamus
1540 937 1573 991 et
1587 929 1748 1010 presentis

63 1017 180 1099 scripti
205 1017 389 1099 patrocinio
406 1017 655 1080 communimus.
694 1013 781 1079 Nulli
803 1036 882 1098 ergo
898 1017 1034 1079 omnino
1050 1015 1223 1078 hominum
1238 1016 1343 1090 liceat,
1367 1016 1452 1078 hanc
1467 1018 1622 1098 paginam
1639 1025 1748 1081 nostre

64 1105 328 1170 confirmationis
344 1105 519 1186 infringere
534 1105 586 1168 vel
607 1105 635 1169 ei
660 1125 739 1168 ausu
763 1107 936 1169 temerario
960 1106 1130 1168 contraire.
1177 1102 1211 1167 Si
1236 1107 1309 1187 quis
1332 1113 1441 1168 autem
1464 1105 1529 1168 hoc
1551 1113 1747 1189 attemptare

64 1196 313 1278 presumpserit,
338 1195 598 1277 indignationem
621 1195 861 1276 omnipotentis
884 1196 936 1258 dei
960 1204 994 1256 et
1017 1194 1190 1257 beatorum
1210 1189 1215 1278 l
1235 1195 1320 1257 Petri
1344 1204 1377 1257 et
1399 1193 1498 1270 Pauli,
1521 1197 1746 1276 apostolorum

65 1287 153 1360 eius,
187 1303 223 1348 se
254 1285 383 1348 noverit
414 1285 625 1348 incursurum.
649 1319 693 1330 —-
716 1285 793 1348 Dat.
820 1285 983 1360 Laterani,
1014 1295 1052 1346 xl
1074 1284 1128 1345 Kl.
1150 1284 1231 1346 Iulii.
1283 1283 1495 1348 Pontificatus
1526 1287 1627 1348 nostri
1659 1306 1746 1349 anno

64 1375 225 1437 secundo
1163 1379 1166 1386 ’

233 1488 277 1538 Or.
294 1487 328 1537 int
344 1487 460 1538 Archivio
476 1488 503 1536 di
520 1487 587 1538 Stolo
605 1504 635 1537 nu
654 1486 778 1538 Mar'land.
1536 1509 1541 1520 ·

231 1559 302 1626 Ρη.
320 1561 381 1620 ital,
399 1561 434 1610 br.
454 1560 523 1620 0,23,
542 1561 604 1626 lang
619 1560 708 1620 0305,
727 1565 802 1609 rerem
821 1558 882 1620 0‚02
901 1559 1094 1625 umgeschlagen,
1122 1559 1200 1610 durch
1224 1558 1283 1608 :wei
1305 1559 1398 1610 Lirim
1417 1560 1475 1625 geli!
1499 1557 1538 1608 die
1562 1557 1747 1621 Seriienscinun

64 1632 139 1682 dem
157 1631 285 1698 Bler'riegel
299 1633 416 1692 verhren,
436 1630 547 1696 Fallung
564 1632 608 1680 der
625 1631 728 1681 Breven.

815 1915 883 1991 Nr.
913 1918 1003 1992 432.

71 2046 222 2112 Clemens
239 2047 305 2112 III
321 2046 447 2132 befiehlt
467 2046 542 2110 dem
557 2046 638 2112 Abte
652 2069 713 2111 von
728 2045 797 2112 San
813 2047 983 2113 Salvatore
1004 2049 1043 2113 di
1063 2046 1304 2127 Castellamare,
1321 2049 1355 2114 in
1371 2048 1522 2132 Zukunst
1538 2049 1631 2116 keine
1649 2050 1750 2116 Griter

455 2137 550 2200 melre
562 2137 637 2202 dem
652 2137 790 2202 Kloster
802 2159 877 2202 aum
893 2138 1089 2204 Nachtlzeile
1103 2159 1143 2202 zu
1158 2139 1367 2218 entsremden.

640 2255 724 2316 1189
740 2252 923 2318 November
935 2257 991 2319 26.
1022 2253 1173 2318 Lateran.

232 2367 400 2433 CLEMENS
423 2368 608 2451 episcopus,
640 2391 751 2434 servus
772 2390 940 2436 servorum
964 2371 1026 2447 dei,
1058 2370 1178 2434 dilecto
1202 2369 1278 2448 filio,
1302 2371 1417 2440 abbati
1440 2371 1544 2436 sancti
1568 2371 1746 2436 Salvatoris

64 2459 97 2523 in
129 2458 275 2524 Castello
306 2459 404 2521 maris
419 2456 461 2543 ⁴),
492 2459 632 2522 salutem
665 2471 699 2524 et
728 2459 959 2547 apostolilcam
989 2460 1263 2524 benedictionem.
1309 2460 1444 2524 Prelatis
1473 2461 1682 2525 ecclesiarum
1713 2463 1747 2524 in

66 2549 167 2613 rebus
200 2548 429 2612 ecclesiasticis
468 2548 684 2629 disponendis
720 2570 881 2614 summam
912 2551 1067 2613 convenit
1097 2549 1300 2631 diligentiam
1338 2550 1496 2615 adhibere
1529 2547 1594 2634 let
1622 2551 1747 2614 eisdem

65 2639 229 2714 imminet,
253 2657 329 2700 cura
350 2637 440 2719 vigili
464 2647 498 2700 et
519 2637 739 2702 sollicitudine
762 2659 944 2721 precavere,
973 2659 1014 2702 ne
1038 2639 1216 2721 quicquam
1239 2640 1280 2702 de
1310 2639 1408 2704 bonis
1438 2639 1615 2704 earundem
1645 2640 1747 2704 eccle·

64 2730 192 2791 siarum
214 2729 248 2790 in
272 2727 416 2808 ipsarum
440 2746 574 2790 enorme
598 2728 807 2810 dispendium
831 2730 983 2792 alienent.
1029 2729 1180 2791 Pervenit
1195 2729 1329 2810 quidem
1345 2730 1388 2792 ad
1404 2750 1474 2806 nos,
1498 2729 1589 2812 quod
1612 2729 1747 2812 quidam

65 2817 179 2880 clerici
203 2824 237 2880 et
259 2817 411 2879 homines
434 2815 488 2879 alii
511 2818 738 2899 possessiones
761 2829 795 2881 et
818 2819 882 2881 alia
904 2818 994 2882 bona
1016 2818 1062 2881 tui
1087 2819 1274 2881 monasterii
1295 2819 1453 2882 violentia
1484 2828 1517 2882 et
1546 2819 1617 2882 aliis
1640 2819 1747 2882 modis

66 2906 191 2970 illicitis
214 2905 366 2969 obtinere
388 2906 541 2970 nituntur.
587 2906 746 2970 Volentes
770 2908 875 2988 igitur,
898 2908 1006 2970 eidem
1030 2907 1229 2971 monasterio
1253 2907 1344 2971 iuxta
1365 2909 1467 2971 nostri
1484 2907 1584 2971 officii
1600 2908 1748 2973 debitum

66 3003 210 3078 patema
232 2995 452 3059 sollicitudine
474 2995 657 3077 providere,
682 2996 869 3059 discretioni
892 3004 948 3060 tue
964 2997 1159 3060 mandamus
1175 3007 1274 3079 atque
1290 2997 1489 3080 precipimus
1505 3005 1537 3060 et
1554 2999 1747 3061 auctoritate

66 3083 270 3168 presentium
300 3083 500 3161 inhibemus,
531 3105 573 3148 ne
597 3085 639 3148 de
663 3095 772 3149 cetero
797 3086 829 3148 in
854 3105 1020 3149 enormem
1044 3086 1202 3150 iacturam
1232 3086 1278 3149 tui
1311 3087 1497 3150 monasterii
1522 3087 1747 3168 possessiones

65 3186 103 3238 et
126 3175 220 3238 bona
242 3174 344 3256 ipsius
366 3173 509 3237 alienare
536 3193 714 3256 presumas.
759 3174 847 3238 Nulli
871 3195 950 3258 ergo
974 3175 1110 3238 omnino
1141 3175 1312 3238 hominum
1342 3176 1446 3251 liceat,
1475 3173 1561 3239 hanc
1592 3177 1748 3258 paginam

66 3263 277 3327 inhibitionis
292 3273 403 3326 nostre
418 3262 594 3345 infringere
608 3263 660 3327 vel
676 3264 705 3326 ei
722 3284 802 3327 ausu
818 3265 992 3328 temerario
1008 3264 1176 3328 contraire.
1204 3261 1239 3328 Si
1257 3266 1329 3346 quis
1345 3275 1455 3328 autem
1470 3264 1536 3329 hoc
1551 3272 1749 3346 attemptare

67 3352 317 3435 presumpserit,
347 3353 609 3434 indignationem
640 3355 876 3435 omnipotentis
908 3354 961 3417 dei
985 3365 1019 3418 et
1040 3354 1214 3418 beatorum
1236 3354 1322 3427 Petri
1346 3365 1380 3418 et
1401 3354 1501 3430 Pauli,
1523 3354 1748 3436 apostolorum

67 3443 149 3520 eius,
178 3440 183 3527 Ι
209 3463 246 3506 se
276 3443 405 3506 noverit
436 3443 711 3506 incursurum-
735 3441 812 3506 Dat.
835 3444 1005 3520 Laterani,
1035 3457 1073 3506 vl
1095 3442 1150 3505 Kl.
1175 3442 1350 3507 Decembr.
1402 3442 1615 3508 Pontificatus
1646 3443 1747 3506 nostri

66 3553 158 3596 anno
183 3531 338 3595 secundo.

235 3644 279 3697 Or.
297 3643 456 3711 (Pergamenae
470 3645 567 3712 senne),
585 3645 619 3696 tin
636 3645 750 3698 Aetnen
767 3644 795 3694 di
810 3645 878 3694 Staio
895 3661 924 3694 ru
942 3645 1039 3711 ll'eapel.

233 3717 304 3784 Ρη.
321 3717 382 3778 rial,
400 3718 436 3768 br.
456 3719 508 3778 0,2,
525 3720 586 3784 laaerg
604 3719 689 3778 0,134,
716 3725 792 3768 rouen
816 3719 892 3777 uoti
918 3719 1109 3782 mgescnlagen
1137 3716 1215 3767 durch
1232 3719 1250 3767 2
1268 3715 1361 3767 L'o'clrer
1382 3718 1440 3782 geli!
1463 3716 1500 3766 die
1521 3717 1589 3782 gelbe
1612 3717 1669 3766 und
1692 3731 1748 3766 rosa

65 3787 238 3858 (verble‘ciene)
258 3789 442 3851 Seideersrlrem,
459 3789 531 3840 deren
550 3789 675 3855 Bler'siegel
688 3791 804 3849 verlmn,
823 3789 932 3856 Fauung
948 3790 991 3839 der
1007 3789 1109 3838 Breven.

815 4074 883 4149 Nr.
913 4078 1002 4150 433.

71 4207 222 4272 Clemens
239 4207 304 4272 III
321 4206 506 4290 beauflragt
518 4206 580 4270 den
597 4206 739 4287 Btschof
748 4227 808 4271 von
823 4207 973 4291 Albenga
998 4205 1068 4271 und
1087 4207 1142 4271 die
1158 4205 1254 4271 Aebte
1275 4227 1335 4272 von
1359 4205 1464 4271 Santa
1479 4205 1594 4272 Maria
1619 4205 1677 4271 del
1696 4205 1747 4270 Ti-

58 4299 166 4382 glieto
181 4297 241 4380 (1).
248 4297 394 4383 Savona)
410 4296 480 4360 und
492 4294 561 4360 San
577 4296 721 4379 Benigno
735 4296 775 4360 di
791 4295 931 4376 Genava,
945 4295 1000 4361 die
1014 4296 1211 4361 Streitsaclre
1225 4297 1384 4362 ewischen
1399 4295 1460 4360 der
1471 4295 1666 4360 Domkirclte
1681 4296 1749 4359 und

65 4387 131 4452 der
147 4386 272 4452 Kirclze
287 4385 389 4451 Santa
405 4385 520 4451 Maria
543 4385 581 4450 di
601 4383 739 4449 Castello
762 4387 796 4450 in
814 4385 945 4450 Genava
966 4406 1078 4471 wegen
1101 4386 1162 4450 der
1177 4386 1299 4451 Kirclze
1321 4407 1382 4450 von
1398 4385 1486 4450 Molo
1508 4385 1691 4468 beieulegen
1707 4386 1745 4472 ⁵).

661 4503 744 4565 1189
760 4500 936 4566 December
948 4503 978 4565 9.
1011 4502 1161 4565 Lateran.

230 4618 382 4684 Clemens
405 4617 589 4700 episcopus,
614 4639 724 4682 servus
747 4639 914 4682 servorum
938 4618 1000 4694 dei,
1025 4616 1217 4700 Albingano
1242 4617 1401 4701 episcopo
1418 4615 1443 4702 ε)
1467 4627 1499 4680 et
1523 4616 1650 4680 dilectis
1674 4615 1747 4680 filiis

67 4712 109 4774 de
125 4709 250 4773 Tilieto
268 4707 291 4790 ²)
314 4718 348 4772 et
362 4708 466 4771 sancti
482 4707 621 4789 Benigni
638 4708 824 4784 abbatibus,
847 4709 986 4772 salutem
1003 4719 1037 4771 et
1059 4708 1277 4790 apostolicam
1293 4707 1570 4771 benedictionem.
1596 4705 1746 4780 Causam,

67 4818 132 4880 que
156 4799 292 4862 vertitur
314 4799 399 4861 inter
420 4797 593 4860 ecclesiam
615 4799 719 4860 sancti
735 4797 901 4862 Laurentii
926 4804 959 4860 et
979 4797 1151 4860 ecclesiam
1168 4807 1280 4860 sancte
1297 4797 1400 4858 Marie
1416 4797 1458 4858 de
1474 4793 1617 4859 Castello
1649 4815 1747 4877 super

66 4889 243 4952 ecclesiam
265 4888 308 4951 de
331 4886 476 4962 Module,
498 4896 605 4950 vestre
627 4886 779 4951 duximus
803 4887 1005 4968 experientie
1026 4886 1306 4961 committendam,
1329 4885 1557 4949 attestationes
1580 4885 1747 4965 utriusque

67 4979 180 5060 partis,
214 4977 247 5040 in
270 4977 388 5040 eadem
419 4995 517 5038 causa
546 4986 704 5058 receptas,
733 4976 828 5040 vobis
858 4975 901 5038 ad
933 4977 1157 5058 cognitionem
1186 4976 1287 5058 ipsius
1319 4975 1441 5056 negotii
1473 4974 1655 5056 pleniorem
1684 4974 1745 5036 sub

67 5077 182 5132 nostro
206 5066 314 5148 sigillo
338 5067 513 5128 mittentes.
560 5063 725 5146 Quocirca
748 5066 936 5129 discretioni
959 5075 1065 5128 vestre
1089 5086 1149 5147 per
1177 5063 1361 5146 apostolica
1390 5065 1512 5146 scripta
1541 5062 1745 5138 mandamus,

67 5157 230 5239 quatinus,
253 5155 399 5238 partibus
424 5155 457 5217 in
479 5161 588 5218 vestra
611 5156 776 5236 presentia
805 5155 989 5218 constitutis
1019 5165 1052 5218 et
1075 5153 1340 5219 attestationibus
1364 5153 1428 5216 iam
1453 5152 1549 5216 dictis
1573 5152 1747 5234 diligenter

227 5339 253 5408 a)
272 5340 374 5391 omnibu
393 5341 446 5405 ans
458 5342 544 5390 Ranae
615 5339 641 5402 b)
661 5339 712 5389 ami
730 5339 783 5404 nus
795 5341 887 5388 Rarur.
906 5379 959 5386 --
979 5343 1014 5401 ,1)
1038 5337 1244 5398 Garsendonimcs,
1263 5338 1368 5403 Rheitos
1379 5353 1428 5387 von
1440 5336 1556 5398 Mantua,
1571 5338 1746 5387 1177-1184.

69 5419 95 5471 al
116 5413 254 5480 Johannes,
277 5412 351 5462 Card.
368 5413 435 5477 prbr.
454 5412 500 5462 SS.
527 5412 652 5476 Johonnr's
669 5419 692 5460 et
711 5412 787 5461 Pauli
809 5411 844 5460 u'r.
866 5411 999 5470 Pomarliir',
1030 5411 1207 5461 1151-1181.
1299 5413 1326 5474 3)
1345 5409 1508 5470 Hildebrand,
1532 5407 1605 5458 θανά.
1622 5409 1690 5473 prbr.
1709 5408 1745 5456 til.

67 5485 124 5534 XII
136 5485 312 5549 Apostohmnr,
334 5486 515 5534 rior-1177.
587 5481 618 5546 4)
636 5484 708 5533 Doch
728 5484 760 5533 ist
776 5483 899 5548 fraglitlr,
916 5483 944 5532 ob
961 5483 1010 5532 wir
1032 5497 1056 5531 es
1080 5482 1125 5532 mit
1152 5481 1323 5531 Castellamare
1346 5482 1383 5531 dei
1406 5481 1500 5545 lt'eapel
1521 5497 1551 5529 ur
1576 5481 1639 5529 inam
1661 5481 1746 5538 haben,

65 5556 184 5606 murentur
200 5555 246 5605 das
255 5555 342 5622 jetn'ge
359 5555 412 5605 Son
432 5555 509 5605 Hetro
526 5572 542 5603 a
564 5555 670 5604 Castello.
762 5557 789 5620 5)
814 5556 891 5620 Vergl.
917 5554 955 5603 die
980 5552 1098 5603 Urkrmde
1120 5568 1175 5604 vom
1202 5556 1234 5603 12
1260 5552 1393 5617 September
1419 5553 1589 5603 arar-1185
1613 5552 1671 5602 und
1691 5567 1746 5600 vom

66 5631 100 5678 22
119 5627 195 5694 April
211 5628 285 5678 1193.
359 5627 389 5694 6)
407 5627 542 5688 Abraedrrr,
562 5626 667 5692 Birthas
677 5642 725 5677 von
742 5627 855 5693 Albmga,
875 5643 893 5676 c.
916 5626 1115 5677 rius-ansa.
1190 5625 1216 5692 7)
1240 5623 1344 5690 Yiglieto,
1367 5625 1433 5676 Com.
1452 5623 1479 5674 di
1495 5623 1607 5690 Liguria,
1622 5631 1692 5688 prou.
1721 5624 1749 5672 di

69 5700 174 5761 Genava,
193 5700 298 5750 cirrum
319 5699 347 5748 di
362 5699 467 5760 Savona,
485 5699 569 5749 mmcd.
588 5698 615 5748 di
632 5699 741 5751 Sassello.
