<?xml version="1.0" encoding="UTF-8"?>
<!DOCTYPE html PUBLIC "-//W3C//DTD XHTML 1.0 Transitional//EN"
    "http://www.w3.org/TR/xhtml1/DTD/xhtml1-transitional.dtd">
<html xmlns="http://www.w3.org/1999/xhtml" xml:lang="en" lang="en">
 <head>
  <title>
</title>
<meta http-equiv="Content-Type" content="text/html;charset=utf-8" />
  <meta name='ocr-system' content='tesseract 3.04.00' />
  <meta name='ocr-capabilities' content='ocr_page ocr_carea ocr_par ocr_line ocrx_word'/>
</head>
<body>
  <div class='ocr_page' id='page_1' title='image "./actapontificumr00hargoog_0413.png"; bbox 0 0 4126 6366; ppageno 0'>
   <div class='ocr_carea' id='block_1_1' title="bbox 1699 329 1762 406">
    <p class='ocr_par' dir='ltr' id='par_1_1' title="bbox 1699 329 1762 406">
     <span class='ocr_line' id='line_1_1' title="bbox 1699 329 1762 406; baseline 0 -18"><span class='ocrx_word' id='word_1_1' title='bbox 1699 329 1762 406; x_wconf 78' lang='lat'>401</span> 
     </span>
    </p>
   </div>
   <div class='ocr_carea' id='block_1_2' title="bbox 77 507 1766 3707">
    <p class='ocr_par' dir='ltr' id='par_1_2' title="bbox 77 507 1766 3707">
     <span class='ocr_line' id='line_1_2' title="bbox 81 507 1764 594; baseline 0.004 -22"><span class='ocrx_word' id='word_1_2' title='bbox 81 507 363 594; x_wconf 88' lang='lat' dir='ltr'>postulationibus</span> <span class='ocrx_word' id='word_1_3' title='bbox 386 516 481 590; x_wconf 89' lang='lat' dir='ltr'>grato</span> <span class='ocrx_word' id='word_1_4' title='bbox 505 516 736 572; x_wconf 84' lang='lat' dir='ltr'>concurrentes</span> <span class='ocrx_word' id='word_1_5' title='bbox 760 528 911 586; x_wconf 88' lang='lat' dir='ltr'>assensu,</span> <span class='ocrx_word' id='word_1_6' title='bbox 942 507 1148 587; x_wconf 81' lang='lat' dir='ltr'>sententiam,</span> <span class='ocrx_word' id='word_1_7' title='bbox 1182 529 1280 594; x_wconf 90' lang='lat' dir='ltr'>quam</span> <span class='ocrx_word' id='word_1_8' title='bbox 1304 510 1497 575; x_wconf 88' lang='lat' dir='ltr'>venerabilis</span> <span class='ocrx_word' id='word_1_9' title='bbox 1521 512 1620 574; x_wconf 89' lang='lat' dir='ltr'>frater</span> <span class='ocrx_word' id='word_1_10' title='bbox 1643 522 1764 591; x_wconf 87' lang='lat' dir='ltr'>noster,</span> 
     </span>
     <span class='ocr_line' id='line_1_3' title="bbox 82 595 1766 683; baseline 0.002 -20"><span class='ocrx_word' id='word_1_11' title='bbox 82 600 293 664; x_wconf 89' lang='lat' dir='ltr'>Florentinus</span> <span class='ocrx_word' id='word_1_12' title='bbox 317 599 495 680; x_wconf 91' lang='lat' dir='ltr'>episcopus</span> <span class='ocrx_word' id='word_1_13' title='bbox 512 595 546 682; x_wconf 89' lang='lat'>¹),</span> <span class='ocrx_word' id='word_1_14' title='bbox 577 600 676 662; x_wconf 86' lang='lat' dir='ltr'>iudex</span> <span class='ocrx_word' id='word_1_15' title='bbox 700 597 868 680; x_wconf 89' lang='lat' dir='ltr'>delegatus</span> <span class='ocrx_word' id='word_1_16' title='bbox 892 621 911 662; x_wconf 97' lang='lat' dir='ltr'>a</span> <span class='ocrx_word' id='word_1_17' title='bbox 934 601 1040 676; x_wconf 90' lang='lat' dir='ltr'>nobis,</span> <span class='ocrx_word' id='word_1_18' title='bbox 1070 621 1169 682; x_wconf 90' lang='lat' dir='ltr'>super</span> <span class='ocrx_word' id='word_1_19' title='bbox 1191 621 1298 676; x_wconf 89' lang='lat' dir='ltr'>causa,</span> <span class='ocrx_word' id='word_1_20' title='bbox 1322 621 1385 683; x_wconf 90' lang='lat' dir='ltr'>que</span> <span class='ocrx_word' id='word_1_21' title='bbox 1408 601 1595 663; x_wconf 84' lang='lat' dir='ltr'>vertebatur</span> <span class='ocrx_word' id='word_1_22' title='bbox 1627 602 1710 666; x_wconf 88' lang='lat' dir='ltr'>inter</span> <span class='ocrx_word' id='word_1_23' title='bbox 1731 613 1766 666; x_wconf 90' lang='lat' dir='ltr'>te</span> 
     </span>
     <span class='ocr_line' id='line_1_4' title="bbox 81 686 1765 774; baseline 0.002 -22"><span class='ocrx_word' id='word_1_24' title='bbox 81 699 115 752; x_wconf 93' lang='lat' dir='ltr'>et</span> <span class='ocrx_word' id='word_1_25' title='bbox 140 688 385 772; x_wconf 90' lang='lat' dir='ltr'>hospitaliarios</span> <span class='ocrx_word' id='word_1_26' title='bbox 414 686 586 770; x_wconf 90' lang='lat' dir='ltr'>hospitalis</span> <span class='ocrx_word' id='word_1_27' title='bbox 617 689 731 752; x_wconf 90' lang='lat' dir='ltr'>Pontis</span> <span class='ocrx_word' id='word_1_28' title='bbox 762 689 803 751; x_wconf 90' lang='lat' dir='ltr'>ad</span> <span class='ocrx_word' id='word_1_29' title='bbox 833 688 962 752; x_wconf 88' lang='lat' dir='ltr'><strong>Vallem</strong></span> <span class='ocrx_word' id='word_1_30' title='bbox 1001 711 1099 772; x_wconf 90' lang='lat' dir='ltr'>super</span> <span class='ocrx_word' id='word_1_31' title='bbox 1130 691 1332 753; x_wconf 91' lang='lat' dir='ltr'>subiectione</span> <span class='ocrx_word' id='word_1_32' title='bbox 1363 699 1396 753; x_wconf 93' lang='lat' dir='ltr'>et</span> <span class='ocrx_word' id='word_1_33' title='bbox 1426 690 1632 753; x_wconf 90' lang='lat' dir='ltr'>ordinatione</span> <span class='ocrx_word' id='word_1_34' title='bbox 1662 693 1765 774; x_wconf 90' lang='lat' dir='ltr'>ipsius</span> 
     </span>
     <span class='ocr_line' id='line_1_5' title="bbox 80 778 1765 860; baseline 0.001 -18"><span class='ocrx_word' id='word_1_35' title='bbox 80 778 258 860; x_wconf 89' lang='lat' dir='ltr'>hospitalis</span> <span class='ocrx_word' id='word_1_36' title='bbox 281 785 315 840; x_wconf 90' lang='lat' dir='ltr'>et</span> <span class='ocrx_word' id='word_1_37' title='bbox 338 779 582 840; x_wconf 89' lang='lat' dir='ltr'>constructione</span> <span class='ocrx_word' id='word_1_38' title='bbox 606 778 682 840; x_wconf 91' lang='lat' dir='ltr'>novi</span> <span class='ocrx_word' id='word_1_39' title='bbox 706 779 839 840; x_wconf 88' lang='lat' dir='ltr'>oratorii</span> <span class='ocrx_word' id='word_1_40' title='bbox 863 778 1099 860; x_wconf 83' lang='lat' dir='ltr'>promulgavit,</span> <span class='ocrx_word' id='word_1_41' title='bbox 1132 781 1216 843; x_wconf 90' lang='lat' dir='ltr'>sicut</span> <span class='ocrx_word' id='word_1_42' title='bbox 1245 778 1481 842; x_wconf 86' lang='lat' dir='ltr'>rationabiliter</span> <span class='ocrx_word' id='word_1_43' title='bbox 1510 779 1576 842; x_wconf 89' lang='lat' dir='ltr'>lata</span> <span class='ocrx_word' id='word_1_44' title='bbox 1607 789 1673 857; x_wconf 89' lang='lat' dir='ltr'>est,</span> <span class='ocrx_word' id='word_1_45' title='bbox 1704 802 1765 844; x_wconf 90' lang='lat' dir='ltr'>nec</span> 
     </span>
     <span class='ocr_line' id='line_1_6' title="bbox 80 866 1764 950; baseline 0.002 -20"><span class='ocrx_word' id='word_1_46' title='bbox 80 867 230 950; x_wconf 87' lang='lat' dir='ltr'>legitima</span> <span class='ocrx_word' id='word_1_47' title='bbox 254 866 476 950; x_wconf 87' lang='lat' dir='ltr'>appellatione</span> <span class='ocrx_word' id='word_1_48' title='bbox 500 886 660 949; x_wconf 91' lang='lat' dir='ltr'>suspensa</span> <span class='ocrx_word' id='word_1_49' title='bbox 684 877 717 928; x_wconf 90' lang='lat' dir='ltr'>et</span> <span class='ocrx_word' id='word_1_50' title='bbox 740 868 906 930; x_wconf 89' lang='lat' dir='ltr'>autentico</span> <span class='ocrx_word' id='word_1_51' title='bbox 930 869 1053 950; x_wconf 93' lang='lat' dir='ltr'>scripto</span> <span class='ocrx_word' id='word_1_52' title='bbox 1077 869 1218 943; x_wconf 89' lang='lat' dir='ltr'>redacta,</span> <span class='ocrx_word' id='word_1_53' title='bbox 1250 871 1444 930; x_wconf 88' lang='lat' dir='ltr'>auctoritate</span> <span class='ocrx_word' id='word_1_54' title='bbox 1474 868 1657 950; x_wconf 90' lang='lat' dir='ltr'>apostolica</span> <span class='ocrx_word' id='word_1_55' title='bbox 1688 891 1764 933; x_wconf 90' lang='lat' dir='ltr'>con·</span> 
     </span>
     <span class='ocr_line' id='line_1_7' title="bbox 80 956 1764 1037; baseline 0.001 -17"><span class='ocrx_word' id='word_1_56' title='bbox 80 958 251 1020; x_wconf 89' lang='lat' dir='ltr'>firmamus</span> <span class='ocrx_word' id='word_1_57' title='bbox 275 965 308 1020; x_wconf 90' lang='lat' dir='ltr'>et</span> <span class='ocrx_word' id='word_1_58' title='bbox 331 956 492 1037; x_wconf 90' lang='lat' dir='ltr'>presentis</span> <span class='ocrx_word' id='word_1_59' title='bbox 520 956 633 1036; x_wconf 90' lang='lat' dir='ltr'>scripti</span> <span class='ocrx_word' id='word_1_60' title='bbox 666 957 851 1037; x_wconf 91' lang='lat' dir='ltr'>patrocinio</span> <span class='ocrx_word' id='word_1_61' title='bbox 881 958 1131 1020; x_wconf 89' lang='lat' dir='ltr'>communimus.</span> <span class='ocrx_word' id='word_1_62' title='bbox 1176 957 1234 1019; x_wconf 86' lang='lat' dir='ltr'>Ad</span> <span class='ocrx_word' id='word_1_63' title='bbox 1264 958 1422 1020; x_wconf 91' lang='lat' dir='ltr'>maiorem</span> <span class='ocrx_word' id='word_1_64' title='bbox 1452 965 1561 1020; x_wconf 89' lang='lat' dir='ltr'>autem</span> <span class='ocrx_word' id='word_1_65' title='bbox 1594 957 1688 1020; x_wconf 89' lang='lat' dir='ltr'>huius</span> <span class='ocrx_word' id='word_1_66' title='bbox 1718 961 1764 1022; x_wconf 90' lang='lat' dir='ltr'>rei</span> 
     </span>
     <span class='ocr_line' id='line_1_8' title="bbox 81 1045 1764 1127; baseline 0 -17"><span class='ocrx_word' id='word_1_67' title='bbox 81 1047 271 1110; x_wconf 89' lang='lat' dir='ltr'>firmitatem</span> <span class='ocrx_word' id='word_1_68' title='bbox 294 1046 370 1108; x_wconf 94' lang='lat' dir='ltr'>huic</span> <span class='ocrx_word' id='word_1_69' title='bbox 393 1054 506 1107; x_wconf 88' lang='lat' dir='ltr'>nostre</span> <span class='ocrx_word' id='word_1_70' title='bbox 528 1045 648 1126; x_wconf 86' lang='lat' dir='ltr'>pagine</span> <span class='ocrx_word' id='word_1_71' title='bbox 672 1045 830 1127; x_wconf 89' lang='lat' dir='ltr'>scriptum</span> <span class='ocrx_word' id='word_1_72' title='bbox 854 1046 961 1127; x_wconf 93' lang='lat' dir='ltr'>ipsum</span> <span class='ocrx_word' id='word_1_73' title='bbox 985 1047 1026 1109; x_wconf 92' lang='lat' dir='ltr'>de</span> <span class='ocrx_word' id='word_1_74' title='bbox 1041 1046 1143 1109; x_wconf 88' lang='lat' dir='ltr'>verbo</span> <span class='ocrx_word' id='word_1_75' title='bbox 1169 1047 1210 1109; x_wconf 91' lang='lat' dir='ltr'>ad</span> <span class='ocrx_word' id='word_1_76' title='bbox 1226 1047 1362 1108; x_wconf 91' lang='lat' dir='ltr'>verbum</span> <span class='ocrx_word' id='word_1_77' title='bbox 1378 1047 1531 1108; x_wconf 87' lang='lat' dir='ltr'>duximus</span> <span class='ocrx_word' id='word_1_78' title='bbox 1547 1047 1764 1125; x_wconf 89' lang='lat' dir='ltr'>inserendum,</span> 
     </span>
     <span class='ocr_line' id='line_1_9' title="bbox 81 1133 1763 1217; baseline 0.001 -19"><span class='ocrx_word' id='word_1_79' title='bbox 81 1137 174 1199; x_wconf 92' lang='lat' dir='ltr'>cuius</span> <span class='ocrx_word' id='word_1_80' title='bbox 198 1145 293 1198; x_wconf 89' lang='lat' dir='ltr'>tenor</span> <span class='ocrx_word' id='word_1_81' title='bbox 315 1134 390 1196; x_wconf 89' lang='lat' dir='ltr'>talis</span> <span class='ocrx_word' id='word_1_82' title='bbox 414 1133 540 1197; x_wconf 87' lang='lat' dir='ltr'>existit:</span> <span class='ocrx_word' id='word_1_83' title='bbox 580 1134 617 1197; x_wconf 93' lang='lat' dir='ltr'>In</span> <span class='ocrx_word' id='word_1_84' title='bbox 641 1134 774 1196; x_wconf 89' lang='lat' dir='ltr'>nomine</span> <span class='ocrx_word' id='word_1_85' title='bbox 797 1135 899 1215; x_wconf 89' lang='lat' dir='ltr'>patris</span> <span class='ocrx_word' id='word_1_86' title='bbox 923 1145 956 1198; x_wconf 92' lang='lat' dir='ltr'>et</span> <span class='ocrx_word' id='word_1_87' title='bbox 976 1134 1032 1197; x_wconf 93' lang='lat' dir='ltr'>filii</span> <span class='ocrx_word' id='word_1_88' title='bbox 1049 1144 1081 1198; x_wconf 91' lang='lat' dir='ltr'>et</span> <span class='ocrx_word' id='word_1_89' title='bbox 1097 1136 1229 1217; x_wconf 90' lang='lat' dir='ltr'>spiritus</span> <span class='ocrx_word' id='word_1_90' title='bbox 1246 1136 1359 1198; x_wconf 91' lang='lat' dir='ltr'>sancti.</span> <span class='ocrx_word' id='word_1_91' title='bbox 1397 1135 1470 1216; x_wconf 89' lang='lat' dir='ltr'>Ego</span> <span class='ocrx_word' id='word_1_92' title='bbox 1486 1136 1608 1211; x_wconf 88' lang='lat' dir='ltr'>Petrus,</span> <span class='ocrx_word' id='word_1_93' title='bbox 1632 1136 1763 1200; x_wconf 87' lang='lat' dir='ltr'>Floren-</span> 
     </span>
     <span class='ocr_line' id='line_1_10' title="bbox 80 1222 1765 1306; baseline 0.001 -20"><span class='ocrx_word' id='word_1_94' title='bbox 80 1227 171 1287; x_wconf 91' lang='lat' dir='ltr'>tinus</span> <span class='ocrx_word' id='word_1_95' title='bbox 201 1226 394 1306; x_wconf 76' lang='lat' dir='ltr'>episcopuS,</span> <span class='ocrx_word' id='word_1_96' title='bbox 427 1222 596 1303; x_wconf 89' lang='lat' dir='ltr'>delegatus</span> <span class='ocrx_word' id='word_1_97' title='bbox 628 1243 647 1284; x_wconf 89' lang='lat' dir='ltr'>a</span> <span class='ocrx_word' id='word_1_98' title='bbox 677 1222 802 1286; x_wconf 91' lang='lat' dir='ltr'>domno</span> <span class='ocrx_word' id='word_1_99' title='bbox 832 1243 921 1305; x_wconf 91' lang='lat' dir='ltr'>papa</span> <span class='ocrx_word' id='word_1_100' title='bbox 951 1223 1116 1287; x_wconf 90' lang='lat' dir='ltr'>Celestino</span> <span class='ocrx_word' id='word_1_101' title='bbox 1148 1226 1179 1286; x_wconf 88' lang='lat' dir='ltr'>in</span> <span class='ocrx_word' id='word_1_102' title='bbox 1210 1244 1323 1300; x_wconf 87' lang='lat' dir='ltr'>causa,</span> <span class='ocrx_word' id='word_1_103' title='bbox 1358 1245 1421 1305; x_wconf 91' lang='lat' dir='ltr'>que</span> <span class='ocrx_word' id='word_1_104' title='bbox 1459 1225 1645 1287; x_wconf 87' lang='lat' dir='ltr'>vertebatur</span> <span class='ocrx_word' id='word_1_105' title='bbox 1680 1227 1765 1288; x_wconf 90' lang='lat' dir='ltr'>inter</span> 
     </span>
     <span class='ocr_line' id='line_1_11' title="bbox 80 1311 1763 1395; baseline 0.001 -19"><span class='ocrx_word' id='word_1_106' title='bbox 80 1314 244 1376; x_wconf 92' lang='lat' dir='ltr'>domnum</span> <span class='ocrx_word' id='word_1_107' title='bbox 267 1312 463 1387; x_wconf 89' lang='lat' dir='ltr'>Amedeum,</span> <span class='ocrx_word' id='word_1_108' title='bbox 487 1312 682 1394; x_wconf 89' lang='lat' dir='ltr'>episcopum</span> <span class='ocrx_word' id='word_1_109' title='bbox 697 1311 880 1388; x_wconf 88' lang='lat' dir='ltr'>Aretinum,</span> <span class='ocrx_word' id='word_1_110' title='bbox 905 1333 947 1374; x_wconf 92' lang='lat' dir='ltr'>ex</span> <span class='ocrx_word' id='word_1_111' title='bbox 970 1334 1034 1377; x_wconf 91' lang='lat' dir='ltr'>una</span> <span class='ocrx_word' id='word_1_112' title='bbox 1057 1322 1150 1395; x_wconf 89' lang='lat' dir='ltr'>parte</span> <span class='ocrx_word' id='word_1_113' title='bbox 1174 1322 1206 1376; x_wconf 95' lang='lat' dir='ltr'>et</span> <span class='ocrx_word' id='word_1_114' title='bbox 1229 1313 1462 1395; x_wconf 88' lang='lat' dir='ltr'>hospitalarios</span> <span class='ocrx_word' id='word_1_115' title='bbox 1487 1313 1528 1375; x_wconf 88' lang='lat' dir='ltr'>de</span> <span class='ocrx_word' id='word_1_116' title='bbox 1543 1314 1648 1377; x_wconf 89' lang='lat' dir='ltr'>Ponte</span> <span class='ocrx_word' id='word_1_117' title='bbox 1670 1315 1763 1377; x_wconf 91' lang='lat' dir='ltr'>vallis</span> 
     </span>
     <span class='ocr_line' id='line_1_12' title="bbox 79 1400 1763 1484; baseline 0.001 -19"><span class='ocrx_word' id='word_1_118' title='bbox 79 1423 124 1465; x_wconf 88' lang='lat' dir='ltr'>ex</span> <span class='ocrx_word' id='word_1_119' title='bbox 149 1403 260 1477; x_wconf 88' lang='lat' dir='ltr'>altera,</span> <span class='ocrx_word' id='word_1_120' title='bbox 284 1423 349 1484; x_wconf 91' lang='lat' dir='ltr'>que</span> <span class='ocrx_word' id='word_1_121' title='bbox 370 1400 445 1463; x_wconf 91' lang='lat' dir='ltr'>talis</span> <span class='ocrx_word' id='word_1_122' title='bbox 469 1409 547 1464; x_wconf 89' lang='lat' dir='ltr'>erat.</span> <span class='ocrx_word' id='word_1_123' title='bbox 593 1401 796 1463; x_wconf 90' lang='lat' dir='ltr'>Memoratus</span> <span class='ocrx_word' id='word_1_124' title='bbox 820 1403 997 1483; x_wconf 91' lang='lat' dir='ltr'>episcopus</span> <span class='ocrx_word' id='word_1_125' title='bbox 1012 1403 1169 1465; x_wconf 88' lang='lat' dir='ltr'>Aretinus</span> <span class='ocrx_word' id='word_1_126' title='bbox 1190 1402 1357 1464; x_wconf 88' lang='lat' dir='ltr'>asserebat</span> <span class='ocrx_word' id='word_1_127' title='bbox 1373 1423 1432 1484; x_wconf 91' lang='lat' dir='ltr'>per</span> <span class='ocrx_word' id='word_1_128' title='bbox 1448 1401 1638 1480; x_wconf 90' lang='lat' dir='ltr'>Serafinum,</span> <span class='ocrx_word' id='word_1_129' title='bbox 1663 1405 1763 1466; x_wconf 89' lang='lat' dir='ltr'>archi·</span> 
     </span>
     <span class='ocr_line' id='line_1_13' title="bbox 79 1488 1764 1573; baseline 0.001 -19"><span class='ocrx_word' id='word_1_130' title='bbox 79 1493 260 1554; x_wconf 89' lang='lat' dir='ltr'>diaconum</span> <span class='ocrx_word' id='word_1_131' title='bbox 290 1489 428 1554; x_wconf 88' lang='lat' dir='ltr'>ecclesie</span> <span class='ocrx_word' id='word_1_132' title='bbox 450 1488 603 1566; x_wconf 89' lang='lat' dir='ltr'>Aretine,</span> <span class='ocrx_word' id='word_1_133' title='bbox 634 1489 858 1570; x_wconf 84' lang='lat' dir='ltr'>responsalem</span> <span class='ocrx_word' id='word_1_134' title='bbox 888 1511 998 1566; x_wconf 91' lang='lat' dir='ltr'>suum,</span> <span class='ocrx_word' id='word_1_135' title='bbox 1032 1492 1122 1572; x_wconf 92' lang='lat' dir='ltr'>quod</span> <span class='ocrx_word' id='word_1_136' title='bbox 1154 1491 1317 1573; x_wconf 91' lang='lat' dir='ltr'>hospitale</span> <span class='ocrx_word' id='word_1_137' title='bbox 1341 1491 1383 1553; x_wconf 91' lang='lat' dir='ltr'>de</span> <span class='ocrx_word' id='word_1_138' title='bbox 1406 1491 1510 1553; x_wconf 89' lang='lat' dir='ltr'>Ponte</span> <span class='ocrx_word' id='word_1_139' title='bbox 1533 1490 1625 1554; x_wconf 88' lang='lat' dir='ltr'>vallis</span> <span class='ocrx_word' id='word_1_140' title='bbox 1648 1494 1681 1554; x_wconf 95' lang='lat' dir='ltr'>in</span> <span class='ocrx_word' id='word_1_141' title='bbox 1705 1513 1764 1556; x_wconf 91' lang='lat' dir='ltr'>sua</span> 
     </span>
     <span class='ocr_line' id='line_1_14' title="bbox 79 1578 1763 1663; baseline -0.001 -19"><span class='ocrx_word' id='word_1_142' title='bbox 79 1581 209 1644; x_wconf 88' lang='lat' dir='ltr'>diocesi</span> <span class='ocrx_word' id='word_1_143' title='bbox 232 1589 301 1643; x_wconf 90' lang='lat' dir='ltr'>erat</span> <span class='ocrx_word' id='word_1_144' title='bbox 321 1588 545 1643; x_wconf 89' lang='lat' dir='ltr'>constructum</span> <span class='ocrx_word' id='word_1_145' title='bbox 561 1587 594 1640; x_wconf 91' lang='lat' dir='ltr'>et</span> <span class='ocrx_word' id='word_1_146' title='bbox 610 1579 672 1640; x_wconf 90' lang='lat' dir='ltr'>sibi</span> <span class='ocrx_word' id='word_1_147' title='bbox 690 1578 866 1641; x_wconf 88' lang='lat' dir='ltr'>diocesana</span> <span class='ocrx_word' id='word_1_148' title='bbox 882 1579 954 1660; x_wconf 90' lang='lat' dir='ltr'>lege</span> <span class='ocrx_word' id='word_1_149' title='bbox 970 1579 1162 1656; x_wconf 90' lang='lat' dir='ltr'>subiectum,</span> <span class='ocrx_word' id='word_1_150' title='bbox 1186 1591 1219 1643; x_wconf 93' lang='lat' dir='ltr'>et</span> <span class='ocrx_word' id='word_1_151' title='bbox 1235 1579 1407 1642; x_wconf 92' lang='lat' dir='ltr'>ecclesiam</span> <span class='ocrx_word' id='word_1_152' title='bbox 1424 1580 1569 1642; x_wconf 88' lang='lat' dir='ltr'>habebat</span> <span class='ocrx_word' id='word_1_153' title='bbox 1585 1581 1763 1663; x_wconf 88' lang='lat' dir='ltr'>antiquam,</span> 
     </span>
     <span class='ocr_line' id='line_1_15' title="bbox 79 1666 1763 1751; baseline 0 -19"><span class='ocrx_word' id='word_1_154' title='bbox 79 1671 208 1733; x_wconf 92' lang='lat' dir='ltr'>scilicet</span> <span class='ocrx_word' id='word_1_155' title='bbox 231 1679 344 1732; x_wconf 89' lang='lat' dir='ltr'>sancte</span> <span class='ocrx_word' id='word_1_156' title='bbox 367 1669 470 1731; x_wconf 90' lang='lat' dir='ltr'>Marie</span> <span class='ocrx_word' id='word_1_157' title='bbox 494 1667 537 1730; x_wconf 91' lang='lat' dir='ltr'>de</span> <span class='ocrx_word' id='word_1_158' title='bbox 559 1666 665 1729; x_wconf 92' lang='lat' dir='ltr'>Podio</span> <span class='ocrx_word' id='word_1_159' title='bbox 689 1678 801 1742; x_wconf 94' lang='lat' dir='ltr'>acut0,</span> <span class='ocrx_word' id='word_1_160' title='bbox 833 1688 940 1750; x_wconf 91' lang='lat' dir='ltr'>aqua</span> <span class='ocrx_word' id='word_1_161' title='bbox 963 1679 1202 1732; x_wconf 91' lang='lat' dir='ltr'>consueverunt</span> <span class='ocrx_word' id='word_1_162' title='bbox 1224 1669 1427 1732; x_wconf 86' lang='lat' dir='ltr'>habitatores</span> <span class='ocrx_word' id='word_1_163' title='bbox 1459 1670 1559 1750; x_wconf 91' lang='lat' dir='ltr'>ipsius</span> <span class='ocrx_word' id='word_1_164' title='bbox 1591 1670 1763 1751; x_wconf 85' lang='lat' dir='ltr'>hospitalis</span> 
     </span>
     <span class='ocr_line' id='line_1_16' title="bbox 79 1757 1763 1840; baseline -0.001 -18"><span class='ocrx_word' id='word_1_165' title='bbox 79 1758 307 1823; x_wconf 89' lang='lat' dir='ltr'>ecclesiastica</span> <span class='ocrx_word' id='word_1_166' title='bbox 329 1759 473 1839; x_wconf 89' lang='lat' dir='ltr'>recipere</span> <span class='ocrx_word' id='word_1_167' title='bbox 496 1765 709 1820; x_wconf 90' lang='lat' dir='ltr'>sacramenta.</span> <span class='ocrx_word' id='word_1_168' title='bbox 755 1757 942 1838; x_wconf 89' lang='lat' dir='ltr'>Episcopus</span> <span class='ocrx_word' id='word_1_169' title='bbox 965 1767 1076 1820; x_wconf 88' lang='lat' dir='ltr'>tamen</span> <span class='ocrx_word' id='word_1_170' title='bbox 1099 1759 1289 1832; x_wconf 92' lang='lat' dir='ltr'>Fesolanus,</span> <span class='ocrx_word' id='word_1_171' title='bbox 1313 1758 1474 1820; x_wconf 89' lang='lat' dir='ltr'>accedens</span> <span class='ocrx_word' id='word_1_172' title='bbox 1498 1758 1540 1821; x_wconf 92' lang='lat' dir='ltr'>ad</span> <span class='ocrx_word' id='word_1_173' title='bbox 1564 1762 1763 1840; x_wconf 88' lang='lat' dir='ltr'>presentiam</span> 
     </span>
     <span class='ocr_line' id='line_1_17' title="bbox 78 1846 1762 1930; baseline 0 -20"><span class='ocrx_word' id='word_1_174' title='bbox 78 1849 202 1911; x_wconf 91' lang='lat' dir='ltr'>summi</span> <span class='ocrx_word' id='word_1_175' title='bbox 225 1847 400 1930; x_wconf 90' lang='lat' dir='ltr'>pontificis,</span> <span class='ocrx_word' id='word_1_176' title='bbox 424 1847 525 1910; x_wconf 87' lang='lat' dir='ltr'>tacita</span> <span class='ocrx_word' id='word_1_177' title='bbox 547 1846 692 1921; x_wconf 82' lang='lat' dir='ltr'>veritate,</span> <span class='ocrx_word' id='word_1_178' title='bbox 716 1846 849 1908; x_wconf 88' lang='lat' dir='ltr'>nomine</span> <span class='ocrx_word' id='word_1_179' title='bbox 872 1847 1045 1928; x_wconf 85' lang='lat' dir='ltr'>hospitalis</span> <span class='ocrx_word' id='word_1_180' title='bbox 1070 1847 1207 1930; x_wconf 84' lang='lat' dir='ltr'>predicti</span> <span class='ocrx_word' id='word_1_181' title='bbox 1236 1847 1360 1909; x_wconf 88' lang='lat' dir='ltr'>litteras</span> <span class='ocrx_word' id='word_1_182' title='bbox 1384 1848 1426 1910; x_wconf 90' lang='lat' dir='ltr'>ab</span> <span class='ocrx_word' id='word_1_183' title='bbox 1450 1866 1491 1910; x_wconf 91' lang='lat' dir='ltr'>eo</span> <span class='ocrx_word' id='word_1_184' title='bbox 1515 1847 1548 1909; x_wconf 91' lang='lat' dir='ltr'>in</span> <span class='ocrx_word' id='word_1_185' title='bbox 1570 1867 1669 1928; x_wconf 88' lang='lat' dir='ltr'>grave</span> <span class='ocrx_word' id='word_1_186' title='bbox 1692 1869 1762 1929; x_wconf 91' lang='lat' dir='ltr'>pre·</span> 
     </span>
     <span class='ocr_line' id='line_1_18' title="bbox 79 1933 1762 2018; baseline -0.001 -18"><span class='ocrx_word' id='word_1_187' title='bbox 79 1938 239 2000; x_wconf 89' lang='lat' dir='ltr'>iudicium</span> <span class='ocrx_word' id='word_1_188' title='bbox 269 1937 371 2018; x_wconf 93' lang='lat' dir='ltr'>ipsius</span> <span class='ocrx_word' id='word_1_189' title='bbox 403 1935 552 2016; x_wconf 90' lang='lat' dir='ltr'>episcopi</span> <span class='ocrx_word' id='word_1_190' title='bbox 582 1933 711 1997; x_wconf 86' lang='lat' dir='ltr'>Aretini</span> <span class='ocrx_word' id='word_1_191' title='bbox 742 1936 943 2018; x_wconf 87' lang='lat' dir='ltr'>impetravit,</span> <span class='ocrx_word' id='word_1_192' title='bbox 974 1944 1009 1998; x_wconf 90' lang='lat' dir='ltr'>ut</span> <span class='ocrx_word' id='word_1_193' title='bbox 1039 1936 1190 2000; x_wconf 90' lang='lat' dir='ltr'>videlicet</span> <span class='ocrx_word' id='word_1_194' title='bbox 1220 1936 1300 2018; x_wconf 90' lang='lat' dir='ltr'>ipsis</span> <span class='ocrx_word' id='word_1_195' title='bbox 1330 1935 1550 2017; x_wconf 87' lang='lat' dir='ltr'>hospitalariis</span> <span class='ocrx_word' id='word_1_196' title='bbox 1581 1936 1762 2001; x_wconf 89' lang='lat' dir='ltr'>fabricandi</span> 
     </span>
     <span class='ocr_line' id='line_1_19' title="bbox 80 2022 1763 2107; baseline -0.001 -17"><span class='ocrx_word' id='word_1_197' title='bbox 80 2026 257 2090; x_wconf 90' lang='lat' dir='ltr'>ecclesiam</span> <span class='ocrx_word' id='word_1_198' title='bbox 282 2027 314 2088; x_wconf 93' lang='lat' dir='ltr'>in</span> <span class='ocrx_word' id='word_1_199' title='bbox 338 2024 473 2106; x_wconf 89' lang='lat' dir='ltr'>proprio</span> <span class='ocrx_word' id='word_1_200' title='bbox 498 2023 601 2086; x_wconf 90' lang='lat' dir='ltr'>fundo</span> <span class='ocrx_word' id='word_1_201' title='bbox 625 2022 761 2086; x_wconf 90' lang='lat' dir='ltr'>liberam</span> <span class='ocrx_word' id='word_1_202' title='bbox 785 2023 974 2087; x_wconf 86' lang='lat' dir='ltr'>facultatem</span> <span class='ocrx_word' id='word_1_203' title='bbox 999 2025 1170 2088; x_wconf 85' lang='lat' dir='ltr'>exhiberet</span> <span class='ocrx_word' id='word_1_204' title='bbox 1194 2034 1317 2088; x_wconf 91' lang='lat' dir='ltr'>ettam</span> <span class='ocrx_word' id='word_1_205' title='bbox 1343 2024 1516 2106; x_wconf 89' lang='lat' dir='ltr'>hospitale,</span> <span class='ocrx_word' id='word_1_206' title='bbox 1541 2045 1640 2106; x_wconf 90' lang='lat' dir='ltr'>quam</span> <span class='ocrx_word' id='word_1_207' title='bbox 1656 2027 1763 2107; x_wconf 91' lang='lat' dir='ltr'>ipsam</span> 
     </span>
     <span class='ocr_line' id='line_1_20' title="bbox 79 2113 1763 2196; baseline 0 -18"><span class='ocrx_word' id='word_1_208' title='bbox 79 2116 257 2178; x_wconf 88' lang='lat' dir='ltr'>ecclesiam</span> <span class='ocrx_word' id='word_1_209' title='bbox 280 2115 342 2177; x_wconf 87' lang='lat' dir='ltr'>sub</span> <span class='ocrx_word' id='word_1_210' title='bbox 365 2113 500 2196; x_wconf 92' lang='lat' dir='ltr'>speciali</span> <span class='ocrx_word' id='word_1_211' title='bbox 525 2113 732 2194; x_wconf 91' lang='lat' dir='ltr'>protectione</span> <span class='ocrx_word' id='word_1_212' title='bbox 747 2113 898 2176; x_wconf 89' lang='lat' dir='ltr'>Romane</span> <span class='ocrx_word' id='word_1_213' title='bbox 922 2113 1059 2177; x_wconf 88' lang='lat' dir='ltr'>ecclesie</span> <span class='ocrx_word' id='word_1_214' title='bbox 1083 2134 1229 2177; x_wconf 92' lang='lat' dir='ltr'>summus</span> <span class='ocrx_word' id='word_1_215' title='bbox 1245 2114 1398 2195; x_wconf 87' lang='lat' dir='ltr'>pontifex</span> <span class='ocrx_word' id='word_1_216' title='bbox 1413 2114 1601 2196; x_wconf 90' lang='lat' dir='ltr'>susciperet,</span> <span class='ocrx_word' id='word_1_217' title='bbox 1626 2135 1763 2196; x_wconf 92' lang='lat' dir='ltr'>quarum</span> 
     </span>
     <span class='ocr_line' id='line_1_21' title="bbox 80 2201 1762 2286; baseline 0 -20"><span class='ocrx_word' id='word_1_218' title='bbox 80 2203 264 2268; x_wconf 86' lang='lat' dir='ltr'>litterarum</span> <span class='ocrx_word' id='word_1_219' title='bbox 287 2213 426 2285; x_wconf 90' lang='lat' dir='ltr'>optentu</span> <span class='ocrx_word' id='word_1_220' title='bbox 449 2201 518 2264; x_wconf 91' lang='lat' dir='ltr'>ausi</span> <span class='ocrx_word' id='word_1_221' title='bbox 542 2211 618 2264; x_wconf 87' lang='lat' dir='ltr'>sunt</span> <span class='ocrx_word' id='word_1_222' title='bbox 642 2201 720 2264; x_wconf 92' lang='lat' dir='ltr'>dicti</span> <span class='ocrx_word' id='word_1_223' title='bbox 743 2201 956 2283; x_wconf 89' lang='lat' dir='ltr'>hospitalarii,</span> <span class='ocrx_word' id='word_1_224' title='bbox 980 2203 1140 2286; x_wconf 90' lang='lat' dir='ltr'>episcopo</span> <span class='ocrx_word' id='word_1_225' title='bbox 1162 2204 1302 2266; x_wconf 90' lang='lat' dir='ltr'>Aretino</span> <span class='ocrx_word' id='word_1_226' title='bbox 1327 2203 1521 2278; x_wconf 85' lang='lat' dir='ltr'>inconsultu,</span> <span class='ocrx_word' id='word_1_227' title='bbox 1545 2203 1669 2265; x_wconf 90' lang='lat' dir='ltr'>ibidem</span> <span class='ocrx_word' id='word_1_228' title='bbox 1693 2225 1762 2266; x_wconf 91' lang='lat' dir='ltr'>ora-</span> 
     </span>
     <span class='ocr_line' id='line_1_22' title="bbox 79 2290 1763 2374; baseline -0.001 -18"><span class='ocrx_word' id='word_1_229' title='bbox 79 2295 206 2356; x_wconf 90' lang='lat' dir='ltr'>torium</span> <span class='ocrx_word' id='word_1_230' title='bbox 229 2292 270 2354; x_wconf 90' lang='lat' dir='ltr'>de</span> <span class='ocrx_word' id='word_1_231' title='bbox 294 2312 381 2355; x_wconf 90' lang='lat' dir='ltr'>novo</span> <span class='ocrx_word' id='word_1_232' title='bbox 405 2300 601 2354; x_wconf 90' lang='lat' dir='ltr'>construere.</span> <span class='ocrx_word' id='word_1_233' title='bbox 647 2290 721 2372; x_wconf 90' lang='lat' dir='ltr'>Ego</span> <span class='ocrx_word' id='word_1_234' title='bbox 745 2291 856 2372; x_wconf 89' lang='lat' dir='ltr'>itaque</span> <span class='ocrx_word' id='word_1_235' title='bbox 880 2312 921 2354; x_wconf 88' lang='lat' dir='ltr'>ex</span> <span class='ocrx_word' id='word_1_236' title='bbox 952 2294 1145 2355; x_wconf 89' lang='lat' dir='ltr'>auctoritate</span> <span class='ocrx_word' id='word_1_237' title='bbox 1175 2293 1301 2374; x_wconf 88' lang='lat' dir='ltr'>prefate</span> <span class='ocrx_word' id='word_1_238' title='bbox 1333 2291 1548 2373; x_wconf 85' lang='lat' dir='ltr'>delegationis</span> <span class='ocrx_word' id='word_1_239' title='bbox 1578 2303 1687 2374; x_wconf 89' lang='lat' dir='ltr'>partes</span> <span class='ocrx_word' id='word_1_240' title='bbox 1720 2293 1763 2355; x_wconf 90' lang='lat' dir='ltr'>ad</span> 
     </span>
     <span class='ocr_line' id='line_1_23' title="bbox 80 2380 1763 2465; baseline -0.001 -19"><span class='ocrx_word' id='word_1_241' title='bbox 80 2383 283 2465; x_wconf 90' lang='lat' dir='ltr'>presentiam</span> <span class='ocrx_word' id='word_1_242' title='bbox 306 2401 413 2444; x_wconf 91' lang='lat' dir='ltr'>meam</span> <span class='ocrx_word' id='word_1_243' title='bbox 437 2381 581 2461; x_wconf 88' lang='lat' dir='ltr'>legitime</span> <span class='ocrx_word' id='word_1_244' title='bbox 609 2380 706 2442; x_wconf 90' lang='lat' dir='ltr'>citavi</span> <span class='ocrx_word' id='word_1_245' title='bbox 737 2390 778 2455; x_wconf 90' lang='lat' dir='ltr'>et,</span> <span class='ocrx_word' id='word_1_246' title='bbox 812 2401 854 2442; x_wconf 87' lang='lat' dir='ltr'>ex</span> <span class='ocrx_word' id='word_1_247' title='bbox 877 2391 1013 2463; x_wconf 89' lang='lat' dir='ltr'>utraque</span> <span class='ocrx_word' id='word_1_248' title='bbox 1043 2391 1136 2463; x_wconf 88' lang='lat' dir='ltr'>parte</span> <span class='ocrx_word' id='word_1_249' title='bbox 1166 2381 1222 2444; x_wconf 91' lang='lat' dir='ltr'>lite</span> <span class='ocrx_word' id='word_1_250' title='bbox 1252 2390 1452 2456; x_wconf 90' lang='lat' dir='ltr'>contestata,</span> <span class='ocrx_word' id='word_1_251' title='bbox 1482 2402 1525 2442; x_wconf 87' lang='lat' dir='ltr'>ex</span> <span class='ocrx_word' id='word_1_252' title='bbox 1554 2382 1763 2444; x_wconf 90' lang='lat' dir='ltr'>confessione</span> 
     </span>
     <span class='ocr_line' id='line_1_24' title="bbox 80 2469 1764 2556; baseline -0.001 -21"><span class='ocrx_word' id='word_1_253' title='bbox 80 2474 186 2556; x_wconf 90' lang='lat' dir='ltr'>ipsius</span> <span class='ocrx_word' id='word_1_254' title='bbox 203 2470 406 2552; x_wconf 89' lang='lat' dir='ltr'>hospitalarii</span> <span class='ocrx_word' id='word_1_255' title='bbox 423 2479 456 2532; x_wconf 90' lang='lat' dir='ltr'>et</span> <span class='ocrx_word' id='word_1_256' title='bbox 471 2489 514 2531; x_wconf 85' lang='lat' dir='ltr'>ex</span> <span class='ocrx_word' id='word_1_257' title='bbox 529 2469 678 2544; x_wconf 72' lang='lat' dir='ltr'>testibus</span> <span class='ocrx_word' id='word_1_258' title='bbox 702 2479 829 2550; x_wconf 88' lang='lat' dir='ltr'>aparte</span> <span class='ocrx_word' id='word_1_259' title='bbox 845 2471 993 2552; x_wconf 86' lang='lat' dir='ltr'>episcopi</span> <span class='ocrx_word' id='word_1_260' title='bbox 1010 2470 1212 2545; x_wconf 90' lang='lat' dir='ltr'>introductis,</span> <span class='ocrx_word' id='word_1_261' title='bbox 1237 2489 1452 2550; x_wconf 89' lang='lat' dir='ltr'>cognoscens,</span> <span class='ocrx_word' id='word_1_262' title='bbox 1476 2470 1584 2551; x_wconf 91' lang='lat' dir='ltr'>ipsum</span> <span class='ocrx_word' id='word_1_263' title='bbox 1599 2470 1764 2552; x_wconf 90' lang='lat' dir='ltr'>hospitale</span> 
     </span>
     <span class='ocr_line' id='line_1_25' title="bbox 80 2557 1763 2641; baseline -0.001 -17"><span class='ocrx_word' id='word_1_264' title='bbox 80 2563 115 2624; x_wconf 95' lang='lat' dir='ltr'>in</span> <span class='ocrx_word' id='word_1_265' title='bbox 141 2561 266 2624; x_wconf 89' lang='lat' dir='ltr'>diocesi</span> <span class='ocrx_word' id='word_1_266' title='bbox 288 2560 430 2637; x_wconf 83' lang='lat' dir='ltr'>Aretino</span> <span class='ocrx_word' id='word_1_267' title='bbox 454 2568 487 2621; x_wconf 90' lang='lat' dir='ltr'>ct</span> <span class='ocrx_word' id='word_1_268' title='bbox 510 2557 642 2639; x_wconf 89' lang='lat' dir='ltr'>plebeio</span> <span class='ocrx_word' id='word_1_269' title='bbox 666 2558 770 2620; x_wconf 91' lang='lat' dir='ltr'>sancti</span> <span class='ocrx_word' id='word_1_270' title='bbox 794 2557 942 2621; x_wconf 88' lang='lat' dir='ltr'>Cassiani</span> <span class='ocrx_word' id='word_1_271' title='bbox 966 2560 1180 2622; x_wconf 90' lang='lat' dir='ltr'>constitutum</span> <span class='ocrx_word' id='word_1_272' title='bbox 1208 2568 1241 2621; x_wconf 93' lang='lat' dir='ltr'>et</span> <span class='ocrx_word' id='word_1_273' title='bbox 1271 2560 1333 2641; x_wconf 91' lang='lat' dir='ltr'>ipsi</span> <span class='ocrx_word' id='word_1_274' title='bbox 1364 2558 1453 2640; x_wconf 90' lang='lat' dir='ltr'>plebi</span> <span class='ocrx_word' id='word_1_275' title='bbox 1484 2558 1661 2622; x_wconf 91' lang='lat' dir='ltr'>diocesana</span> <span class='ocrx_word' id='word_1_276' title='bbox 1691 2560 1763 2641; x_wconf 90' lang='lat' dir='ltr'>lege</span> 
     </span>
     <span class='ocr_line' id='line_1_26' title="bbox 79 2646 1763 2729; baseline -0.002 -16"><span class='ocrx_word' id='word_1_277' title='bbox 79 2652 284 2725; x_wconf 89' lang='lat' dir='ltr'>subiectum,</span> <span class='ocrx_word' id='word_1_278' title='bbox 317 2649 394 2711; x_wconf 88' lang='lat' dir='ltr'>visis</span> <span class='ocrx_word' id='word_1_279' title='bbox 430 2646 606 2729; x_wconf 86' lang='lat' dir='ltr'>privilegiis</span> <span class='ocrx_word' id='word_1_280' title='bbox 638 2647 785 2728; x_wconf 90' lang='lat' dir='ltr'>predicte</span> <span class='ocrx_word' id='word_1_281' title='bbox 815 2646 937 2728; x_wconf 80' lang='lat' dir='ltr'>plebiS,</span> <span class='ocrx_word' id='word_1_282' title='bbox 974 2647 1089 2710; x_wconf 91' lang='lat' dir='ltr'>habito</span> <span class='ocrx_word' id='word_1_283' title='bbox 1120 2647 1257 2711; x_wconf 92' lang='lat' dir='ltr'>consilio</span> <span class='ocrx_word' id='word_1_284' title='bbox 1288 2647 1522 2711; x_wconf 87' lang='lat' dir='ltr'>canonicorum</span> <span class='ocrx_word' id='word_1_285' title='bbox 1551 2667 1699 2711; x_wconf 89' lang='lat' dir='ltr'>meorum</span> <span class='ocrx_word' id='word_1_286' title='bbox 1730 2659 1763 2711; x_wconf 91' lang='lat' dir='ltr'>et</span> 
     </span>
     <span class='ocr_line' id='line_1_27' title="bbox 77 2736 1762 2819; baseline -0.001 -17"><span class='ocrx_word' id='word_1_287' title='bbox 77 2739 327 2803; x_wconf 91' lang='lat' dir='ltr'>Aldobrandini</span> <span class='ocrx_word' id='word_1_288' title='bbox 358 2737 474 2800; x_wconf 92' lang='lat' dir='ltr'>iudicis</span> <span class='ocrx_word' id='word_1_289' title='bbox 504 2744 538 2798; x_wconf 92' lang='lat' dir='ltr'>et</span> <span class='ocrx_word' id='word_1_290' title='bbox 568 2736 705 2798; x_wconf 91' lang='lat' dir='ltr'>aliorum</span> <span class='ocrx_word' id='word_1_291' title='bbox 734 2736 877 2798; x_wconf 87' lang='lat' dir='ltr'>virorum</span> <span class='ocrx_word' id='word_1_292' title='bbox 906 2737 1119 2817; x_wconf 88' lang='lat' dir='ltr'>prudentum,</span> <span class='ocrx_word' id='word_1_293' title='bbox 1157 2746 1328 2800; x_wconf 89' lang='lat' dir='ltr'>contracto</span> <span class='ocrx_word' id='word_1_294' title='bbox 1360 2736 1584 2799; x_wconf 90' lang='lat' dir='ltr'>heremodicio</span> <span class='ocrx_word' id='word_1_295' title='bbox 1614 2737 1656 2800; x_wconf 89' lang='lat' dir='ltr'>ab</span> <span class='ocrx_word' id='word_1_296' title='bbox 1688 2739 1762 2819; x_wconf 92' lang='lat' dir='ltr'>ipso</span> 
     </span>
     <span class='ocr_line' id='line_1_28' title="bbox 78 2823 1761 2911; baseline -0.002 -19"><span class='ocrx_word' id='word_1_297' title='bbox 78 2828 314 2911; x_wconf 89' lang='lat' dir='ltr'>hospitalari0,</span> <span class='ocrx_word' id='word_1_298' title='bbox 347 2827 456 2908; x_wconf 91' lang='lat' dir='ltr'>ipsum</span> <span class='ocrx_word' id='word_1_299' title='bbox 486 2823 734 2907; x_wconf 89' lang='lat' dir='ltr'>hospitalarium</span> <span class='ocrx_word' id='word_1_300' title='bbox 765 2825 936 2887; x_wconf 91' lang='lat' dir='ltr'>Ianninum</span> <span class='ocrx_word' id='word_1_301' title='bbox 967 2827 1100 2888; x_wconf 92' lang='lat' dir='ltr'>nomine</span> <span class='ocrx_word' id='word_1_302' title='bbox 1129 2825 1300 2908; x_wconf 90' lang='lat' dir='ltr'>hospitali,</span> <span class='ocrx_word' id='word_1_303' title='bbox 1334 2826 1396 2907; x_wconf 92' lang='lat' dir='ltr'>ipsi</span> <span class='ocrx_word' id='word_1_304' title='bbox 1426 2827 1583 2906; x_wconf 85' lang='lat' dir='ltr'>magistro</span> <span class='ocrx_word' id='word_1_305' title='bbox 1614 2825 1761 2890; x_wconf 88' lang='lat' dir='ltr'>Serafino</span> 
     </span>
     <span class='ocr_line' id='line_1_29' title="bbox 78 2913 1762 2997; baseline -0.002 -16"><span class='ocrx_word' id='word_1_306' title='bbox 78 2918 326 2992; x_wconf 89' lang='lat' dir='ltr'>archidiacon0,</span> <span class='ocrx_word' id='word_1_307' title='bbox 357 2914 538 2997; x_wconf 90' lang='lat' dir='ltr'>responsali</span> <span class='ocrx_word' id='word_1_308' title='bbox 572 2913 684 2976; x_wconf 91' lang='lat' dir='ltr'>domni</span> <span class='ocrx_word' id='word_1_309' title='bbox 715 2914 880 2996; x_wconf 90' lang='lat' dir='ltr'>episcopi,</span> <span class='ocrx_word' id='word_1_310' title='bbox 911 2915 1137 2996; x_wconf 90' lang='lat' dir='ltr'>condempn0,</span> <span class='ocrx_word' id='word_1_311' title='bbox 1175 2914 1322 2978; x_wconf 90' lang='lat' dir='ltr'>iudicans</span> <span class='ocrx_word' id='word_1_312' title='bbox 1358 2924 1392 2976; x_wconf 90' lang='lat' dir='ltr'>et</span> <span class='ocrx_word' id='word_1_313' title='bbox 1422 2913 1616 2990; x_wconf 78' lang='lat' dir='ltr'>decernenS,</span> <span class='ocrx_word' id='word_1_314' title='bbox 1654 2916 1762 2997; x_wconf 89' lang='lat' dir='ltr'>ipsum</span> 
     </span>
     <span class='ocr_line' id='line_1_30' title="bbox 78 3001 1761 3088; baseline -0.002 -18"><span class='ocrx_word' id='word_1_315' title='bbox 78 3005 249 3088; x_wconf 90' lang='lat' dir='ltr'>hospitale</span> <span class='ocrx_word' id='word_1_316' title='bbox 278 3015 311 3068; x_wconf 90' lang='lat' dir='ltr'>et</span> <span class='ocrx_word' id='word_1_317' title='bbox 342 3003 498 3067; x_wconf 88' lang='lat' dir='ltr'>familiam</span> <span class='ocrx_word' id='word_1_318' title='bbox 528 3003 597 3064; x_wconf 90' lang='lat' dir='ltr'>eius</span> <span class='ocrx_word' id='word_1_319' title='bbox 628 3001 727 3084; x_wconf 90' lang='lat' dir='ltr'>pleno</span> <span class='ocrx_word' id='word_1_320' title='bbox 758 3003 825 3065; x_wconf 91' lang='lat' dir='ltr'>iure</span> <span class='ocrx_word' id='word_1_321' title='bbox 857 3003 982 3065; x_wconf 93' lang='lat' dir='ltr'>domno</span> <span class='ocrx_word' id='word_1_322' title='bbox 1015 3005 1176 3086; x_wconf 91' lang='lat' dir='ltr'>episcopo</span> <span class='ocrx_word' id='word_1_323' title='bbox 1206 3011 1389 3066; x_wconf 88' lang='lat' dir='ltr'>memorato</span> <span class='ocrx_word' id='word_1_324' title='bbox 1419 3011 1452 3064; x_wconf 91' lang='lat' dir='ltr'>et</span> <span class='ocrx_word' id='word_1_325' title='bbox 1481 3002 1626 3084; x_wconf 89' lang='lat' dir='ltr'>plebano</span> <span class='ocrx_word' id='word_1_326' title='bbox 1657 3005 1761 3066; x_wconf 91' lang='lat' dir='ltr'>sancti</span> 
     </span>
     <span class='ocr_line' id='line_1_31' title="bbox 79 3086 1763 3177; baseline -0.003 -17"><span class='ocrx_word' id='word_1_327' title='bbox 79 3086 231 3160; x_wconf 84' lang='lat' dir='ltr'>Cassiani</span> <span class='ocrx_word' id='word_1_328' title='bbox 249 3096 290 3157; x_wconf 93' lang='lat' dir='ltr'>de</span> <span class='ocrx_word' id='word_1_329' title='bbox 306 3105 415 3157; x_wconf 89' lang='lat' dir='ltr'>cetero</span> <span class='ocrx_word' id='word_1_330' title='bbox 432 3092 600 3156; x_wconf 88' lang='lat' dir='ltr'>subiacere</span> <span class='ocrx_word' id='word_1_331' title='bbox 616 3101 649 3153; x_wconf 90' lang='lat' dir='ltr'>et</span> <span class='ocrx_word' id='word_1_332' title='bbox 665 3091 707 3154; x_wconf 94' lang='lat' dir='ltr'>ad</span> <span class='ocrx_word' id='word_1_333' title='bbox 722 3111 836 3154; x_wconf 94' lang='lat' dir='ltr'>eorum</span> <span class='ocrx_word' id='word_1_334' title='bbox 853 3089 1131 3177; x_wconf 58' lang='lat' dir='ltr'>dispositionem)</span> <span class='ocrx_word' id='word_1_335' title='bbox 1147 3102 1180 3156; x_wconf 92' lang='lat' dir='ltr'>et</span> <span class='ocrx_word' id='word_1_336' title='bbox 1196 3088 1462 3177; x_wconf 82' lang='lat' dir='ltr'>ordinatione(m)</span> <span class='ocrx_word' id='word_1_337' title='bbox 1486 3092 1518 3153; x_wconf 94' lang='lat' dir='ltr'>in</span> <span class='ocrx_word' id='word_1_338' title='bbox 1542 3092 1763 3173; x_wconf 88' lang='lat' dir='ltr'>spiritualibus</span> 
     </span>
     <span class='ocr_line' id='line_1_32' title="bbox 78 3181 1761 3267; baseline -0.002 -19"><span class='ocrx_word' id='word_1_339' title='bbox 78 3196 114 3248; x_wconf 89' lang='lat' dir='ltr'>et</span> <span class='ocrx_word' id='word_1_340' title='bbox 139 3184 376 3267; x_wconf 89' lang='lat' dir='ltr'>temporalibus</span> <span class='ocrx_word' id='word_1_341' title='bbox 400 3183 571 3265; x_wconf 90' lang='lat' dir='ltr'>pertinere,</span> <span class='ocrx_word' id='word_1_342' title='bbox 596 3189 628 3243; x_wconf 92' lang='lat' dir='ltr'>et</span> <span class='ocrx_word' id='word_1_343' title='bbox 652 3181 839 3256; x_wconf 89' lang='lat' dir='ltr'>oratorium,</span> <span class='ocrx_word' id='word_1_344' title='bbox 864 3183 991 3244; x_wconf 90' lang='lat' dir='ltr'>noviter</span> <span class='ocrx_word' id='word_1_345' title='bbox 1013 3191 1245 3257; x_wconf 91' lang='lat' dir='ltr'>constructum,</span> <span class='ocrx_word' id='word_1_346' title='bbox 1276 3183 1406 3263; x_wconf 89' lang='lat' dir='ltr'>penitus</span> <span class='ocrx_word' id='word_1_347' title='bbox 1429 3182 1604 3258; x_wconf 87' lang='lat' dir='ltr'>removeri,</span> <span class='ocrx_word' id='word_1_348' title='bbox 1636 3191 1668 3244; x_wconf 91' lang='lat' dir='ltr'>et</span> <span class='ocrx_word' id='word_1_349' title='bbox 1693 3203 1761 3263; x_wconf 91' lang='lat' dir='ltr'>pre·</span> 
     </span>
     <span class='ocr_line' id='line_1_33' title="bbox 77 3268 1762 3355; baseline -0.002 -19"><span class='ocrx_word' id='word_1_350' title='bbox 77 3275 224 3355; x_wconf 90' lang='lat' dir='ltr'>scriptos</span> <span class='ocrx_word' id='word_1_351' title='bbox 248 3272 479 3355; x_wconf 91' lang='lat' dir='ltr'>hospitalarios</span> <span class='ocrx_word' id='word_1_352' title='bbox 503 3292 522 3334; x_wconf 90' lang='lat' dir='ltr'>a</span> <span class='ocrx_word' id='word_1_353' title='bbox 546 3268 673 3353; x_wconf 88' lang='lat' dir='ltr'>capella</span> <span class='ocrx_word' id='word_1_354' title='bbox 693 3279 805 3333; x_wconf 86' lang='lat' dir='ltr'>sancte</span> <span class='ocrx_word' id='word_1_355' title='bbox 821 3270 925 3332; x_wconf 88' lang='lat' dir='ltr'>Marie</span> <span class='ocrx_word' id='word_1_356' title='bbox 940 3271 1034 3333; x_wconf 92' lang='lat' dir='ltr'>Podii</span> <span class='ocrx_word' id='word_1_357' title='bbox 1050 3272 1136 3334; x_wconf 89' lang='lat' dir='ltr'>acuti</span> <span class='ocrx_word' id='word_1_358' title='bbox 1152 3270 1374 3334; x_wconf 90' lang='lat' dir='ltr'>ecclesiastica</span> <span class='ocrx_word' id='word_1_359' title='bbox 1390 3279 1594 3332; x_wconf 87' lang='lat' dir='ltr'>sacramenta</span> <span class='ocrx_word' id='word_1_360' title='bbox 1609 3273 1762 3352; x_wconf 89' lang='lat' dir='ltr'>recipere.</span> 
     </span>
     <span class='ocr_line' id='line_1_34' title="bbox 78 3358 1762 3443; baseline -0.003 -17"><span class='ocrx_word' id='word_1_361' title='bbox 78 3363 171 3426; x_wconf 92' lang='lat' dir='ltr'>Nulli</span> <span class='ocrx_word' id='word_1_362' title='bbox 195 3383 274 3443; x_wconf 90' lang='lat' dir='ltr'>ergo</span> <span class='ocrx_word' id='word_1_363' title='bbox 298 3363 433 3424; x_wconf 91' lang='lat' dir='ltr'>omnino</span> <span class='ocrx_word' id='word_1_364' title='bbox 456 3361 626 3423; x_wconf 92' lang='lat' dir='ltr'>hominum</span> <span class='ocrx_word' id='word_1_365' title='bbox 657 3358 762 3434; x_wconf 91' lang='lat' dir='ltr'>liceat,</span> <span class='ocrx_word' id='word_1_366' title='bbox 793 3359 877 3421; x_wconf 90' lang='lat' dir='ltr'>hanc</span> <span class='ocrx_word' id='word_1_367' title='bbox 901 3361 1058 3440; x_wconf 90' lang='lat' dir='ltr'>paginam</span> <span class='ocrx_word' id='word_1_368' title='bbox 1090 3369 1200 3422; x_wconf 88' lang='lat' dir='ltr'>nostre</span> <span class='ocrx_word' id='word_1_369' title='bbox 1233 3359 1490 3422; x_wconf 88' lang='lat' dir='ltr'>confirmationis</span> <span class='ocrx_word' id='word_1_370' title='bbox 1514 3359 1688 3442; x_wconf 87' lang='lat' dir='ltr'>infringere</span> <span class='ocrx_word' id='word_1_371' title='bbox 1710 3359 1762 3422; x_wconf 91' lang='lat' dir='ltr'>vel</span> 
     </span>
     <span class='ocr_line' id='line_1_35' title="bbox 78 3447 1761 3531; baseline -0.002 -16"><span class='ocrx_word' id='word_1_372' title='bbox 78 3454 109 3516; x_wconf 91' lang='lat' dir='ltr'>ei</span> <span class='ocrx_word' id='word_1_373' title='bbox 135 3473 217 3515; x_wconf 86' lang='lat' dir='ltr'>ausu</span> <span class='ocrx_word' id='word_1_374' title='bbox 239 3452 413 3514; x_wconf 89' lang='lat' dir='ltr'>temerario</span> <span class='ocrx_word' id='word_1_375' title='bbox 438 3451 607 3512; x_wconf 89' lang='lat' dir='ltr'>contraire.</span> <span class='ocrx_word' id='word_1_376' title='bbox 654 3447 689 3511; x_wconf 91' lang='lat' dir='ltr'>Si</span> <span class='ocrx_word' id='word_1_377' title='bbox 714 3449 786 3529; x_wconf 90' lang='lat' dir='ltr'>quis</span> <span class='ocrx_word' id='word_1_378' title='bbox 809 3457 918 3510; x_wconf 88' lang='lat' dir='ltr'>autem</span> <span class='ocrx_word' id='word_1_379' title='bbox 942 3449 1006 3511; x_wconf 93' lang='lat' dir='ltr'>hoc</span> <span class='ocrx_word' id='word_1_380' title='bbox 1023 3458 1218 3531; x_wconf 89' lang='lat' dir='ltr'>attemptare</span> <span class='ocrx_word' id='word_1_381' title='bbox 1234 3450 1477 3530; x_wconf 87' lang='lat' dir='ltr'>presumpserit,</span> <span class='ocrx_word' id='word_1_382' title='bbox 1502 3447 1761 3530; x_wconf 89' lang='lat' dir='ltr'>indignationem</span> 
     </span>
     <span class='ocr_line' id='line_1_36' title="bbox 79 3537 1761 3623; baseline -0.003 -19"><span class='ocrx_word' id='word_1_383' title='bbox 79 3541 322 3623; x_wconf 91' lang='lat' dir='ltr'>omnipotentis</span> <span class='ocrx_word' id='word_1_384' title='bbox 346 3540 398 3602; x_wconf 96' lang='lat' dir='ltr'>dei</span> <span class='ocrx_word' id='word_1_385' title='bbox 423 3547 456 3602; x_wconf 89' lang='lat' dir='ltr'>et</span> <span class='ocrx_word' id='word_1_386' title='bbox 479 3537 650 3602; x_wconf 89' lang='lat' dir='ltr'>beatorum</span> <span class='ocrx_word' id='word_1_387' title='bbox 666 3537 752 3599; x_wconf 89' lang='lat' dir='ltr'>Petri</span> <span class='ocrx_word' id='word_1_388' title='bbox 769 3546 802 3599; x_wconf 90' lang='lat' dir='ltr'>ct</span> <span class='ocrx_word' id='word_1_389' title='bbox 817 3537 916 3612; x_wconf 91' lang='lat' dir='ltr'>Pauli,</span> <span class='ocrx_word' id='word_1_390' title='bbox 934 3537 1161 3619; x_wconf 91' lang='lat' dir='ltr'>apostolorum</span> <span class='ocrx_word' id='word_1_391' title='bbox 1178 3539 1255 3613; x_wconf 86' lang='lat' dir='ltr'>eius,</span> <span class='ocrx_word' id='word_1_392' title='bbox 1280 3557 1315 3599; x_wconf 90' lang='lat' dir='ltr'>se</span> <span class='ocrx_word' id='word_1_393' title='bbox 1339 3537 1467 3599; x_wconf 90' lang='lat' dir='ltr'>noverit</span> <span class='ocrx_word' id='word_1_394' title='bbox 1491 3537 1701 3601; x_wconf 90' lang='lat' dir='ltr'>incursurum.</span> <span class='ocrx_word' id='word_1_395' title='bbox 1719 3572 1761 3582; x_wconf 91' lang='lat'>·-</span> 
     </span>
     <span class='ocr_line' id='line_1_37' title="bbox 79 3625 1342 3707; baseline -0.005 -13"><span class='ocrx_word' id='word_1_396' title='bbox 79 3633 159 3694; x_wconf 90' lang='lat' dir='ltr'>Dat.</span> <span class='ocrx_word' id='word_1_397' title='bbox 183 3630 347 3706; x_wconf 89' lang='lat' dir='ltr'>Laterani,</span> <span class='ocrx_word' id='word_1_398' title='bbox 369 3641 419 3691; x_wconf 86' lang='lat' dir='ltr'>vll</span> <span class='ocrx_word' id='word_1_399' title='bbox 443 3626 496 3689; x_wconf 93' lang='lat' dir='ltr'>Kl.</span> <span class='ocrx_word' id='word_1_400' title='bbox 520 3626 697 3690; x_wconf 88' lang='lat' dir='ltr'>Februarii.</span> <span class='ocrx_word' id='word_1_401' title='bbox 742 3625 956 3688; x_wconf 89' lang='lat' dir='ltr'>Pontificatus</span> <span class='ocrx_word' id='word_1_402' title='bbox 979 3626 1082 3688; x_wconf 89' lang='lat' dir='ltr'>nostri</span> <span class='ocrx_word' id='word_1_403' title='bbox 1106 3645 1193 3688; x_wconf 90' lang='lat' dir='ltr'>anno</span> <span class='ocrx_word' id='word_1_404' title='bbox 1217 3627 1342 3707; x_wconf 89' lang='lat' dir='ltr'>quinto.</span> 
     </span>
    </p>
   </div>
   <div class='ocr_carea' id='block_1_3' title="bbox 244 3739 1270 3808">
    <p class='ocr_par' dir='ltr' id='par_1_3' title="bbox 244 3739 1270 3808">
     <span class='ocr_line' id='line_1_38' title="bbox 244 3739 1270 3808; baseline -0.001 -16"><span class='ocrx_word' id='word_1_405' title='bbox 244 3743 399 3808; x_wconf 74' lang='lat' dir='ltr'>Beglaubr&#39;gfe</span> <span class='ocrx_word' id='word_1_406' title='bbox 415 3739 542 3805; x_wconf 81' lang='lat' dir='ltr'>Absclm&#39;ft</span> <span class='ocrx_word' id='word_1_407' title='bbox 557 3742 597 3790; x_wconf 83' lang='lat' dir='ltr'>des</span> <span class='ocrx_word' id='word_1_408' title='bbox 616 3741 648 3789; x_wconf 82' lang='lat'>13</span> <span class='ocrx_word' id='word_1_409' title='bbox 668 3739 772 3804; x_wconf 68' lang='lat' dir='ltr'>Jalula„</span> <span class='ocrx_word' id='word_1_410' title='bbox 790 3739 824 3788; x_wconf 83' lang='lat' dir='ltr'>r&#39;m</span> <span class='ocrx_word' id='word_1_411' title='bbox 840 3739 955 3790; x_wconf 79' lang='lat' dir='ltr'>Archivio</span> <span class='ocrx_word' id='word_1_412' title='bbox 976 3739 1157 3804; x_wconf 69' lang='lat' dir='ltr'>capitularem</span> <span class='ocrx_word' id='word_1_413' title='bbox 1176 3741 1270 3792; x_wconf 78' lang='lat' dir='ltr'>Armo.</span> 
     </span>
    </p>
   </div>
   <div class='ocr_carea' id='block_1_4' title="bbox 833 4023 1012 4099">
    <p class='ocr_par' dir='ltr' id='par_1_4' title="bbox 833 4023 1012 4099">
     <span class='ocr_line' id='line_1_39' title="bbox 833 4023 1012 4099; baseline -0.011 0"><span class='ocrx_word' id='word_1_414' title='bbox 833 4023 901 4099; x_wconf 89' lang='lat' dir='ltr'>Nr.</span> <span class='ocrx_word' id='word_1_415' title='bbox 922 4029 1012 4098; x_wconf 82' lang='lat'><strong>477.</strong></span> 
     </span>
    </p>
   </div>
   <div class='ocr_carea' id='block_1_5' title="bbox 81 4151 1760 4326">
    <p class='ocr_par' dir='ltr' id='par_1_5' title="bbox 81 4151 1760 4326">
     <span class='ocr_line' id='line_1_40' title="bbox 81 4151 1760 4238; baseline -0.008 -9"><span class='ocrx_word' id='word_1_416' title='bbox 81 4163 227 4230; x_wconf 62' lang='lat' dir='ltr'>colestin</span> <span class='ocrx_word' id='word_1_417' title='bbox 245 4160 310 4228; x_wconf 89' lang='grc' dir='ltr'>ΙΙΙ</span> <span class='ocrx_word' id='word_1_418' title='bbox 320 4156 517 4224; x_wconf 79' lang='lat' dir='ltr'>beurkundet</span> <span class='ocrx_word' id='word_1_419' title='bbox 540 4157 614 4220; x_wconf 83' lang='lat' dir='ltr'>dem</span> <span class='ocrx_word' id='word_1_420' title='bbox 631 4153 763 4220; x_wconf 86' lang='lat' dir='ltr'>Kloster</span> <span class='ocrx_word' id='word_1_421' title='bbox 776 4155 879 4220; x_wconf 85' lang='lat' dir='ltr'>Santa</span> <span class='ocrx_word' id='word_1_422' title='bbox 894 4157 995 4220; x_wconf 84' lang='lat' dir='ltr'>Fiora</span> <span class='ocrx_word' id='word_1_423' title='bbox 1018 4154 1077 4238; x_wconf 89' lang='lat' dir='ltr'>(D.</span> <span class='ocrx_word' id='word_1_424' title='bbox 1101 4154 1238 4238; x_wconf 77' lang='lat' dir='ltr'>Areazo)</span> <span class='ocrx_word' id='word_1_425' title='bbox 1263 4155 1318 4220; x_wconf 81' lang='lat' dir='ltr'>die</span> <span class='ocrx_word' id='word_1_426' title='bbox 1340 4153 1524 4238; x_wconf 79' lang='lat' dir='ltr'>Beilegung</span> <span class='ocrx_word' id='word_1_427' title='bbox 1543 4151 1602 4216; x_wconf 83' lang='lat' dir='ltr'>des</span> <span class='ocrx_word' id='word_1_428' title='bbox 1625 4151 1760 4216; x_wconf 82' lang='lat' dir='ltr'>Streites</span> 
     </span>
     <span class='ocr_line' id='line_1_41' title="bbox 551 4243 1296 4326; baseline 0 -16"><span class='ocrx_word' id='word_1_429' title='bbox 551 4247 614 4310; x_wconf 84' lang='lat' dir='ltr'>mit</span> <span class='ocrx_word' id='word_1_430' title='bbox 627 4244 688 4309; x_wconf 81' lang='lat' dir='ltr'>den</span> <span class='ocrx_word' id='word_1_431' title='bbox 703 4244 809 4310; x_wconf 73' lang='lat' dir='ltr'>Edlen</span> <span class='ocrx_word' id='word_1_432' title='bbox 826 4244 1033 4316; x_wconf 80' lang='lat' dir='ltr'>Rolandinus</span> <span class='ocrx_word' id='word_1_433' title='bbox 1047 4245 1117 4310; x_wconf 85' lang='lat' dir='ltr'>und</span> <span class='ocrx_word' id='word_1_434' title='bbox 1133 4243 1241 4309; x_wconf 68' lang='lat' dir='ltr'>Gurdo</span> <span class='ocrx_word' id='word_1_435' title='bbox 1257 4246 1296 4326; x_wconf 78' lang='lat'>²).</span> 
     </span>
    </p>
   </div>
   <div class='ocr_carea' id='block_1_6' title="bbox 587 4359 1260 4426">
    <p class='ocr_par' dir='ltr' id='par_1_6' title="bbox 587 4359 1260 4426">
     <span class='ocr_line' id='line_1_42' title="bbox 587 4359 1260 4426; baseline 0 -2"><span class='ocrx_word' id='word_1_436' title='bbox 587 4363 671 4424; x_wconf 77' lang='lat'><strong><em>1196</em></strong></span> <span class='ocrx_word' id='word_1_437' title='bbox 686 4359 835 4426; x_wconf 79' lang='lat' dir='ltr'>Febmar</span> <span class='ocrx_word' id='word_1_438' title='bbox 847 4365 903 4425; x_wconf 77' lang='lat'>27.</span> <span class='ocrx_word' id='word_1_439' title='bbox 934 4360 968 4425; x_wconf 80' lang='lat' dir='ltr'>S.</span> <span class='ocrx_word' id='word_1_440' title='bbox 985 4359 1081 4424; x_wconf 77' lang='lat' dir='ltr'>Peter</span> <span class='ocrx_word' id='word_1_441' title='bbox 1093 4382 1154 4425; x_wconf 84' lang='lat' dir='ltr'>von</span> <span class='ocrx_word' id='word_1_442' title='bbox 1169 4359 1260 4426; x_wconf 86' lang='lat' dir='ltr'>Rom.</span> 
     </span>
    </p>
   </div>
   <div class='ocr_carea' id='block_1_7' title="bbox 72 4472 1762 5638">
    <p class='ocr_par' dir='ltr' id='par_1_7' title="bbox 72 4472 1762 5638">
     <span class='ocr_line' id='line_1_43' title="bbox 243 4472 1760 4564; baseline -0.009 -15"><span class='ocrx_word' id='word_1_443' title='bbox 243 4483 426 4549; x_wconf 90' lang='lat' dir='ltr'>Celestinus</span> <span class='ocrx_word' id='word_1_444' title='bbox 449 4482 635 4564; x_wconf 89' lang='lat' dir='ltr'>episcopus,</span> <span class='ocrx_word' id='word_1_445' title='bbox 666 4499 777 4542; x_wconf 90' lang='lat' dir='ltr'>servus</span> <span class='ocrx_word' id='word_1_446' title='bbox 801 4497 967 4540; x_wconf 89' lang='lat' dir='ltr'>servorum</span> <span class='ocrx_word' id='word_1_447' title='bbox 991 4476 1054 4552; x_wconf 90' lang='lat' dir='ltr'>dei,</span> <span class='ocrx_word' id='word_1_448' title='bbox 1087 4477 1214 4541; x_wconf 90' lang='lat' dir='ltr'>dilectis</span> <span class='ocrx_word' id='word_1_449' title='bbox 1238 4476 1311 4541; x_wconf 91' lang='lat' dir='ltr'>filiis</span> <span class='ocrx_word' id='word_1_450' title='bbox 1336 4525 1343 4540; x_wconf 92' lang='lat'><strong>.</strong></span> <span class='ocrx_word' id='word_1_451' title='bbox 1368 4525 1374 4538; x_wconf 92' lang='lat'><em>.</em></span> <span class='ocrx_word' id='word_1_452' title='bbox 1398 4474 1510 4538; x_wconf 89' lang='lat' dir='ltr'>abbati</span> <span class='ocrx_word' id='word_1_453' title='bbox 1541 4482 1575 4536; x_wconf 92' lang='lat' dir='ltr'>et</span> <span class='ocrx_word' id='word_1_454' title='bbox 1607 4472 1760 4536; x_wconf 89' lang='lat' dir='ltr'>fratribus</span> 
     </span>
     <span class='ocr_line' id='line_1_44' title="bbox 75 4562 1760 4650; baseline -0.01 -9"><span class='ocrx_word' id='word_1_455' title='bbox 75 4587 196 4641; x_wconf 89' lang='lat' dir='ltr'>sancte</span> <span class='ocrx_word' id='word_1_456' title='bbox 218 4575 324 4650; x_wconf 89' lang='lat' dir='ltr'>Flore,</span> <span class='ocrx_word' id='word_1_457' title='bbox 348 4571 486 4635; x_wconf 88' lang='lat' dir='ltr'>Aretine</span> <span class='ocrx_word' id='word_1_458' title='bbox 510 4568 660 4643; x_wconf 91' lang='lat' dir='ltr'>diocesis,</span> <span class='ocrx_word' id='word_1_459' title='bbox 693 4567 889 4630; x_wconf 88' lang='lat' dir='ltr'>salutemet</span> <span class='ocrx_word' id='word_1_460' title='bbox 919 4566 1138 4648; x_wconf 90' lang='lat' dir='ltr'>apostolicam</span> <span class='ocrx_word' id='word_1_461' title='bbox 1162 4567 1435 4630; x_wconf 89' lang='lat' dir='ltr'>benedictionem.</span> <span class='ocrx_word' id='word_1_462' title='bbox 1481 4562 1538 4624; x_wconf 89' lang='lat' dir='ltr'>Ad</span> <span class='ocrx_word' id='word_1_463' title='bbox 1569 4563 1633 4624; x_wconf 92' lang='lat' dir='ltr'>hoc</span> <span class='ocrx_word' id='word_1_464' title='bbox 1664 4563 1760 4625; x_wconf 87' lang='lat' dir='ltr'>sedes</span> 
     </span>
     <span class='ocr_line' id='line_1_45' title="bbox 75 4651 1760 4750; baseline -0.01 -21"><span class='ocrx_word' id='word_1_465' title='bbox 75 4664 268 4750; x_wconf 88' lang='lat' dir='ltr'>apostolica</span> <span class='ocrx_word' id='word_1_466' title='bbox 291 4663 405 4726; x_wconf 90' lang='lat' dir='ltr'>fratres</span> <span class='ocrx_word' id='word_1_467' title='bbox 428 4669 461 4723; x_wconf 93' lang='lat' dir='ltr'>et</span> <span class='ocrx_word' id='word_1_468' title='bbox 484 4659 703 4740; x_wconf 90' lang='lat' dir='ltr'>coepiscopos</span> <span class='ocrx_word' id='word_1_469' title='bbox 727 4665 858 4720; x_wconf 90' lang='lat' dir='ltr'>nostros</span> <span class='ocrx_word' id='word_1_470' title='bbox 882 4664 915 4718; x_wconf 92' lang='lat' dir='ltr'>et</span> <span class='ocrx_word' id='word_1_471' title='bbox 938 4655 1019 4718; x_wconf 89' lang='lat' dir='ltr'>alios</span> <span class='ocrx_word' id='word_1_472' title='bbox 1036 4655 1247 4719; x_wconf 89' lang='lat' dir='ltr'>ecclesiarum</span> <span class='ocrx_word' id='word_1_473' title='bbox 1267 4653 1271 4739; x_wconf 88' lang='grc' dir='ltr'>Ι</span> <span class='ocrx_word' id='word_1_474' title='bbox 1292 4654 1435 4737; x_wconf 90' lang='lat' dir='ltr'>prelatos</span> <span class='ocrx_word' id='word_1_475' title='bbox 1452 4652 1485 4714; x_wconf 93' lang='lat' dir='ltr'>in</span> <span class='ocrx_word' id='word_1_476' title='bbox 1500 4659 1628 4733; x_wconf 90' lang='lat' dir='ltr'>partem</span> <span class='ocrx_word' id='word_1_477' title='bbox 1644 4651 1760 4714; x_wconf 92' lang='lat' dir='ltr'>sollici·</span> 
     </span>
     <span class='ocr_line' id='line_1_46' title="bbox 74 4737 1760 4830; baseline -0.009 -12"><span class='ocrx_word' id='word_1_478' title='bbox 74 4755 205 4820; x_wconf 90' lang='lat' dir='ltr'>tudinis</span> <span class='ocrx_word' id='word_1_479' title='bbox 229 4753 387 4826; x_wconf 88' lang='lat' dir='ltr'>evocavit,</span> <span class='ocrx_word' id='word_1_480' title='bbox 416 4761 460 4825; x_wconf 93' lang='lat' dir='ltr'>ut,</span> <span class='ocrx_word' id='word_1_481' title='bbox 485 4769 548 4830; x_wconf 92' lang='lat' dir='ltr'>que</span> <span class='ocrx_word' id='word_1_482' title='bbox 572 4747 615 4809; x_wconf 95' lang='lat' dir='ltr'>ad</span> <span class='ocrx_word' id='word_1_483' title='bbox 644 4747 751 4827; x_wconf 92' lang='lat' dir='ltr'>ipsam</span> <span class='ocrx_word' id='word_1_484' title='bbox 767 4737 823 4807; x_wconf 86' lang='lat' dir='ltr'>‘de</span> <span class='ocrx_word' id='word_1_485' title='bbox 854 4745 989 4806; x_wconf 89' lang='lat' dir='ltr'>diversis</span> <span class='ocrx_word' id='word_1_486' title='bbox 1021 4746 1169 4826; x_wconf 88' lang='lat' dir='ltr'>partibus</span> <span class='ocrx_word' id='word_1_487' title='bbox 1200 4746 1408 4826; x_wconf 89' lang='lat' dir='ltr'>questionum</span> <span class='ocrx_word' id='word_1_488' title='bbox 1438 4741 1541 4820; x_wconf 88' lang='lat' dir='ltr'>litigia</span> <span class='ocrx_word' id='word_1_489' title='bbox 1571 4739 1760 4816; x_wconf 88' lang='lat' dir='ltr'>referuntur,</span> 
     </span>
     <span class='ocr_line' id='line_1_47' title="bbox 76 4829 1761 4927; baseline -0.009 -20"><span class='ocrx_word' id='word_1_490' title='bbox 76 4848 230 4927; x_wconf 90' lang='lat' dir='ltr'>ipsorum</span> <span class='ocrx_word' id='word_1_491' title='bbox 240 4841 369 4916; x_wconf 84' lang='lat' dir='ltr'>iudicio,</span> <span class='ocrx_word' id='word_1_492' title='bbox 386 4858 460 4902; x_wconf 93' lang='lat' dir='ltr'>cum</span> <span class='ocrx_word' id='word_1_493' title='bbox 477 4835 666 4920; x_wconf 88' lang='lat' dir='ltr'>oportuerit,</span> <span class='ocrx_word' id='word_1_494' title='bbox 681 4834 895 4897; x_wconf 88' lang='lat' dir='ltr'>terminentur</span> <span class='ocrx_word' id='word_1_495' title='bbox 910 4842 951 4908; x_wconf 93' lang='lat' dir='ltr'>et,</span> <span class='ocrx_word' id='word_1_496' title='bbox 968 4854 1042 4896; x_wconf 89' lang='lat' dir='ltr'>cum</span> <span class='ocrx_word' id='word_1_497' title='bbox 1058 4843 1216 4916; x_wconf 88' lang='lat' dir='ltr'>tanquam</span> <span class='ocrx_word' id='word_1_498' title='bbox 1237 4831 1241 4917; x_wconf 77' lang='grc' dir='ltr'>Ι</span> <span class='ocrx_word' id='word_1_499' title='bbox 1263 4833 1412 4897; x_wconf 91' lang='lat' dir='ltr'>homines</span> <span class='ocrx_word' id='word_1_500' title='bbox 1429 4830 1471 4892; x_wconf 92' lang='lat' dir='ltr'>ad</span> <span class='ocrx_word' id='word_1_501' title='bbox 1487 4829 1597 4891; x_wconf 89' lang='lat' dir='ltr'>omnia</span> <span class='ocrx_word' id='word_1_502' title='bbox 1612 4829 1761 4892; x_wconf 91' lang='lat' dir='ltr'>sufficere</span> 
     </span>
     <span class='ocr_line' id='line_1_48' title="bbox 75 4919 1762 5014; baseline -0.01 -17"><span class='ocrx_word' id='word_1_503' title='bbox 75 4954 148 4997; x_wconf 89' lang='lat' dir='ltr'>non</span> <span class='ocrx_word' id='word_1_504' title='bbox 167 4933 344 5014; x_wconf 88' lang='lat' dir='ltr'>possimus,</span> <span class='ocrx_word' id='word_1_505' title='bbox 368 4949 428 5012; x_wconf 91' lang='lat' dir='ltr'>per</span> <span class='ocrx_word' id='word_1_506' title='bbox 449 4927 530 4990; x_wconf 91' lang='lat' dir='ltr'>alios</span> <span class='ocrx_word' id='word_1_507' title='bbox 554 4944 755 5005; x_wconf 88' lang='lat' dir='ltr'>exequamur</span> <span class='ocrx_word' id='word_1_508' title='bbox 778 4922 950 4999; x_wconf 89' lang='lat' dir='ltr'>interdum,</span> <span class='ocrx_word' id='word_1_509' title='bbox 976 4922 1074 5004; x_wconf 93' lang='lat' dir='ltr'>quod,</span> <span class='ocrx_word' id='word_1_510' title='bbox 1099 4923 1245 5004; x_wconf 91' lang='lat' dir='ltr'>pluribus</span> <span class='ocrx_word' id='word_1_511' title='bbox 1266 4933 1299 4985; x_wconf 91' lang='lat' dir='ltr'>et</span> <span class='ocrx_word' id='word_1_512' title='bbox 1315 4920 1493 4984; x_wconf 91' lang='lat' dir='ltr'>maioribus</span> <span class='ocrx_word' id='word_1_513' title='bbox 1517 4919 1678 4999; x_wconf 88' lang='lat' dir='ltr'>occupati,</span> <span class='ocrx_word' id='word_1_514' title='bbox 1702 4939 1762 5000; x_wconf 89' lang='lat' dir='ltr'>per</span> 
     </span>
     <span class='ocr_line' id='line_1_49' title="bbox 74 5007 1760 5104; baseline -0.01 -18"><span class='ocrx_word' id='word_1_515' title='bbox 74 5043 142 5087; x_wconf 89' lang='lat' dir='ltr'>nos</span> <span class='ocrx_word' id='word_1_516' title='bbox 166 5023 259 5104; x_wconf 92' lang='lat' dir='ltr'>ipsos</span> <span class='ocrx_word' id='word_1_517' title='bbox 283 5040 351 5083; x_wconf 94' lang='lat' dir='ltr'>non</span> <span class='ocrx_word' id='word_1_518' title='bbox 378 5036 554 5100; x_wconf 90' lang='lat' dir='ltr'>possumus</span> <span class='ocrx_word' id='word_1_519' title='bbox 570 5012 758 5095; x_wconf 89' lang='lat' dir='ltr'>adimplere.</span> <span class='ocrx_word' id='word_1_520' title='bbox 802 5013 926 5074; x_wconf 90' lang='lat' dir='ltr'>Verum</span> <span class='ocrx_word' id='word_1_521' title='bbox 950 5031 1025 5074; x_wconf 89' lang='lat' dir='ltr'>cum</span> <span class='ocrx_word' id='word_1_522' title='bbox 1048 5013 1136 5094; x_wconf 92' lang='lat' dir='ltr'>apud</span> <span class='ocrx_word' id='word_1_523' title='bbox 1153 5033 1213 5074; x_wconf 92' lang='lat' dir='ltr'>nos</span> <span class='ocrx_word' id='word_1_524' title='bbox 1230 5011 1401 5093; x_wconf 90' lang='lat' dir='ltr'>plenitudo</span> <span class='ocrx_word' id='word_1_525' title='bbox 1418 5007 1560 5070; x_wconf 89' lang='lat' dir='ltr'>resideat</span> <span class='ocrx_word' id='word_1_526' title='bbox 1575 5008 1760 5087; x_wconf 89' lang='lat' dir='ltr'>potestatis,</span> 
     </span>
     <span class='ocr_line' id='line_1_50' title="bbox 74 5095 1760 5194; baseline -0.009 -20"><span class='ocrx_word' id='word_1_527' title='bbox 74 5115 105 5175; x_wconf 90' lang='lat' dir='ltr'>si</span> <span class='ocrx_word' id='word_1_528' title='bbox 139 5111 219 5194; x_wconf 91' lang='lat' dir='ltr'>quid</span> <span class='ocrx_word' id='word_1_529' title='bbox 251 5109 361 5173; x_wconf 80' lang='lat' dir='ltr'>forsan</span> <span class='ocrx_word' id='word_1_530' title='bbox 391 5115 527 5189; x_wconf 90' lang='lat' dir='ltr'>propter</span> <span class='ocrx_word' id='word_1_531' title='bbox 556 5101 782 5166; x_wconf 88' lang='lat' dir='ltr'>difficultatem</span> <span class='ocrx_word' id='word_1_532' title='bbox 815 5101 938 5182; x_wconf 88' lang='lat' dir='ltr'>negotii</span> <span class='ocrx_word' id='word_1_533' title='bbox 968 5100 1032 5164; x_wconf 89' lang='lat' dir='ltr'>vel·</span> <span class='ocrx_word' id='word_1_534' title='bbox 1050 5102 1321 5184; x_wconf 90' lang='lat' dir='ltr'>impedimentum</span> <span class='ocrx_word' id='word_1_535' title='bbox 1356 5098 1587 5180; x_wconf 89' lang='lat' dir='ltr'>quodcumque</span> <span class='ocrx_word' id='word_1_536' title='bbox 1617 5095 1659 5159; x_wconf 88' lang='lat' dir='ltr'>ab</span> <span class='ocrx_word' id='word_1_537' title='bbox 1689 5096 1760 5158; x_wconf 89' lang='lat' dir='ltr'>aliis</span> 
     </span>
     <span class='ocr_line' id='line_1_51' title="bbox 72 5185 1761 5279; baseline -0.01 -14"><span class='ocrx_word' id='word_1_538' title='bbox 72 5201 249 5265; x_wconf 85' lang='lat' dir='ltr'>terminari</span> <span class='ocrx_word' id='word_1_539' title='bbox 272 5219 339 5261; x_wconf 90' lang='lat' dir='ltr'>non</span> <span class='ocrx_word' id='word_1_540' title='bbox 362 5203 484 5279; x_wconf 91' lang='lat' dir='ltr'>potest,</span> <span class='ocrx_word' id='word_1_541' title='bbox 508 5193 551 5257; x_wconf 96' lang='lat' dir='ltr'>ad</span> <span class='ocrx_word' id='word_1_542' title='bbox 575 5190 747 5256; x_wconf 85' lang='lat' dir='ltr'>ecclesiam</span> <span class='ocrx_word' id='word_1_543' title='bbox 771 5191 940 5253; x_wconf 89' lang='lat' dir='ltr'>consuevit</span> <span class='ocrx_word' id='word_1_544' title='bbox 956 5191 1141 5253; x_wconf 90' lang='lat' dir='ltr'>Romanam</span> <span class='ocrx_word' id='word_1_545' title='bbox 1158 5191 1267 5254; x_wconf 87' lang='lat' dir='ltr'>referri</span> <span class='ocrx_word' id='word_1_546' title='bbox 1290 5197 1324 5251; x_wconf 88' lang='lat' dir='ltr'>et</span> <span class='ocrx_word' id='word_1_547' title='bbox 1346 5209 1406 5270; x_wconf 90' lang='lat' dir='ltr'>per</span> <span class='ocrx_word' id='word_1_548' title='bbox 1428 5206 1501 5249; x_wconf 90' lang='lat' dir='ltr'>eam</span> <span class='ocrx_word' id='word_1_549' title='bbox 1524 5185 1761 5248; x_wconf 90' lang='lat' dir='ltr'>rationabiliter</span> 
     </span>
     <span class='ocr_line' id='line_1_52' title="bbox 74 5274 1760 5367; baseline -0.011 -13"><span class='ocrx_word' id='word_1_550' title='bbox 74 5291 224 5354; x_wconf 89' lang='lat' dir='ltr'>diffiniri.</span> <span class='ocrx_word' id='word_1_551' title='bbox 277 5287 357 5351; x_wconf 91' lang='lat' dir='ltr'>Inde</span> <span class='ocrx_word' id='word_1_552' title='bbox 387 5283 549 5367; x_wconf 90' lang='lat' dir='ltr'>siquidem</span> <span class='ocrx_word' id='word_1_553' title='bbox 579 5281 704 5355; x_wconf 87' lang='lat' dir='ltr'>extitit,</span> <span class='ocrx_word' id='word_1_554' title='bbox 735 5279 840 5361; x_wconf 92' lang='lat' dir='ltr'>quod,</span> <span class='ocrx_word' id='word_1_555' title='bbox 874 5298 949 5342; x_wconf 93' lang='lat' dir='ltr'>cum</span> <span class='ocrx_word' id='word_1_556' title='bbox 981 5281 1188 5361; x_wconf 89' lang='lat' dir='ltr'>propositum</span> <span class='ocrx_word' id='word_1_557' title='bbox 1219 5280 1333 5341; x_wconf 87' lang='lat' dir='ltr'>fuisset</span> <span class='ocrx_word' id='word_1_558' title='bbox 1379 5277 1411 5339; x_wconf 89' lang='lat' dir='ltr'>in</span> <span class='ocrx_word' id='word_1_559' title='bbox 1442 5274 1608 5338; x_wconf 90' lang='lat' dir='ltr'>audientia</span> <span class='ocrx_word' id='word_1_560' title='bbox 1639 5283 1760 5350; x_wconf 88' lang='lat' dir='ltr'>nostra,</span> 
     </span>
     <span class='ocr_line' id='line_1_53' title="bbox 74 5363 1760 5450; baseline -0.012 -6"><span class='ocrx_word' id='word_1_561' title='bbox 74 5378 239 5444; x_wconf 89' lang='lat' dir='ltr'>dilectum</span> <span class='ocrx_word' id='word_1_562' title='bbox 268 5377 371 5439; x_wconf 92' lang='lat' dir='ltr'>filium</span> <span class='ocrx_word' id='word_1_563' title='bbox 401 5383 566 5446; x_wconf 89' lang='lat' dir='ltr'>nostrum,</span> <span class='ocrx_word' id='word_1_564' title='bbox 601 5368 748 5433; x_wconf 86' lang='lat' dir='ltr'>nobilem</span> <span class='ocrx_word' id='word_1_565' title='bbox 777 5368 882 5430; x_wconf 88' lang='lat' dir='ltr'>virum</span> <span class='ocrx_word' id='word_1_566' title='bbox 911 5367 1135 5431; x_wconf 91' lang='lat' dir='ltr'>Rolandinum</span> <span class='ocrx_word' id='word_1_567' title='bbox 1164 5369 1285 5450; x_wconf 87' lang='lat' dir='ltr'>Pagani</span> <span class='ocrx_word' id='word_1_568' title='bbox 1322 5375 1356 5430; x_wconf 89' lang='lat' dir='ltr'>et</span> <span class='ocrx_word' id='word_1_569' title='bbox 1393 5364 1597 5438; x_wconf 88' lang='lat' dir='ltr'>Guidonem,</span> <span class='ocrx_word' id='word_1_570' title='bbox 1628 5363 1760 5426; x_wconf 88' lang='lat' dir='ltr'>fratrem</span> 
     </span>
     <span class='ocr_line' id='line_1_54' title="bbox 74 5452 1760 5544; baseline -0.011 -12"><span class='ocrx_word' id='word_1_571' title='bbox 74 5489 187 5544; x_wconf 90' lang='lat' dir='ltr'>suum,</span> <span class='ocrx_word' id='word_1_572' title='bbox 215 5476 330 5529; x_wconf 90' lang='lat' dir='ltr'>mutuo</span> <span class='ocrx_word' id='word_1_573' title='bbox 353 5466 436 5527; x_wconf 90' lang='lat' dir='ltr'>inter</span> <span class='ocrx_word' id='word_1_574' title='bbox 459 5483 494 5525; x_wconf 91' lang='lat' dir='ltr'>se</span> <span class='ocrx_word' id='word_1_575' title='bbox 518 5467 724 5523; x_wconf 90' lang='lat' dir='ltr'>sacramento</span> <span class='ocrx_word' id='word_1_576' title='bbox 747 5457 909 5532; x_wconf 88' lang='lat' dir='ltr'>firmasse,</span> <span class='ocrx_word' id='word_1_577' title='bbox 940 5477 982 5519; x_wconf 93' lang='lat' dir='ltr'>ne</span> <span class='ocrx_word' id='word_1_578' title='bbox 1005 5459 1175 5538; x_wconf 90' lang='lat' dir='ltr'>portiones</span> <span class='ocrx_word' id='word_1_579' title='bbox 1199 5477 1274 5520; x_wconf 89' lang='lat' dir='ltr'>suas</span> <span class='ocrx_word' id='word_1_580' title='bbox 1298 5474 1396 5537; x_wconf 91' lang='lat' dir='ltr'>super</span> <span class='ocrx_word' id='word_1_581' title='bbox 1419 5462 1527 5516; x_wconf 88' lang='lat' dir='ltr'>castro</span> <span class='ocrx_word' id='word_1_582' title='bbox 1550 5452 1704 5514; x_wconf 90' lang='lat' dir='ltr'>Rovetini</span> <span class='ocrx_word' id='word_1_583' title='bbox 1728 5462 1760 5514; x_wconf 92' lang='lat' dir='ltr'>et</span> 
     </span>
     <span class='ocr_line' id='line_1_55' title="bbox 73 5542 1761 5638; baseline -0.011 -16"><span class='ocrx_word' id='word_1_584' title='bbox 73 5559 151 5622; x_wconf 87' lang='lat' dir='ltr'>aliis</span> <span class='ocrx_word' id='word_1_585' title='bbox 176 5557 274 5619; x_wconf 90' lang='lat' dir='ltr'>bonis</span> <span class='ocrx_word' id='word_1_586' title='bbox 298 5553 443 5638; x_wconf 89' lang='lat' dir='ltr'>paternis</span> <span class='ocrx_word' id='word_1_587' title='bbox 467 5561 566 5632; x_wconf 92' lang='lat' dir='ltr'>atque</span> <span class='ocrx_word' id='word_1_588' title='bbox 590 5547 743 5611; x_wconf 90' lang='lat' dir='ltr'>maternis</span> <span class='ocrx_word' id='word_1_589' title='bbox 767 5546 800 5608; x_wconf 94' lang='lat' dir='ltr'>in</span> <span class='ocrx_word' id='word_1_590' title='bbox 823 5555 996 5609; x_wconf 88' lang='lat' dir='ltr'>extraneas</span> <span class='ocrx_word' id='word_1_591' title='bbox 1018 5546 1203 5610; x_wconf 89' lang='lat' dir='ltr'>conferrent</span> <span class='ocrx_word' id='word_1_592' title='bbox 1219 5545 1364 5628; x_wconf 90' lang='lat' dir='ltr'>qualibet</span> <span class='ocrx_word' id='word_1_593' title='bbox 1380 5542 1576 5607; x_wconf 88' lang='lat' dir='ltr'>alienatione</span> <span class='ocrx_word' id='word_1_594' title='bbox 1592 5560 1761 5621; x_wconf 88' lang='lat' dir='ltr'>personas,</span> 
     </span>
    </p>
   </div>
   <div class='ocr_carea' id='block_1_8' title="bbox 132 5737 1546 5910">
    <p class='ocr_par' dir='ltr' id='par_1_8' title="bbox 132 5737 1546 5910">
     <span class='ocr_line' id='line_1_56' title="bbox 246 5737 1461 5816; baseline -0.012 -17"><span class='ocrx_word' id='word_1_595' title='bbox 246 5751 271 5816; x_wconf 86' lang='grc' dir='ltr'>ι)</span> <span class='ocrx_word' id='word_1_596' title='bbox 297 5749 357 5798; x_wconf 82' lang='lat' dir='ltr'>War</span> <span class='ocrx_word' id='word_1_597' title='bbox 375 5748 462 5798; x_wconf 73' lang='lat' dir='ltr'>Petrus</span> <span class='ocrx_word' id='word_1_598' title='bbox 482 5746 531 5805; x_wconf 89' lang='lat' dir='ltr'>III,</span> <span class='ocrx_word' id='word_1_599' title='bbox 551 5741 731 5792; x_wconf 75' lang='lat' dir='ltr'>neo-1205.</span> <span class='ocrx_word' id='word_1_600' title='bbox 806 5743 832 5804; x_wconf 82' lang='lat' dir='ltr'>a)</span> <span class='ocrx_word' id='word_1_601' title='bbox 857 5737 935 5804; x_wconf 80' lang='lat' dir='ltr'>Vergl.</span> <span class='ocrx_word' id='word_1_602' title='bbox 954 5739 991 5788; x_wconf 83' lang='lat' dir='ltr'>die</span> <span class='ocrx_word' id='word_1_603' title='bbox 1012 5740 1130 5790; x_wconf 78' lang='lat' dir='ltr'>Urkrmde</span> <span class='ocrx_word' id='word_1_604' title='bbox 1147 5755 1202 5789; x_wconf 80' lang='lat' dir='ltr'>vom</span> <span class='ocrx_word' id='word_1_605' title='bbox 1220 5739 1253 5789; x_wconf 88' lang='lat'>31</span> <span class='ocrx_word' id='word_1_606' title='bbox 1277 5739 1375 5788; x_wconf 79' lang='lat' dir='ltr'>October</span> <span class='ocrx_word' id='word_1_607' title='bbox 1389 5739 1461 5786; x_wconf 82' lang='lat'><strong><em>1196.</em></strong></span> 
     </span>
     <span class='ocr_line' id='line_1_57' title="bbox 132 5827 1546 5910; baseline -0.016 -23"><span class='ocrx_word' id='word_1_608' title='bbox 132 5859 156 5887; x_wconf 83' lang='lat' dir='ltr'>v.</span> <span class='ocrx_word' id='word_1_609' title='bbox 171 5846 460 5910; x_wconf 62' lang='lat' dir='ltr'>Pilugkdlsrttuug,</span> <span class='ocrx_word' id='word_1_610' title='bbox 476 5841 534 5883; x_wconf 74' lang='lat' dir='ltr'>Acta</span> <span class='ocrx_word' id='word_1_611' title='bbox 546 5840 588 5880; x_wconf 86' lang='lat'>111.</span> <span class='ocrx_word' id='word_1_612' title='bbox 1516 5827 1546 5881; x_wconf 83' lang='grc'>51</span> 
     </span>
    </p>
   </div>
   <div class='ocr_carea' id='block_1_9' title="bbox 0 0 2068 6358">
    <p class='ocr_par' dir='ltr' id='par_1_9' title="bbox 0 0 2068 6358">
     <span class='ocr_line' id='line_1_58' title="bbox 0 0 2068 6358; baseline 0 0"><span class='ocrx_word' id='word_1_613' title='bbox 0 0 2068 6358; x_wconf 95' lang='lat' dir='ltr'> </span> 
     </span>
    </p>
   </div>
  </div>
 </body>
</html>
