4090 6358
321 331 362 405 72

1085 506 1152 582 Nr.
1176 507 1236 582 69.

320 642 435 725 Eugen
451 642 516 706 III
531 639 681 722 bestcttigt
698 639 772 702 dem
787 637 866 702 Abte
888 637 1003 702 Albert
1021 661 1086 702 von
1101 638 1171 703 San
1194 639 1333 701 Lorenzo
1354 635 1468 701 Mssa
1491 634 1549 717 (D.
1573 634 1923 720 Pz'enza·M0ntalcino)
1948 634 2003 698 die

322 732 558 797 Besitatlrr'lmer
588 730 657 793 und
675 728 788 814 freies
818 727 1097 809 Ausruslzmereclrt
1124 730 1230 792 seines
1264 725 1426 806 Klosters,
1463 725 1598 789 welches
1629 747 1667 788 er
1695 727 1730 789 in
1765 724 2002 810 apostoltschen

522 820 639 885 Schutz
661 816 779 882 nzinmt
800 818 852 882 bei
870 815 1060 902 jdlrrlz'clzer
1082 817 1239 901 Zahlung
1259 838 1320 880 von
1343 817 1425 880 arvei
1445 813 1556 879 solida·
1576 813 1793 879 Lucclresz'sclr.

893 955 976 1016 1145
993 951 1175 1018 November
1187 953 1237 1015 17.
1293 947 1426 1015 Vz'terbo.
1509 979 1511 984 ’

480 1088 646 1170 Eugenius
662 1088 848 1171 episcopus,
871 1109 983 1154 servus
999 1108 1167 1151 servorum
1185 1087 1248 1160 dei,
1272 1082 1399 1148 dilectis
1415 1083 1489 1147 filiis
1505 1081 1657 1160 Alberto,
1676 1082 1790 1148 abbati
1807 1084 2001 1147 monasterii

321 1180 424 1242 sancti
440 1178 615 1253 Laurentii,
639 1180 730 1241 iuxta
753 1176 895 1254 fluvium,
921 1178 1010 1261 quod
1026 1178 1120 1240 Anso
1137 1177 1263 1252 dicitur,
1285 1175 1347 1252 siti,
1372 1176 1509 1256 eiusque
1525 1173 1686 1248 fratribus,
1708 1181 1777 1236 tam
1793 1173 2003 1256 presentibus

323 1289 420 1351 quam
445 1269 568 1343 suturis,
597 1267 780 1350 regularem
804 1270 905 1332 vitam
929 1267 1086 1350 professis
1109 1281 1146 1330 ΙΝ
1169 1280 1247 1328 ΡΡΜ.
1270 1300 1313 1310 -
1334 1260 1338 1348 Ι
1359 1265 1395 1326 In
1418 1262 1601 1350 apostolice
1623 1263 1712 1327 sedis
1735 1265 1906 1346 regimine,
1938 1264 2003 1324 dis·

321 1366 465 1441 ponente
497 1357 648 1434 domino,
682 1359 850 1420 constituti
889 1377 1024 1422 necesse
1054 1356 1228 1431 habemus,
1266 1353 1400 1437 singulis
1431 1353 1577 1443 ecclesiis
1609 1360 1748 1435 patema
1778 1353 2002 1416 sollicitudine

321 1448 497 1531 providere
527 1456 561 1511 et
592 1448 682 1509 iustis
713 1449 897 1530 petentium
925 1449 1011 1511 votis
1043 1445 1223 1509 clementer
1254 1463 1404 1506 annuere.
1451 1442 1556 1505 Huius
1587 1444 1633 1506 rei
1654 1441 1659 1522 1
1680 1443 1792 1524 gratia,
1823 1442 1940 1506 dilecti
1972 1444 2002 1504 in

321 1539 459 1601 domino
491 1535 556 1612 filii,
586 1537 857 1618 predecessorum
890 1545 1084 1613 nostrorum,
1115 1535 1218 1598 felicis
1246 1533 1402 1621 memorie
1426 1531 1615 1596 CELESTINI
1635 1533 1658 1612 Ι)
1689 1540 1723 1594 et
1744 1531 1849 1595 LUCII
1865 1532 1903 1613 ²),
1935 1533 2000 1595 Ro·

321 1647 494 1690 manorum
510 1625 712 1708 pontificum,
728 1628 873 1709 vestigiis
889 1625 1085 1702 inherentes,
1099 1626 1216 1688 vestris
1232 1623 1322 1686 iustis
1338 1621 1613 1704 postulationibus
1625 1620 1803 1684 clementer
1819 1624 2002 1700 annuimus,

321 1726 356 1779 et
385 1714 548 1799 prefatum
579 1715 667 1778 beati
696 1715 897 1780 LAURENTH
928 1717 1172 1790 monasterium,
1206 1715 1238 1776 irr
1269 1733 1336 1795 quo
1369 1712 1480 1775 divino
1512 1711 1689 1794 mancipati
1720 1711 1798 1774 estis
1829 1711 2003 1793 obsequio,

321 1804 384 1870 sub
407 1806 496 1870 beati
519 1805 628 1868 PETRI
659 1813 692 1868 et
720 1812 831 1868 nostra
863 1807 1071 1888 protectione
1100 1805 1305 1886 suscipimus
1337 1809 1370 1865 et
1393 1801 1552 1884 presentis
1575 1802 1690 1884 scripti
1713 1801 1888 1884 privilegio
1913 1822 2002 1866 com-

322 1897 493 1959 munimus.
539 1891 736 1971 Statuentes,
760 1902 796 1959 ut
819 1914 1043 1976 quascumque
1066 1893 1300 1977 possessiones,
1324 1911 1532 1973 quecumque
1551 1890 1640 1954 bona
1662 1891 1749 1954 idem
1765 1893 2001 1956 monasterium

322 1988 355 2048 in
386 1984 621 2066 presentiarum
652 1984 735 2047 iuste
767 1991 799 2047 et
830 1985 986 2048 canonice
1017 1984 1177 2067 possidet,
1216 1990 1273 2045 aut
1303 1983 1336 2045 in
1369 1980 1512 2044 futurum
1547 1982 1762 2044 concessione
1794 1981 2002 2063 pontificum,

321 2073 492 2156 largitione
515 2093 629 2155 regum
652 2073 704 2136 vel
727 2074 920 2157 principum,
951 2074 1119 2138 oblatione
1150 2071 1298 2135 fidelium
1330 2069 1480 2134 serraliis
1504 2071 1595 2132 iustis
1619 2071 1727 2134 modis
1758 2070 1824 2134 deo
1856 2071 2002 2155 propitio

322 2165 446 2247 poterit
468 2163 612 2246 adipisci,
636 2162 729 2226 firma
751 2163 847 2226 vobis
870 2165 1053 2245 vestrisque
1076 2161 1320 2226 successoribus
1344 2168 1378 2223 et
1400 2157 1525 2222 illibata
1549 2166 1771 2240 permaneant.
1815 2160 1852 2222 ln
1883 2161 2002 2243 quibus

322 2253 384 2317 hec
408 2253 548 2335 propriis
571 2253 724 2316 duximus
748 2254 963 2335 exprimenda
985 2252 1170 2316 vocabulis:
1210 2247 1379 2314 ecclesiam
1402 2257 1515 2337 sancte
1538 2248 1706 2312 Trinitatis
1729 2248 1772 2312 de
1797 2244 1938 2336 [Orlgia
1971 2261 2004 2315 et

322 2342 521 2424 hospitalem
546 2343 682 2406 domum
707 2342 853 2406 eiusdem
885 2343 950 2406 loci
982 2363 1057 2406 cum
1091 2341 1240 2404 omnibus
1272 2341 1338 2405 suis
1371 2338 1582 2421 pertinentiis,
1613 2337 1787 2426 ecclesiam
1819 2340 1864 2402 de
1889 2349 2002 2404 monte

323 2430 388 2496 Sizi
412 2452 486 2496 cum
510 2432 663 2495 omnibus
686 2435 752 2495 suis
767 2434 979 2514 pertinentiis
1002 2439 1035 2495 et
1058 2431 1148 2511 quod
1164 2431 1246 2494 iuste
1262 2427 1379 2493 tenetis
1395 2429 1426 2490 in
1442 2427 1581 2515 ecclesia
1601 2429 1644 2491 de
1660 2425 1802 2504 Stil'rano,
1826 2428 2000 2516 ecclesiam

323 2523 365 2586 de
389 2521 526 2586 Modani
548 2541 624 2584 cum
648 2522 800 2585 omnibus
823 2525 891 2584 suis
913 2521 1124 2605 pertinentiis,
1148 2529 1288 2584 castrum
1313 2520 1356 2582 de
1378 2515 1524 2581 Civitella
1553 2537 1627 2580 cum
1651 2518 1717 2580 suis
1740 2520 1947 2600 appenditiis
1969 2528 2000 2583 et

323 2632 398 2675 cum
414 2611 542 2674 duabus
554 2609 700 2697 ecclesiis
716 2613 748 2674 in
764 2611 837 2695 ipso
850 2611 1054 2686 constructis,
1070 2609 1242 2699 ecclesiam
1254 2606 1410 2672 videlicet
1421 2607 1524 2670 sancti
1535 2603 1720 2670 Sebastiani
1733 2606 1818 2670 infra
1828 2609 2000 2675 castellum

323 2701 474 2784 positam,
491 2699 661 2789 ecclesiam
678 2701 780 2763 sancti
797 2703 928 2764 Martini
945 2708 1037 2764 extra
1053 2697 1224 2763 castellum
1240 2700 1346 2774 sitam,
1362 2698 1444 2760 duas
1461 2695 1628 2779 portiones
1644 2697 1688 2760 de
1703 2696 1842 2761 castello
1858 2706 1894 2761 et
1910 2708 2000 2762 curte

324 2789 445 2854 Montis
460 2789 591 2865 Viridis,
616 2789 787 2853 ecclesiam
804 2791 847 2854 de
862 2787 1018 2872 Signano,
1035 2797 1068 2852 et
1082 2797 1149 2852 tres
1165 2787 1335 2871 portiones
1351 2787 1453 2869 ipsius
1468 2785 1549 2874 ville,
1566 2785 1742 2873 ecclesiam
1757 2788 1861 2851 sancti
1875 2789 2000 2852 Donati

324 2900 398 2943 curn
414 2879 510 2943 rebus
525 2880 569 2942 ad
585 2881 691 2961 ipsam
707 2879 1044 2962 pertinentinentibus‚
1067 2877 1241 2941 ecclesiam
1254 2877 1358 2939 sancti
1374 2874 1598 2939 Bartholomei
1613 2875 1655 2938 de
1667 2875 1910 2958 Lampognano
1927 2899 1999 2942 curn

324 2972 396 3052 ipsa
418 2968 501 3044 villa,
527 2966 696 3057 ecclesiam
721 2971 825 3032 sancti
840 2969 1005 3032 Anastasii
1029 2975 1063 3031 et
1085 2969 1186 3050 ipsius
1209 2968 1306 3030 castri
1323 2967 1405 3029 duas
1421 2973 1540 3048 partes,
1557 2965 1727 3054 ecclesiam
1744 2966 1848 3028 sancti
1864 2965 1999 3054 Andree

323 3060 368 3122 de
382 3056 550 3122 Suvarella
572 3079 647 3121 cum
669 3058 741 3140 ipsa
760 3057 842 3134 villa,
867 3058 1040 3147 ecclesiam
1064 3058 1167 3120 sancti
1183 3055 1384 3119 LAURENTH
1401 3062 1434 3118 et
1457 3054 1605 3118 eiusdem
1629 3052 1750 3118 castelli
1774 3055 1856 3118 duas
1880 3065 1998 3140 partes

325 3147 587 3212 Decimationem
602 3147 712 3210 allodii
735 3149 883 3212 eiusdem
906 3147 1102 3223 monasterii,
1126 3146 1215 3226 quod
1232 3147 1263 3208 in
1280 3143 1418 3209 Senensi
1435 3145 1628 3227 episcopatu
1643 3145 1743 3207 siturn
1759 3153 1817 3219 est,
1841 3147 1999 3225 quemad·

326 3238 461 3301 modum
484 3258 504 3300 a
523 3234 724 3301 Senensibus
747 3236 921 3321 episeopis,
944 3238 1033 3324 bone
1057 3238 1215 3322 memorie
1238 3234 1384 3298 Iohanne
1400 3233 1426 3314 8)
1450 3232 1602 3297 videlicet
1626 3243 1659 3297 et
1682 3232 1827 3297 Radulfo
1843 3235 1881 3320 4),
1906 3237 1999 3300 vobis

325 3328 483 3390 canonice
499 3345 656 3390 concessa
670 3334 728 3402 est,
743 3327 891 3392 similiter
906 3326 1144 3391 confirmamus.
1184 3323 1404 3388 Concedimus
1421 3323 1517 3386 etiam
1534 3322 1637 3398 vobis,
1661 3331 1704 3397 ut,
1728 3325 1755 3386 si
1771 3321 1883 3406 aliqua
1899 3325 2000 3389 libera

324 3437 474 3499 persona,
494 3417 617 3479 sivein
631 3418 698 3479 vita
711 3418 781 3480 sive
804 3419 836 3480 in
853 3425 968 3491 morte,
991 3423 1100 3479 vestro
1117 3415 1314 3478 monasterio
1338 3433 1373 3476 se
1389 3412 1539 3476 conferre
1555 3411 1702 3487 voluerit,
1727 3415 1912 3496 recipiendi
1930 3435 1998 3478 eam

325 3507 451 3588 absque
479 3505 613 3569 alicuius
641 3507 903 3570 contradictione
932 3506 1069 3570 liberam
1092 3503 1241 3567 habeatis
1265 3501 1460 3578 facultatem,
1492 3501 1584 3564 salvo
1614 3510 1725 3566 tamen
1756 3503 1824 3566 iure
1856 3507 1999 3568 matricis

324 3595 470 3685 ecclesie.
501 3593 558 3657 Ad
573 3595 728 3658 indicium
744 3603 854 3658 autern
879 3595 973 3658 huius
996 3616 1016 3658 a
1031 3593 1112 3658 sede
1127 3592 1311 3676 apostolica
1327 3598 1484 3679 percepte
1499 3593 1715 3673 protectionis
1740 3591 1825 3655 duos
1840 3592 1999 3658 Lucensis

324 3693 455 3772 monete
470 3683 592 3748 solidos
608 3684 703 3748 nobis
719 3685 903 3765 nostrisque
918 3683 1162 3747 successoribus
1179 3681 1362 3745 annualiter
1377 3678 1579 3762 persolvetis
1618 3679 1834 3744 Decemimus
1850 3701 1945 3764 ergo,
1968 3691 1999 3746 ut

324 3773 400 3837 nulli
425 3776 559 3838 omnino
587 3771 756 3837 hominurn
783 3773 894 3848 liceat,
922 3775 1010 3836 idem
1039 3773 1273 3835 monasterium
1310 3780 1435 3834 temere
1463 3769 1657 3852 perturbare
1691 3779 1748 3833 aut
1773 3774 2000 3854 possessiones

324 3864 452 3928 auferre
475 3861 526 3926 vel
549 3861 673 3927 ablatas
696 3864 842 3940 retinere,
866 3865 1012 3926 minuere
1035 3881 1093 3924 seu
1117 3860 1317 3943 quibuslibet
1332 3858 1561 3924 vexationibus
1582 3858 1727 3940 fatigare,
1751 3862 1810 3924 sed
1827 3865 1942 3926 omnia
1957 3865 1999 3925 in-

324 3962 416 4036 tegra
435 3961 670 4017 conserventur
685 3972 808 4028 eorum,
825 3973 886 4036 pro
902 3972 1041 4032 quorum
1059 3950 1293 4033 gubernatione
1310 3957 1343 4013 et
1358 3950 1598 4012 sustentatione
1614 3968 1772 4013 concessa
1787 3959 1871 4026 sunt,
1887 3952 2000 4016 usibus

324 4043 521 4107 omnimodis
543 4043 722 4126 profutura,
744 4043 834 4104 salva
857 4042 944 4104 sedis
967 4040 1147 4127 apostolice
1169 4040 1362 4103 auctoritate
1386 4047 1419 4101 et
1443 4039 1695 4102 diocesanorum
1715 4043 1742 4117 α)
1766 4041 1998 4124 episcoporum

324 4134 482 4196 canonica
504 4132 624 4195 iustitia
647 4139 681 4194 et
704 4132 894 4194 reverentia.
932 4127 968 4194 Si
985 4149 1049 4210 qua
1065 4131 1163 4211 igitur
1176 4130 1209 4192 in
1236 4129 1379 4193 futurum
1404 4127 1623 4191 ecclesiastica
1639 4128 1833 4193 secularisve
1848 4151 1999 4212 persona,

324 4222 409 4286 hanc
442 4231 553 4309 nostre
589 4220 826 4284 constitutionis
857 4217 1012 4302 paginam
1042 4219 1160 4295 sciens,
1198 4227 1314 4282 contra
1345 4237 1418 4280 eam
1454 4226 1579 4282 temere
1611 4211 1749 4304 [ven]ire
1778 4222 1998 4303 temptaverit,

324 4313 470 4375 secundo
493 4312 632 4374 tertiove
656 4312 867 4386 commonita,
891 4310 917 4371 si
933 4330 998 4372 non
1015 4308 1235 4372 satisfactione
1252 4327 1395 4390 congrua
1412 4305 1641 4382 emendaverit,
1665 4311 1838 4390 potestatis
1853 4308 1999 4375 honoris-

325 4421 391 4484 que
422 4401 471 4465 sui
495 4401 653 4482 dignitate
684 4408 793 4463 careat
823 4418 979 4479 reamque
1011 4417 1047 4462 se
1078 4399 1190 4461 divino
1220 4397 1339 4460 iudicio
1373 4398 1515 4460 existere
1546 4397 1589 4459 de
1619 4406 1808 4480 perpetrata
1831 4401 1999 4480 iniquitate

325 4499 512 4574 cognoscat,
544 4499 578 4552 et
608 4507 627 4552 a
656 4490 877 4552 sacratissimo
908 4507 1047 4570 corpore
1079 4507 1118 4550 ac
1148 4489 1307 4570 sanguine
1338 4487 1391 4549 dei
1422 4494 1456 4550 et
1478 4486 1613 4560 domini,
1647 4486 1868 4570 redemptoris
1901 4489 1998 4553 nostri

324 4583 395 4645 Iesu
420 4578 547 4655 Christi,
579 4578 682 4642 aliena
709 4578 774 4654 fiat,
804 4586 904 4660 atque
927 4580 960 4642 in
983 4585 1134 4642 extremo
1158 4578 1310 4640 examine
1335 4576 1478 4664 districte
1502 4573 1617 4639 ultioni
1640 4575 1819 4641 subiaceat.
1866 4576 1998 4643 Cunctis

324 4679 443 4746 autem,
474 4671 582 4733 eidem
613 4667 687 4732 loco
711 4689 769 4732 sua
793 4669 861 4731 iura
883 4667 1103 4743 servantibus,
1124 4663 1129 4753 Ι
1149 4668 1191 4730 sit
1214 4687 1282 4748 pax
1311 4666 1435 4730 domini
1460 4665 1561 4728 nostri
1593 4664 1665 4728 Iesu
1689 4663 1819 4743 Christi,
1850 4669 1999 4748 quatinus

326 4767 359 4822 et
392 4757 446 4822 hic
484 4759 622 4823 fructum
654 4759 740 4844 bone
772 4759 909 4822 actionis
942 4757 1126 4841 percipiant
1163 4763 1198 4820 et
1228 4767 1308 4838 aput
1339 4756 1524 4818 districtum
1556 4753 1699 4818 iudicem
1731 4757 1856 4838 premia
1890 4767 1998 4848 eterne

325 4851 416 4932 pacis
439 4848 609 4912 inveniant
635 4884 673 4894 —
696 4845 701 4932 Ι
722 4847 841 4911 Amen.
866 4846 985 4910 Arnen.
1009 4845 1128 4910 Arnen.

539 4940 600 5016 (R)
624 4939 698 5020 Ego
721 4938 888 5019 Eugenius
912 4935 1073 5023 catholice
1096 4935 1232 5023 ecclesie
1256 4935 1432 5018 episcopus
1454 4955 1494 4997 ss.
1520 4933 1587 5012 (M)

537 5030 558 5108 †
581 5029 654 5110 Ego
678 5026 852 5091 Albericus
875 5025 1061 5090 Hostiensis
1084 5025 1260 5106 episcopus
1284 5045 1325 5088 ss.
1350 5021 1398 5108 (8)

537 5115 558 5199 †
581 5118 655 5200 Ego
679 5116 957 5199 GG.(Gregorius)
981 5115 1143 5196 presbiter
1166 5114 1339 5176 cardinalis
1362 5115 1411 5175 tit.
1435 5112 1554 5177 Calixti
1578 5133 1619 5176 ss.

538 5204 558 5290 †
582 5209 655 5290 Ego
679 5206 888 5269 Humbaldus
911 5205 1073 5288 presbiter
1096 5202 1269 5266 cardinalis
1292 5204 1340 5266 tit.
1364 5212 1550 5265 sanctorum
1573 5201 1729 5264 Iohannis
1752 5211 1786 5265 et
1807 5202 1900 5266 Pauli
1924 5223 1963 5266 ss

538 5293 559 5380 ’s
581 5298 655 5379 Ego
680 5294 836 5358 Nicolaus
858 5295 1020 5377 presbiter
1043 5285 1216 5357 cardinalis
1238 5293 1287 5354 tit.
1311 5292 1415 5354 sancti
1439 5290 1566 5374 Cyriaci
1590 5311 1631 5354 ss.

538 5383 559 5469 †
582 5387 656 5469 Ego
680 5384 871 5448 Maniredus
895 5384 1057 5465 presbiter
1079 5380 1252 5445 cardinalis
1274 5381 1322 5444 tit.
1346 5390 1459 5444 sancte
1482 5380 1602 5444 Savine
1625 5401 1666 5444 ss.
1690 5379 1743 5464 (1)

539 5477 559 5555 †
582 5474 656 5558 Ego
680 5471 777 5537 Iulius
800 5473 962 5556 presbiter
985 5471 1158 5535 cardinalis
1180 5472 1229 5532 tit.
1252 5471 1356 5534 sancti
1381 5470 1527 5533 Marcelli
1551 5490 1591 5532 ss

486 5671 511 5736 a)
530 5671 587 5719 Das
604 5669 787 5733 meinerus
803 5669 894 5716 Rasur.
913 5705 963 5711 --
985 5668 1021 5732 ,1)
1045 5665 1106 5716 Urk.
1129 5681 1184 5714 vom
1202 5666 1237 5716 23
1261 5665 1393 5715 November
1410 5665 1487 5715 1143.
1595 5663 1622 5730 2)
1645 5663 1705 5714 Urk.
1730 5677 1785 5712 vom
1803 5665 1839 5714 26
1858 5664 1918 5714 Mai
1934 5665 1996 5714 ml

328 5743 355 5808 3)
378 5741 489 5807 Jolarrn,
509 5741 614 5808 Br'schof
623 5757 671 5790 von
689 5739 769 5800 Sr‘ma,
789 5754 809 5790 c.
830 5739 897 5789 1037
911 5765 944 5776 —
957 5753 978 5792 c.
998 5739 1075 5789 1063.
1148 5740 1175 5805 4)
1194 5737 1296 5804 liudolf,
1315 5737 1419 5802 Br'sclrof
1430 5752 1479 5786 von
1497 5736 1577 5798 sena,
1597 5751 1617 5784 c.
1637 5738 1705 5787 1073
1719 5763 1750 5772 -
1765 5751 1785 5786 c.
1806 5737 1884 5788 1083.
