4142 6366
343 303 407 370 ²94

342 473 443 562 quod]
467 478 499 539 in
524 477 633 540 medio
657 476 746 539 chori
770 477 866 540 vestri
891 487 948 549 est,
972 475 1125 557 plateam,
1151 497 1215 557 que
1238 487 1288 540 est
1311 479 1394 541 inter
1417 487 1547 560 portam
1570 478 1706 542 ecclesie
1729 486 1763 540 et
1777 472 2000 562 colu(m)pnas,

341 575 373 628 et
396 566 491 628 aliam
515 566 657 647 plateam
680 566 763 628 inter
785 565 917 629 easdem
942 561 1160 648 colu(m)pnas
1183 572 1216 629 et
1237 566 1401 649 hospitale
1417 569 1519 630 sancti
1536 567 1699 644 Iohannis,
1722 567 1806 629 sicut
1821 567 1856 629 in
1871 565 1999 648 longum

340 663 373 718 et
396 654 496 718 latum
519 655 732 736 protenditur,
756 656 874 718 domos
898 656 1038 736 insuper,
1065 656 1232 730 stationes,
1263 667 1363 720 terras
1386 666 1419 719 et
1442 657 1602 738 quidquid
1625 658 1658 719 in
1682 656 1846 737 quarterio
1870 656 2001 719 ecclesie

339 754 372 806 et
394 745 577 824 patriarche
598 743 727 808 habetis
750 754 783 807 et
806 745 848 807 de
874 754 983 808 cetero
1013 744 1096 806 iuste
1126 746 1293 826 acquirere
1322 746 1485 827 poteritis,
1518 756 1552 808 et
1583 765 1697 808 omnes
1728 745 1808 808 alias
1827 743 1856 828 ει)
1879 745 2000 820 domos,

338 833 495 896 stationes
527 843 561 896 et
590 844 706 908 terras,
738 854 818 916 quas
848 834 932 896 infra
959 832 1133 897 ierusalem
1164 843 1198 898 et
1227 842 1320 896 extra
1350 835 1540 916 possidetis,
1573 836 1652 898 item
1684 843 1798 915 portus
1829 833 1960 896 francos
1975 833 2001 918 b)

338 923 519 998 Ierusalem,
540 923 686 1004 exceptis
703 923 840 999 duobus,
864 941 963 985 unum
986 923 1158 1005 hospitalis
1182 932 1215 985 et
1230 943 1329 986 unum
1345 924 1388 986 de
1404 923 1511 1000 latina,
1536 935 1569 988 et
1584 923 1769 1005 specialiter
1782 923 1884 998 illum,
1910 943 2001 1004 quem

337 1011 432 1074 vobis
456 1011 639 1094 patriarcha
661 1011 803 1075 reddidit
824 1012 1014 1075 testimonio
1029 1013 1125 1086 Petri,
1140 1012 1231 1094 Tyrii
1253 1013 1490 1095 archiepiscopi
1510 1009 1546 1097 c),
1572 1013 1628 1095 qui
1651 1007 1759 1096 cum(!)
1774 1032 1794 1074 a
1808 1013 1908 1074 vobis
1931 1032 2000 1075 con·

338 1100 520 1164 cedendum
541 1098 571 1184 d)
600 1110 755 1164 tenuerat.
809 1101 959 1164 Preterea
989 1101 1159 1164 ecclesiam
1191 1111 1225 1164 et
1256 1103 1448 1165 cimiterium
1484 1112 1578 1165 extra
1614 1110 1745 1183 portam
1774 1101 1886 1163 David
1917 1103 2002 1164 iuxta

337 1189 432 1262 viam,
456 1211 522 1271 qua
545 1191 606 1254 itur
628 1189 806 1265 Bethleem,
840 1190 1009 1253 dimidiam
1032 1191 1131 1254 etiam
1154 1201 1281 1272 partem
1306 1191 1389 1254 illius
1412 1192 1645 1273 possessionis,
1678 1209 1776 1272 quam
1800 1191 1927 1270 primus
1949 1210 2003 1252 rex

337 1278 514 1342 Balduinus
532 1277 556 1364 ¹)
579 1299 639 1361 pro
663 1279 835 1342 excambio
859 1280 1067 1361 episcopatus
1082 1280 1321 1344 Bethleemitici
1345 1280 1471 1362 prefate
1487 1275 1669 1364 domini(ci)
1684 1277 1853 1360 Sepulchri
1871 1279 2003 1342 ecclesie

337 1369 435 1440 dedit,
458 1388 572 1432 omnes
596 1368 738 1431 decimas
762 1369 900 1432 civitatis
921 1368 1094 1432 ierusalem
1119 1379 1152 1432 et
1174 1371 1275 1432 totius
1297 1370 1516 1452 episcopatus
1540 1370 1687 1450 exceptis
1711 1369 1847 1431 decimis
1863 1364 2002 1452 sunde(!),

338 1477 357 1520 a
380 1456 468 1521 bone
492 1458 647 1521 memorie
669 1457 819 1533 Amulio,
850 1458 1017 1540 quondam
1040 1459 1299 1522 lerosolimitano
1329 1458 1521 1540 patriarcha,
1552 1457 1787 1522 rationabiliter
1809 1457 1908 1520 vobis
1931 1478 2002 1520 con·

337 1547 451 1622 cessis,
492 1557 525 1610 et
546 1547 630 1610 sicut
652 1565 708 1610 eas
731 1547 763 1608 in
786 1547 1021 1628 presentiarum
1044 1547 1181 1629 pacifice
1204 1548 1393 1629 possidetis,
1426 1559 1459 1612 et
1490 1548 1569 1611 alias
1601 1549 1699 1610 etiam
1732 1547 1894 1622 decimas,
1926 1567 2003 1627 quas

337 1636 370 1698 in
394 1637 509 1700 eadem
534 1636 664 1699 civitate
687 1645 720 1698 et
743 1637 934 1718 episcopatu
958 1636 1102 1718 legitime
1125 1638 1274 1719 poteritis
1297 1639 1512 1719 imposterum
1537 1637 1684 1718 adipisci,
1714 1635 1809 1699 vobis
1840 1645 1874 1698 et
1897 1637 2003 1698 eidem

336 1725 471 1789 ecclesie
487 1734 593 1788 vestre
609 1726 800 1788 auctoritate
816 1726 998 1806 apostolica
1015 1726 1252 1789 confirmamus.
1290 1726 1325 1789 ln
1343 1727 1484 1809 Neapoli
1505 1725 1533 1812 e)
1548 1737 1676 1799 terram,
1697 1744 1795 1807 quam
1810 1724 2002 1798 Amalricus,

337 1814 466 1877 illustris
488 1814 751 1877 lerosolimorum
775 1833 833 1877 rex
849 1812 882 1899 ²),
906 1815 939 1877 in
962 1814 1061 1878 Novo
1083 1816 1188 1897 burgo
1211 1815 1306 1879 vobis
1331 1816 1474 1892 donavit,
1498 1824 1531 1879 et
1553 1815 1733 1890 ecclesiam,
1758 1833 1858 1896 quam
1882 1813 2002 1876 ibidem

337 1923 410 1966 cum
435 1903 592 1966 cimiterio
616 1923 658 1966 ex
681 1904 892 1967 concessione
915 1905 970 1986 pie
988 1902 1019 1989 s)
1042 1905 1277 1968 recordationis
1300 1903 1458 1969 Amaln‘ci
1478 1906 1523 1988 a),
1545 1904 1794 1968 lerosolimitani
1810 1903 2003 1985 patriarche,

336 1993 511 2056 hedificare
535 1993 675 2074 cepistis,
699 2000 732 2054 et
755 1992 914 2074 quidquid
937 1993 1015 2057 iuris
1037 1993 1165 2057 habetis
1186 1994 1275 2076 apud
1291 1995 1467 2077 Neapolim
1484 1995 1565 2058 etin
1581 1993 1765 2058 confinibus
1781 1993 1868 2067 eius,
1890 1993 2002 2074 viginti

336 2090 369 2143 et
392 2103 492 2145 unum
515 2082 642 2157 casalia,
675 2102 739 2163 que
762 2081 830 2145 dux
853 2081 1055 2147 Codeiredus
1073 2079 1098 2166 Β)
1116 2079 1146 2166 h)
1175 2103 1247 2146 cum
1277 2084 1480 2164 pertinentiis
1510 2085 1575 2147 suis
1607 2082 1742 2146 ecclesie
1764 2091 1873 2144 vestre
1905 2081 2001 2155 dedit,

335 2170 425 2234 villas
441 2171 548 2246 etiam,
573 2191 654 2252 quas
668 2170 875 2246 hedificastis,
903 2191 1057 2253 magnam
1073 2171 1332 2235 Machomasiam
1352 2171 1380 2257 ἰ)
1395 2172 1548 2236 videlicet
1563 2182 1596 2236 et
1611 2191 1745 2254 parvam
1761 2184 1793 2233 et
1808 2169 1959 2234 Betbsuri
1976 2169 2002 2254 ¹¹)

335 2269 368 2322 et
383 2260 471 2336 alias,
489 2280 569 2341 quas
585 2259 760 2323 hedificare
776 2258 899 2323 fecistis
917 2261 956 2340 l),
972 2259 1027 2322 ubi
1043 2259 1149 2322 Latini
1164 2260 1370 2338 habitabunt,
1394 2281 1468 2324 curn
1485 2262 1630 2326 ecclesiis
1653 2271 1687 2323 et
1709 2261 1799 2323 omni
1816 2260 2003 2341 integritate

335 2349 455 2412 iustitie
487 2360 519 2413 et
542 2349 618 2411 iuris
648 2347 852 2429 parochialis,
882 2350 960 2412 item
977 2348 1094 2412 Ihecue
1114 2346 1152 2435 11¹)
1168 2370 1242 2412 cum
1266 2351 1418 2414 omnibus
1441 2351 1645 2433 pertinentiis
1668 2350 1745 2425 suis,
1775 2359 1809 2412 et
1831 2349 2002 2411 ecclesiam

335 2437 545 2519 Quarentene
571 2435 601 2522 ὓ)
623 2459 697 2500 cum
728 2439 930 2520 pertinentiis
953 2439 1033 2514 suis,
1065 2437 1237 2502 Celadram
1254 2437 1283 2524 ⁰)
1313 2448 1345 2504 et
1376 2451 1503 2517 terram,
1538 2459 1637 2522 quam
1661 2438 1785 2502 emistis
1814 2436 2002 2500 alohanne

336 2527 484 2592 Comano
502 2523 541 2612 1)),
579 2537 614 2591 et
641 2527 753 2590 omnia
775 2527 894 2591 casalia
931 2546 1005 2590 cum
1043 2529 1246 2608 pertinentiis
1283 2550 1411 2604 eorum,
1450 2550 1514 2612 que
1552 2529 1674 2592 emistis
1704 2527 1747 2590 ab
1779 2528 1926 2609 Hugone
1964 2527 2002 2588 de

330 2615 515 2698 Hybellino
534 2613 580 2703 a),
623 2617 793 2679 ecclesiam
837 2616 942 2679 sancti
979 2617 1064 2680 Petri
1103 2619 1135 2680 in
1175 2614 1328 2704 Ioppe[n]
1367 2639 1441 2683 cum
1485 2618 1582 2681 bonis
1600 2616 1629 2703 r)
1666 2626 1700 2680 et
1738 2614 1908 2698 dignitatis
1947 2637 2002 2679 sue

336 2705 534 2788 integritate,
566 2705 844 2789 quemadmodum
875 2725 948 2768 eam
980 2707 1089 2787 quiete
1118 2728 1204 2771 nunc
1234 2710 1417 2791 possidetis,
1450 2717 1483 2770 et
1506 2707 1677 2782 decimam,
1708 2726 1808 2787 quam
1831 2706 2002 2786 recepistis

335 2795 368 2858 in
392 2804 464 2858 toto
488 2796 644 2859 comitatu
669 2795 724 2858 illo
748 2815 768 2857 a
790 2814 866 2877 rege
889 2804 923 2858 et
944 2814 965 2857 a
987 2794 1145 2878 religiosis
1168 2796 1352 2862 hominibus
1375 2809 1409 2861 et
1431 2797 1473 2859 ab
1498 2797 1650 2859 omnibus
1673 2795 1865 2870 christianis,
1891 2813 2001 2875 quem-

335 2884 516 2948 admodum
539 2905 595 2948 eos
616 2881 642 2970 5)
664 2881 792 2947 habetis
816 2884 904 2965 apud
926 2883 1102 2948 Yerichum
1126 2883 1148 2970 t)
1172 2896 1205 2948 et
1228 2889 1257 2950 in
1291 2887 1433 2950 confinio
1466 2887 1543 2960 eius,
1573 2884 1733 2968 quidquid
1765 2885 1841 2945 iuris
1871 2880 2001 2945 habetis

334 2974 396 3037 sub
419 2983 584 3055 potestate
607 2984 640 3036 et
662 2971 808 3035 dominio
832 2972 957 3035 domini
981 2973 1023 3036 de
1038 2973 1141 3037 Arsur
1159 2972 1186 3060 ¹¹)
1209 2979 1299 3058 apud
1314 2975 1486 3040 Cesaream
1510 2985 1543 3038 et
1565 2975 1597 3037 in
1621 2984 1693 3037 toto
1717 2972 2000 3054 archiepiscopatu

336 3063 412 3139 eius,
436 3073 541 3126 castra
564 3063 596 3126 in
619 3061 773 3144 Nicopoli
796 3062 942 3125 Burnum
960 3058 989 3146 v)
1012 3063 1103 3126 iuxta
1126 3063 1284 3147 Caephas,
1309 3065 1413 3129 Cabul
1426 3061 1469 3150 w)‚
1493 3065 1623 3139 Leeam,
1646 3061 1851 3126 Costantiam
1871 3058 1911 3146 ¹),
1941 3082 2001 3142 que

336 3153 369 3215 in
402 3161 474 3214 toto
505 3151 786 3233 archiepiscopatu
817 3150 988 3214 Nazareno
1017 3163 1050 3216 et
1080 3152 1113 3214 in
1141 3152 1308 3218 Aconensi
1341 3155 1533 3236 episcopatu
1565 3163 1663 3235 atque
1692 3153 1725 3214 in
1758 3160 1829 3212 toto
1862 3149 1956 3230 Tyrii
1975 3147 2001 3231 1)

336 3240 631 3323 archiepiscopatu,
668 3248 700 3302 et
730 3239 841 3302 omnia
871 3240 1092 3316 nihilominus,
1133 3263 1196 3325 que
1226 3244 1258 3306 in
1290 3245 1439 3306 universo
1472 3243 1690 3324 patriarchatu
1720 3249 1754 3302 et
1783 3259 1886 3320 regno
1920 3239 2000 3301 Iero-

335 3329 522 3392 solimitano
545 3328 781 3392 rationabiliter
803 3329 977 3410 possidetis
991 3329 1044 3392 vel
1059 3333 1238 3411 possessuri
1255 3335 1341 3408 estis,
1366 3328 1455 3418 [item
1473 3330 1652 3414 quicquid'
1643 3330 1719 3393 ruris
1735 3323 1835 3414 apud]
1853 3335 2000 3390 montem

335 3419 551 3500 Peregrinum,
576 3413 651 3502 [et
644 3438 675 3480 m
699 3428 771 3481 toto
787 3419 979 3499 episcopatu
996 3418 1201 3501 Tripolitano
1223 3419 1361 3497 habetis,
1385 3432 1418 3485 et
1441 3419 1488 3504 in]
1509 3419 1687 3483 Antiochia
1711 3464 1906 3481 .......
1930 3435 1999 3478 cum

334 3553 533 3570 .......
558 3517 591 3570 et
613 3506 831 3589 patriarchatu
848 3517 937 3570 certo
952 3506 1082 3571 habetis
1096 3509 1148 3572 vel
1163 3507 1314 3588 habituri,
1331 3512 1394 3574 deo
1410 3511 1585 3573 adiuvante
1606 3507 1640 3594 Ζ),
1661 3508 1805 3590 legitime
1821 3501 2000 3590 [acquirere

335 3595 491 3678 poteritis.
535 3597 686 3659 Preterea
708 3615 821 3660 omnes
849 3597 1081 3678 possessiones,
1121 3619 1201 3701 quas
1241 3598 1334 3684 citra]
1366 3597 1474 3663 Sicilia
1511 3606 1545 3660 et
1583 3596 1733 3696 Calabria
1770 3595 1860 3676 apud
1902 3591 2000 3676 [mare

334 3684 463 3749 habetis
502 3686 534 3747 in
573 3705 675 3768 regno
713 3683 831 3760 Sicilie,
868 3685 1067 3749 videlicet
1058 3706 1091 3748 m
1122 3688 1193 3768 ipsa
1212 3685 1267 3772 aq]
1308 3731 1794 3752 ................
1826 3683 1998 3747 ecclesiam

334 3775 436 3837 sancti
467 3773 637 3857 Sepulchri
675 3784 709 3837 et
745 3775 847 3838 sancti
885 3775 1060 3850 Laurentii,
1098 3776 1186 3858 apud
1217 3777 1434 3841 Brundusium
1473 3819 1999 3839 ...............

335 3863 506 3926 ecclesiam
551 3864 654 3927 sancti
700 3863 922 3927 Bartholomei
968 3883 1042 3927 cum
1089 3865 1241 3928 omnibus
1288 3867 1499 3949 pertinentiis,
1541 3865 1630 3946 apud
1668 3860 1850 3926 Venusiam
1902 3861 1999 3924 eccle·

334 3953 416 4016 siam
443 3962 554 4016 sancte
582 3954 708 4016 Marine
742 3972 815 4016 cum
846 3951 998 4016 omnibus
1028 3954 1241 4034 pertinentiis,
1272 3967 1304 4020 et
1334 3955 1505 4019 ecclesiam
1535 3955 1638 4017 sancti
1676 3949 1829 4014 Iohannis
1871 3951 1914 4014 de
1952 3950 1999 4012 Ne

336 4087 563 4106 ........
588 4042 1069 4124 cumomnibuspertinentiis
1099 4043 1172 4119 suis,
1204 4045 1292 4126 apud

334 4131 538 4212 pertinentiis
582 4131 665 4204 suis,
710 4131 799 4211 apud
847 4131 1139 4213 Montempilosum
1185 4133 1357 4197 ecclesiam
1402 4144 1513 4197 sancte
1546 4132 1649 4195 Marie
1689 4128 1891 4211 Magdalene
1930 4147 1999 4190 cum

334 4219 486 4283 omnibus
510 4219 714 4301 pertinentiis
737 4220 811 4295 suiS,
839 4219 988 4301 apud..
1175 4267 1182 4282 .
1210 4271 1215 4284 .
1249 4271 1255 4284 .
1291 4272 1296 4285 .
1326 4272 1332 4286 .
1363 4271 1369 4284 .
1399 4273 1405 4285 .
1729 4217 2000 4299 ..pertinentiis

333 4309 408 4384 suis,
441 4308 530 4391 apud
564 4307 744 4371 Vestallam
776 4308 947 4371 ecclesiam
977 4266 1081 4372 sancti
1111 4311 1242 4374 Martini
1274 4331 1348 4375 cum
1381 4268 1553 4374 omnibus
1561 4266 1766 4392 pertinentiis
1796 4307 1873 4382 suis,
1914 4305 1999 4388 apud

333 4397 517 4460 Potentiam
545 4397 716 4460 ecclesiam
746 4399 850 4461 sancti
879 4399 1045 4460 Laurentii
1084 4419 1157 4462 cum
1188 4400 1392 4481 pertinentiis
1430 4400 1503 4475 suis,
1543 4399 1632 4480 apud
1661 4397 1796 4461 Troiam
1828 4396 2000 4459 ecclesiam

333 4486 436 4548 sancti
467 4483 637 4567 Sepulchri
670 4507 744 4548 cum
775 4486 927 4550 omnibus
960 4488 1164 4568 pertinentiis
1191 4490 1257 4552 suis
1279 4535 1642 4553 ............
1666 4487 1770 4551 Marie
1801 4484 1844 4547 de
1875 4485 1999 4547 Bolneo

334 4595 407 4638 cum
431 4575 583 4638 omnibus
606 4575 808 4657 pertinentiis
831 4575 904 4651 suis,
928 4575 1101 4638 ecclesiam
1123 4588 1235 4640 sancte
1259 4579 1434 4660 Margarite
1458 4578 1499 4641 de
1521 4577 1633 4640 Penna
1656 4596 1728 4640 cum
1752 4573 1910 4637 omnibus
1933 4593 2000 4655 per·

333 4664 477 4727 tinentiis
507 4663 587 4737 suis,
620 4665 708 4746 apud
731 4663 954 4729 Beneventum
983 4665 1154 4728 ecclesiam
1184 4669 1287 4731 sancti
1310 4667 1477 4732 Theodori
1508 4686 1583 4729 cum
1613 4665 1766 4729 omnibus
1795 4661 2000 4744 pertinentiis

333 4753 408 4827 suis,
433 4753 520 4833 apud
544 4799 925 4817 .............
950 4752 1134 4818 confinibus
1152 4752 1200 4839 bb)
1223 4757 1306 4833 eius,
1338 4758 1370 4820 in
1399 4755 1518 4819 Tuscia
1548 4755 1646 4818 etiam
1677 4759 1711 4817 et
1741 4754 1775 4814 in
1804 4760 1881 4814 tota
1912 4749 1999 4813 ltalia

491 4863 516 4922 a)
535 4859 604 4909 Fchlt
622 4861 651 4924 7.
681 4845 764 4910 10671
835 4858 862 4921 b)
887 4872 974 4907 ornnes
998 4857 1082 4908 furnos
1108 4859 1137 4923 J
1164 4861 1257 4920 10671,
1275 4859 1350 4926 abiges
1366 4859 1483 4910 ohHeicht
1498 4859 1601 4908 verlesm
1672 4859 1696 4922 c)
1713 4855 1774 4920 Tyri
1798 4861 1822 4903 et
1848 4854 1998 4904 antemurale

333 4944 363 4977 ex
389 4929 456 4977 dono
481 4929 562 4979 bonae
586 4930 723 4980 memoriae
747 4929 821 4992 Petri,
845 4929 971 4994 quondam
989 4930 1108 4994 Tyrensis
1133 4930 1316 4995 archiepiscopi
1341 4933 1373 4997 J.
1398 4933 1483 4988 7674:
1513 4929 1587 4993 Petri,
1612 4928 1738 4993 Tyriensis
1763 4925 1997 4990 archiepiscopiJ.

333 5001 417 5050 10671
500 5002 527 5069 d)
545 5017 620 5068 quem
633 5003 733 5051 avobis
754 5001 940 5050 commodatum
961 5001 992 5065 J.
1007 5003 1088 5051 10671
1159 5003 1184 5066 e)
1201 5019 1227 5050 so
1248 5003 1276 5068 J.
1295 5005 1387 5062 10671,
1405 5002 1507 5051 Absclrr:
1524 5001 1656 5064 Hierapoli
1726 4997 1848 5063 melicis
1871 4999 1903 5062 J.
1923 4998 1998 5047 10611

332 5070 361 5136 g)
380 5071 499 5122 himerici
581 5074 609 5138 b)
628 5073 767 5124 Gotilridus
788 5073 818 5137 J.
839 5074 923 5122 10671
1006 5071 1241 5138 i)Macbomariam
1262 5074 1291 5139 J.
1312 5076 1395 5124 10671
1478 5071 1812 5137 lr)BethtsnritJ.10671
1898 5069 1919 5129 1)
1941 5068 1998 5117 alias

332 5157 428 5205 omnes,
447 5159 508 5209 quas
527 5145 664 5196 edificaturi
691 5145 749 5194 estis
770 5143 901 5208 710671
990 5147 1025 5208 m)
1044 5143 1148 5194 'lbecue
1170 5145 1200 5209 J.
1229 5147 1312 5195 10671
1403 5144 1641 5212 n)soJ.10571,
1667 5143 1774 5192 Abscar:
1800 5155 1879 5205 qnam
1903 5138 1996 5189 habetis

332 5215 511 5299 o)Geladiam
532 5219 562 5283 J.
582 5219 665 5268 10671
737 5213 766 5282 p)
785 5214 920 5280 Gomagno
942 5213 1301 5280 J.10671q)llbelino
1323 5218 1352 5282 7.
1373 5219 1456 5266 10671
1527 5216 1550 5282 r)
1569 5213 1673 5264 honoris
1693 5215 1724 5278 J.
1737 5213 1818 5263 10671
1894 5211 1997 5276 s)qnic·

331 5286 416 5352 qnid
409 5287 467 5336 ruris
488 5290 518 5353 J.
537 5291 629 5348 10671,
648 5288 723 5336 barser
739 5289 776 5336 als
802 5287 846 5334 dos
871 5285 934 5352 abige
1021 5289 1041 5350 t)
1061 5287 1214 5336 Ascalonem
1235 5288 1371 5352 710671
1460 5289 1485 5340 ιι)
1504 5287 1602 5335 Arsurii
1623 5287 1652 5351 J.
1674 5286 1756 5334 10671
1846 5285 1876 5343 v)
1896 5289 1997 5332 omnum

331 5356 474 5425 Fe[n]iculi‚
494 5361 595 5410 domam
620 5361 651 5424 J.
671 5359 752 5408 10671
836 5359 870 5422 π)
889 5357 973 5406 Gebul
994 5359 1024 5422 J.
1044 5359 1128 5407 10671
1210 5363 1236 5424 x)
1255 5360 1295 5408 Lo
1314 5359 1388 5421 Cara,
1417 5364 1506 5408 cuncta
1524 5359 1599 5406 etiam
1627 5358 1658 5422 J.
1677 5357 1761 5405 10671
1845 5353 1876 5420 y)
1895 5351 1996 5418 ‘syrena

334 5431 363 5495 7.
393 5432 476 5481 10671
569 5435 592 5496 z)
612 5438 637 5480 et
661 5429 686 5478 in
711 5434 764 5479 toto
785 5428 953 5492 patriarchatu
972 5435 998 5478 et
1014 5427 1153 5493 principatu
1173 5429 1226 5479 eius
1243 5431 1284 5480 vel
1302 5430 1328 5480 in
1345 5431 1459 5490 futurum,
1479 5429 1528 5478 deo
1547 5428 1657 5478 donante
1680 5427 1709 5491 J.
1730 5428 1813 5476 10571
1906 5437 1946 5486 ιι)
1964 5423 1997 5471 ἐι

332 5503 402 5551 StrHr
419 5501 453 5552 im
468 5501 509 5552 Or.
527 5501 648 5562 unlesbar,
666 5517 712 5549 aras
732 5501 762 5565 J.
780 5503 863 5550 10671
880 5503 983 5566 aergdnst,
1002 5503 1062 5550 doch
1079 5503 1133 5550 lrt'rt
1149 5501 1201 5549 aar
1218 5503 1255 5550 dic
1271 5501 1401 5552 Siclrerlrcit
1417 5501 1471 5564 wfi
1490 5501 1547 5550 wn'l
1561 5501 1598 5549 die
1613 5500 1639 5548 T
1634 5505 1683 5550 acte
1700 5497 1826 5563 anfaargm
1842 5497 1939 5546 atdrker
1953 5509 1996 5542 var

330 5573 446 5623 &ander
466 5574 635 5623 abmdchm
676 5572 765 5622 Umerc
792 5571 908 5622 Urhmde
923 5572 1003 5636 fiilis!
1024 5573 1093 5621 mbr
1114 5571 1270 5638 Benisungen
1287 5574 1339 5638 aus
1424 5573 1468 5640 bb)
1488 5571 1605 5637 quicquid
1622 5571 1680 5620 iuris
1698 5570 1780 5618 Rome
1799 5575 1824 5618 et
1842 5569 1869 5618 in
1888 5565 1996 5618 omnibns

331 5643 421 5694 finibus
446 5646 479 5709 J.
498 5647 590 5694 10571.
609 5681 662 5688 .-
680 5644 716 5707 .1)
733 5643 845 5694 Balduin
862 5643 883 5704 J,
901 5643 985 5709 K'o'mg
1001 5657 1049 5692 von
1068 5643 1215 5707 Jerusalem,
1235 5646 1410 5695 1100-1118.
1484 5654 1510 5708 2)
1523 5642 1648 5694 Amaln'cfi
1662 5642 1682 5700 I,
1696 5639 1837 5706 106κᾲοω
1851 5640 1995 5704 Jnuralu,

331 5716 507 5770 1162-1173.
572 5717 599 5780 3)
616 5715 737 5784 Gorffried
745 5731 793 5765 vm
805 5714 926 5774 Bordllon,
939 5714 1039 5779 Herzog,
1053 5715 1232 5765 1000-1100.
