4126 6356
1680 344 1737 432 183

68 553 220 617 persona,
245 525 329 598 hanc
353 535 465 598 nostre
480 527 719 598 constitutionis
743 525 895 615 paginam
916 528 1029 608 sciens,
1045 537 1158 596 contra
1173 550 1245 598 eam
1262 541 1385 599 temere
1400 538 1510 599 venire
1525 539 1741 620 temptaverit,

66 626 216 687 secundo
231 628 373 687 tertiove
388 626 596 698 commonita,
609 624 634 685 si
647 644 712 686 non
724 623 1001 704 presumptionem
1014 643 1106 685 suam
1118 625 1338 687 satisfactione
1351 645 1494 708 congrua
1506 627 1740 704 emendaverit,

67 716 247 796 potestatis
270 712 468 793 honorisque
490 715 539 775 sui
564 714 723 794 dignitate
754 720 863 774 careat
894 730 1048 790 reamque
1079 732 1115 775 se
1145 713 1253 777 divino
1285 715 1403 777 iudicio
1428 716 1567 778 existere
1598 716 1642 778 de
1668 737 1740 798 per·

67 813 198 885 petrata
238 803 406 884 iniquitate
444 811 637 884 cognoscat,
671 811 704 864 et
734 821 753 864 a
785 801 1000 864 sacratissimo
1037 821 1176 883 corpore
1205 823 1244 865 ac
1276 804 1429 884 sanguine
1459 805 1512 866 dei
1544 813 1577 866 et
1605 804 1740 882 domini,

66 894 291 974 redemptoris
314 894 415 955 nostri
439 892 511 954 Iesu
536 890 661 966 Christi,
692 888 883 963 alienafiat,
916 898 1013 969 atque
1044 893 1075 952 in
1100 899 1249 954 extremo
1273 894 1423 955 examine
1453 894 1598 956 districte
1627 894 1741 957 ultioni

65 981 251 1044 subiaceat.
298 979 430 1045 Cunctis
460 989 586 1055 autem,
618 980 742 1043 ibidem
773 999 831 1040 sua
863 979 931 1041 iura
960 980 1179 1055 servantibus,
1210 983 1253 1042 sit
1283 1001 1351 1063 pax
1381 982 1503 1044 domini
1537 983 1637 1045 nostri
1668 983 1740 1046 lesu

67 1068 205 1146 Christi,
238 1070 389 1151 quatinus
412 1068 520 1132 ethic
543 1069 683 1132 iructum
706 1070 795 1132 bone
822 1069 959 1130 actionis
980 1066 985 1152 Ι
1006 1069 1186 1151 percipiant
1216 1078 1249 1132 et
1276 1071 1364 1152 apud
1389 1071 1568 1134 districtum
1598 1073 1740 1137 iudicem

65 1163 197 1242 premia
221 1168 334 1224 eterne
357 1161 448 1240 pacis
470 1159 642 1221 inveniant.
688 1157 806 1220 Amen.
830 1155 906 1218 Am.
930 1155 1049 1220 Amen.
1073 1193 1117 1204 -

285 1245 339 1332 (R)
363 1249 435 1329 Ego
458 1247 624 1310 Adrianus
648 1247 808 1310 catholice
832 1245 969 1308 ecclesie
992 1247 1167 1329 episcopus
1190 1267 1231 1310 ss.
1254 1245 1316 1332 (Μ)

285 1337 306 1415 †
329 1337 401 1419 Ego
424 1335 600 1399 HUbaldus
623 1337 784 1419 presbiter
807 1335 979 1398 cardinalis
1001 1339 1049 1398 tit.
1074 1345 1186 1399 sancte
1210 1336 1364 1399 Praxedis
1386 1357 1427 1400 ss.

286 1425 402 1508 †Ego
426 1425 602 1488 HUbaldus
634 1425 794 1506 presbiter
824 1423 995 1488 cardinalis
1026 1428 1074 1488 tit.
1098 1433 1211 1488 sancte
1235 1426 1346 1489 Crucis
1377 1427 1409 1489 in
1432 1426 1605 1489 ierusalem
1629 1447 1670 1490 ss.
1694 1425 1741 1514 (3)

285 1551 328 1561 -
351 1515 371 1596 †
394 1513 466 1596 Ego
490 1517 579 1578 Boso
603 1515 759 1578 diaconus
782 1513 954 1576 cardinalis
976 1523 1162 1576 sanctorum
1187 1513 1306 1578 Cosme
1330 1522 1363 1577 et
1386 1515 1538 1578 Damiani
1563 1536 1603 1578 ss.

233 1602 310 1665 Dat.
326 1602 486 1685 Anagnie,
503 1624 563 1685 per
578 1624 707 1666 manum
725 1603 865 1677 Alberti‚
881 1605 985 1665 sancti
1001 1603 1138 1666 Adriani
1154 1604 1281 1666 diaconi
1305 1603 1484 1679 cardinalis,
1507 1607 1613 1668 vicem
1629 1607 1741 1670 domni

67 1689 246 1775 Rlolandi)
276 1701 388 1755 sancte
410 1692 558 1755 Romane
589 1693 726 1755 ecclesie
750 1692 919 1773 presbiteri
941 1692 1112 1754 cardinalis
1142 1700 1176 1755 et
1203 1693 1395 1767 cancellarii,
1418 1695 1568 1775 gerentis.
1613 1709 1665 1758 1111
1687 1695 1741 1760 Kl.

67 1777 208 1843 Octobr.
248 1780 428 1845 Indictione
447 1780 475 1866 ει)
491 1794 537 1844 vl.
567 1782 667 1845 Anno
684 1793 815 1844 MCLvlt.
852 1779 1061 1843 Pontificatus
1077 1800 1154 1844 vero
1170 1782 1281 1844 domni
1297 1781 1434 1845 Adriani
1450 1804 1507 1866 pp.
1523 1797 1575 1846 1111
1591 1805 1677 1847 anuo
1692 1799 1740 1848 111.

236 1893 464 1961 Or.·Nachbildeeng
481 1894 635 1960 (Pergameni
650 1897 678 1945 di
697 1896 771 1945 Curia
789 1897 844 1944 eccl.
865 1893 900 1958 l),
919 1895 952 1943 im
970 1895 1084 1944 Archivie
1101 1896 1128 1944 di
1143 1895 1210 1944 State
1227 1911 1257 1944 au
1275 1896 1371 1960 Neapcl.

235 1966 302 2030 Perg.
322 1967 382 2024 ital,
409 1967 462 2016 dens
480 1965 532 2015 eeht
551 1968 698 2030 pdpstlichen
722 1967 900 2030 nstsprechend,
929 1967 964 2014 br.
983 1968 1068 2026 0,625,
1093 1969 1154 2033 lang
1170 1970 1238 2027 0,69,
1261 1967 1433 2033 urspringle'ch
1454 1975 1530 2017 meten
1552 1969 1741 2036 umgeschlagen,

59 2036 123 2099 jetst
139 2036 322 2100 abgeschne'teen,
341 2038 418 2086 durch
436 2039 488 2086 drce'
503 2037 596 2086 L'a'cher
609 2039 671 2104 ging
687 2040 725 2088 die
742 2039 847 2098 Schmcr,
865 2039 902 2087 die
919 2038 963 2086 mit
979 2038 1032 2088 dem
1050 2039 1128 2105 Siegel
1142 2042 1257 2090 vertam.
1293 2040 1330 2088 Es
1348 2041 1378 2088 ist
1400 2041 1449 2088 ehu
1459 2039 1586 2104 seiecliche
1604 2042 1675 2090 Bulle
1699 2042 1745 2091 mit

66 2109 135 2156 allen
151 2109 378 2158 Anaserliehheilen
395 2110 519 2158 dcrselben.
557 2111 673 2159 Ratalllr.
689 2113 708 2170 1,
727 2111 760 2159 im
769 2110 1019 2168 Durchmesser0,07.
1045 2110 1222 2176 Manogramm‚
1245 2111 1342 2173 Gneppe
1349 2111 1429 2170 Nea,
1449 2111 1570 2177 dichlineg,
1589 2111 1741 2174 tectonas,

67 2179 128 2227 brer't
146 2181 235 2239 0‚0.³4.
273 2180 326 2230 Mte
347 2183 428 2246 gelher
443 2181 518 2230 Diale
541 2181 599 2230 siesd
619 2182 763 2248 aeesgesr'e'hrt
789 2181 876 2246 Geripp
902 2181 957 2229 und
973 2181 1092 2246 Inschnft
1116 2183 1159 2230 der
1185 2185 1258 2242 Rata,
1287 2181 1469 2247 Managramm,
1502 2182 1665 2247 Underschrast
1690 2185 1746 2233 und

67 2249 268 2317 &tagastensem
291 2267 339 2300 von
364 2253 468 2301 duntlcr
491 2253 566 2302 Dinte
590 2253 769 2317 Haupth'a'rpcr,
806 2253 941 2316 Urnsehrest
966 2253 1022 2301 und
1043 2253 1175 2319 Datimng.
1213 2253 1292 2302 Schan
1319 2255 1379 2303 ds'ese
1404 2257 1453 2302 Art
1476 2255 1519 2302 der
1536 2254 1622 2303 Mache
1645 2256 1676 2304 ist
1697 2272 1743 2304 un-

63 2322 223 2387 gecotthnlich.
251 2323 299 2372 Die
315 2323 488 2390 Nachbildung
504 2325 602 2374 erhennt
619 2341 677 2374 man
694 2326 763 2374 dann
780 2323 925 2374 namnctlielt
942 2340 977 2373 an
994 2324 1040 2372 den
1062 2325 1165 2384 Theilen,
1184 2324 1222 2373 die
1239 2325 1265 2374 in
1279 2325 1359 2390 gelber
1376 2326 1451 2375 Dinte
1464 2325 1613 2392 geschn'eben
1631 2327 1743 2386 araeden,

66 2409 102 2440 an
125 2394 171 2442 der
192 2394 260 2442 sucht
278 2411 342 2460 gana
366 2395 575 2461 hanaleinth'sngen
603 2396 779 2461 Umersehn'st,
806 2399 869 2446 Rata
892 2395 948 2446 saed
963 2394 1140 2461 Monagranene.
1177 2397 1233 2446 Das
1253 2396 1333 2445 Ganse
1358 2397 1389 2446 ist
1409 2397 1466 2446 sehr
1485 2397 1607 2463 gesche'eht
1624 2397 1743 2463 gemacht,

67 2468 153 2514 acm
166 2464 232 2513 auch
249 2467 275 2514 in
293 2467 337 2516 der
353 2467 575 2532 Kanserr'ptschn'fl.
596 2496 627 2505 -
647 2469 695 2517 Die
711 2468 854 2534 Fa'lschang
870 2467 929 2518 sieht
950 2483 1010 2516 nean
1033 2485 1067 2516 an
1090 2469 1173 2516 Albert
1195 2469 1220 2516 in
1238 2469 1281 2517 der
1297 2468 1427 2534 Datirung
1438 2466 1529 2536 (Jaffe',
1549 2471 1606 2534 Reg.
1621 2477 1649 2534 p.
1668 2471 1739 2537 669),

66 2551 109 2585 ans
127 2535 217 2587 Ir'ehlen
235 2537 275 2587 des
291 2539 468 2588 incarnationis
486 2541 512 2588 in
529 2540 574 2588 der
590 2539 719 2605 Datimng
735 2541 791 2590 und
806 2557 840 2588 an
857 2540 948 2606 singen
966 2537 1246 2604 Haupthb'rpery'armeln.

816 2717 883 2791 Nr.
914 2719 999 2792 174.

65 2845 226 2910 Hadrian
242 2844 303 2910 IV
318 2847 436 2911 nimmt
448 2847 509 2911 das
525 2844 656 2911 Klaster
677 2845 1145 2913 Sc-Rotert-la-caaise-Dhu
1161 2847 1224 2931 (D.
1255 2847 1430 2926 Clermant)
1456 2850 1490 2913 in
1512 2849 1742 2934 apostalischen

67 2935 188 3000 Schuts
212 2936 282 3000 aad
294 2937 444 3020 bestaezgt
463 2939 551 3001 seina
566 2937 803 3001 Besitathstmer
820 2937 889 3000 und
902 2937 1028 3018 Rechts,
1050 2939 1157 3018 wafitr
1177 2960 1211 3002 es
1217 2939 1364 3024 jethrlich
1387 2935 1481 3002 canen
1498 2939 1678 3023 Byzanaier
1699 2961 1742 3003 an

632 3025 686 3090 die
701 3024 806 3091 Kurie
820 3048 860 3090 au
875 3027 1050 3090 entrichten
1065 3026 1127 3090 hat
1142 3031 1181 3112 ¹).

639 3135 725 3196 1157
737 3131 913 3196 December
933 3135 984 3196 13.
1030 3133 1179 3196 lateran.

231 3245 396 3310 Adrianus
405 3249 587 3333 episcopus,
599 3269 710 3312 servus
721 3248 958 3322 servorumdei,
974 3247 1101 3311 dilectis
1112 3248 1184 3310 filiis
1192 3248 1343 3324 lordano,
1352 3247 1542 3313 venerabilis
1554 3253 1742 3315 monasterii

68 3335 154 3400 Case
171 3337 226 3400 dei
241 3335 355 3400 abbati
365 3334 401 3422 ²),
417 3339 552 3418 eiusque
568 3337 729 3412 iratribus,
744 3345 811 3400 tam
825 3337 1030 3419 presentibus
1046 3356 1145 3416 quam
1162 3336 1284 3413 suturis,
1301 3335 1481 3422 (canonice)
1496 3339 1741 3416 substituendis,

68 3428 101 3488 in
126 3435 334 3508 perpetuum.
380 3425 462 3490 Cum
487 3428 637 3491 omnibus
661 3425 823 3491 catholice
846 3428 984 3508 ecclesie
1008 3426 1082 3490 filiis
1105 3427 1273 3490 debitores
1298 3448 1339 3490 ex
1363 3428 1504 3490 iniuncto
1528 3429 1622 3491 nobis
1643 3431 1741 3492 adeo

67 3515 276 3597 apostolatus
301 3515 403 3579 offitio
428 3519 615 3593 existamus
640 3517 703 3580 illis
727 3516 810 3578 enim
830 3513 859 3601 b)
883 3516 964 3579 locis
987 3523 1085 3596 atque
1108 3517 1255 3598 personis
1279 3519 1484 3599 propensiori
1508 3538 1567 3580 nos
1592 3519 1742 3581 convenit

68 3605 213 3667 caritatis
236 3605 344 3668 studio
368 3607 551 3682 imminere,
587 3626 670 3688 quos
693 3608 725 3668 in
753 3625 830 3667 vere
862 3605 1023 3687 religionis
1056 3601 1232 3690 habitu(m)
1261 3606 1477 3687 omnipotenti
1509 3606 1573 3669 deo
1604 3608 1742 3670 militare

69 3696 304 3775 cognoscimus
335 3703 368 3757 et
395 3696 436 3756 ad
460 3696 572 3758 sedem
596 3694 810 3777 apostolicam
835 3701 1012 3757 noscuntur
1035 3693 1201 3777 spetialius
1225 3697 1395 3780 pertinere.
1434 3694 1578 3776 Dignum
1601 3715 1741 3775 namque

69 3790 103 3845 et
126 3781 292 3847 honestati
326 3785 521 3846 conveniens
551 3805 623 3847 esse
647 3784 861 3866 cognoscitur,
893 3791 936 3859 ut,
968 3783 1022 3862 qui
1045 3784 1086 3845 ad
1120 3781 1325 3846 ecclesiarum
1357 3785 1511 3865 regimen,
1543 3785 1741 3864 disponente

68 3871 219 3945 domino,
235 3874 393 3955 assumpti
405 3893 525 3949 sumus,
549 3876 596 3936 eis
620 3882 653 3936 et
664 3894 684 3936 a
696 3893 869 3954 pravorum
885 3871 1055 3935 hominum
1072 3874 1217 3953 nequitia
1232 3881 1381 3934 tueamur
1394 3881 1427 3935 et
1441 3873 1530 3935 beati
1542 3874 1628 3936 Petri
1641 3883 1740 3952 atque

68 3961 435 4024 sacrosancteRomane
444 3962 579 4025 ecclesie
594 3959 811 4047 (auctoritate)
823 3963 1012 4024 muniamus.
1034 3961 1228 4043 Eapropter,
1247 3961 1357 4024 dilecti
1367 3961 1615 4037 indominofilii,
1626 3964 1741 4025 vestris

69 4052 164 4112 iustis
188 4049 459 4132 postulationibus
483 4052 660 4115 clementer
683 4052 864 4126 annuimus,
894 4058 927 4111 et
949 4049 1219 4131 predecessorum
1244 4059 1438 4124 nostrorum,
1461 4051 1562 4113 felicis
1585 4051 1741 4113 memorie

69 4139 195 4202 Leonis
219 4141 295 4203 noni
313 4137 345 4224 ³),
368 4139 550 4203 Alexandri
566 4137 601 4224 ⁴),
624 4137 750 4202 Urbani
767 4137 801 4224 ⁶),
831 4138 971 4202 Pascalis
988 4136 1023 4224 ⁶),
1052 4138 1169 4201 Calixti
1187 4139 1211 4224 7)
1243 4147 1276 4202 et
1299 4140 1436 4221 Eugenii
1454 4136 1487 4224 ⁸),
1518 4138 1740 4203 Romanorum

70 4227 277 4309 pontificum,
306 4230 447 4310 vestigiis
478 4227 677 4305 inherenteS,
710 4229 797 4292 beati
821 4227 958 4291 Roberti
990 4231 1239 4304 monasterium,
1270 4228 1300 4291 in
1329 4249 1395 4308 quo
1426 4229 1536 4291 divino
1569 4229 1744 4310 mancipati

70 4318 149 4380 estis
178 4318 354 4398 obsequio,
386 4318 447 4380 sub
478 4318 567 4381 beati
596 4319 684 4382 Petri
713 4327 746 4380 et
778 4326 888 4380 nostra
918 4318 1124 4399 protectione
1154 4319 1347 4399 suscipimus
1381 4327 1413 4380 et
1445 4318 1602 4400 presentis
1634 4319 1744 4400 scripti

71 4405 246 4488 privilegio
270 4409 516 4470 communimus.
562 4404 767 4481 Statuentes,
799 4416 834 4468 ut
864 4426 1088 4488 quascumque
1119 4409 1344 4489 possessiones
1362 4405 1396 4492 ⁹),
1430 4426 1636 4488 quecumque
1658 4407 1745 4470 bona

235 4605 259 4664 a)
279 4599 369 4650 Dasd
391 4617 437 4649 aus
454 4601 466 4650 s
485 4601 601 4666 horrigirt
688 4601 715 4666 b)
735 4602 811 4650 besser
833 4607 925 4650 tamen.
945 4638 990 4644 -
1010 4603 1046 4657 ,1)
1073 4601 1148 4664 Vergl.
1173 4599 1255 4648 Gallia
1277 4599 1363 4648 Christ.
1385 4600 1418 4649 II
1426 4607 1445 4664 p
1473 4601 1534 4660 335,
1556 4600 1592 4648 die
1613 4601 1673 4650 Urh.
1691 4615 1746 4650 aorn

72 4673 88 4722 9
108 4671 240 4720 December
259 4675 333 4725 1178.
373 4672 407 4720 Ob
426 4671 463 4721 die
483 4673 543 4722 Ure.
567 4673 639 4722 sehan
662 4673 687 4721 in
711 4673 756 4721 den
779 4671 854 4721 lilene.
878 4673 905 4720 de
922 4672 1011 4722 l'acaa'.
1039 4671 1067 4719 de
1088 4672 1208 4720 Clerrnont
1226 4670 1328 4736 (XVII)
1347 4672 1404 4720 ader
1420 4671 1446 4720 in
1464 4671 1509 4720 den
1528 4671 1639 4722 Manum
1658 4672 1745 4736 panh'f.

72 4745 181 4793 Arvern.
202 4743 320 4808 gedrrscht
336 4742 373 4803 ist,
398 4759 497 4809 aermag
519 4743 557 4792 ich
580 4744 646 4792 nieht
662 4761 691 4792 see
708 4760 789 4809 sagm,
812 4743 871 4792 weil
890 4743 953 4792 beide
978 4742 1058 4792 Werhc
1081 4742 1148 4791 nicht
1170 4745 1222 4806 ares
1239 4743 1283 4792 der
1304 4742 1426 4808 Telbinger
1447 4743 1576 4792 Bibliotheh
1599 4741 1746 4793 verbanden.

74 4821 101 4874 a)
123 4815 228 4880 Jordan
245 4816 274 4864 de
290 4814 460 4875 Mantbor'ssier,
478 4817 526 4865 Aac
542 4831 590 4865 aaa
608 4815 647 4864 La
663 4815 831 4874 Chare-Dicte,
853 4817 1035 4864 rita-1157.
1110 4827 1136 4876 3)
1160 4813 1219 4863 art.
1233 4829 1287 4862 uam
1303 4814 1383 4877 Jahre
1397 4816 1471 4873 1052,
1493 4811 1573 4881 Jaffe‘,
1592 4818 1651 4880 Reg.
1664 4817 1747 4875 3947)

77 4887 146 4936 Gall.
177 4885 264 4936 Chn'st.
283 4887 316 4936 ll
325 4895 351 4951 p.
371 4889 429 4937 32³.
537 4889 565 4952 4)
585 4888 632 4936 Die
653 4887 712 4936 tert.
738 4887 886 4935 Alexanders
904 4887 936 4935 Il
955 4885 1045 4934 scheint
1068 4885 1134 4934 nicht
1157 4886 1263 4934 erhalten
1287 4901 1317 4933 aee
1341 4887 1408 4944 sein‚·
1431 4887 1480 4934 eine
1502 4885 1604 4951 Gregacs
1627 4887 1680 4935 VII
1692 4903 1746 4936 vam

74 4961 108 5008 at
121 4955 199 5006 Mire
211 4959 279 5008 1080
292 4957 323 5007 ist
337 4958 403 5006 nicht
410 4965 526 5024 genannt,
545 4961 619 5023 vergi.
634 4958 698 5008 Gall.
716 4958 803 5008 Christ.
816 4959 848 5006 ll
852 4965 878 5022 p.
895 4960 962 5016 330,·
984 4953 1063 5023 Jaffe',
1082 4959 1141 5021 lteg.
1155 4960 1180 5010 9.
1192 4958 1228 5006 ed.
1241 4959 1314 5006 5159.
1388 4968 1401 5021 5
1408 4975 1413 5012 )
1429 4957 1489 5009 (leh.
1505 4973 1559 5007 vom
1571 4957 1650 5023 Jahre
1664 4961 1729 5008 1096
1736 4972 1747 5019 ;

77 5026 160 5094 Jaff‘e',
179 5031 237 5094 Reg.
251 5033 330 5089 4172,
349 5030 411 5078 auch
433 5029 496 5078 Gall.
521 5029 606 5078 Christ.
627 5029 660 5078 ΙΙ
668 5035 695 5094 p.
715 5031 774 5078 331.
866 5030 893 5090 6)
917 5028 976 5078 (leh.
995 5043 1049 5076 vain
1069 5030 1083 5074 5
1103 5027 1170 5078 Fetr.
1193 5031 1275 5087 1106;
1297 5027 1363 5080 Gall.
1387 5029 1473 5078 Christ.
1493 5029 1526 5077 Il
1535 5035 1562 5092 p.
1581 5031 1623 5089 33,
1635 5029 1704 5092 sehll
1720 5030 1747 5078 in

76 5097 160 5166 Jaffc',
179 5102 238 5165 Reg.
325 5107 350 5164 7)
372 5100 431 5150 tare.
458 5117 512 5150 vane
531 5103 565 5150 28
584 5101 658 5164 April
676 5101 743 5150 1120
763 5101 889 5150 Piacenaa.
929 5101 994 5149 Gall.
1017 5098 1102 5147 Christ.
1124 5099 1157 5147 Il
1165 5106 1192 5162 p.
1213 5101 1273 5159 333,
1289 5100 1359 5164 fehlt
1375 5100 1402 5148 in
1424 5097 1506 5165 Jaffe's
1523 5102 1580 5166 Reg.
1618 5101 1688 5150 Nach
1706 5101 1749 5150 der

78 5171 198 5220 crema
226 5172 317 5220 Calitts
340 5171 373 5220 Il
396 5172 428 5220 irt
450 5171 500 5221 eine
524 5173 616 5222 Lneicss
635 5172 668 5220 ΙΙ
688 5173 776 5238 crfhlgd
801 5189 855 5221 vam
881 5173 916 5222 23
940 5171 997 5220 Mai
1019 5173 1098 5228 rtet,
1135 5171 1200 5220 Gall.
1232 5171 1287 5221 Chr.
1312 5171 1346 5219 ll
1361 5178 1388 5234 p.
1416 5173 1481 5231 3³4,
1509 5171 1578 5236 fehlt
1603 5173 1638 5222 bcs'
1667 5169 1746 5239 Jaffc'.

74 5247 101 5302 8)
122 5243 212 5308 Eugen
230 5243 276 5291 Ill
294 5241 337 5291 hat
359 5244 417 5292 sauci
437 5243 572 5292 Urhrcnden
586 5247 641 5310 scir
658 5243 696 5292 La
718 5245 877 5293 Charite-Deba
901 5246 1012 5302 erlassen,
1037 5243 1087 5291 cine
1104 5241 1137 5290 im
1158 5243 1239 5307 Jahre
1258 5247 1325 5291 atta
1355 5241 1436 5309 Jaffe',
1463 5245 1518 5308 Reg.
1540 5244 1616 5303 etot,
1640 5245 1689 5292 eine
1706 5261 1747 5292 arn

79 5315 109 5362 12
129 5313 207 5362 titan
227 5317 303 5374 1149,
327 5315 391 5363 Gall.
415 5314 500 5364 Christ.
521 5315 555 5363 II
563 5323 589 5380 p.
609 5317 667 5374 335,
687 5317 722 5364 die
740 5316 776 5365 bei
795 5313 867 5381 Jaffe'
876 5315 950 5380 fehlt.
1058 5325 1085 5376 9)
1109 5313 1183 5363 Uebcr
1206 5314 1242 5362 die
1260 5314 1426 5380 Ausdehrrung
1446 5315 1502 5362 und
1520 5314 1684 5379 Jurisds'hlion
1708 5315 1749 5365 des

76 5385 199 5446 Klosters,
223 5387 302 5451 aergl.
320 5385 451 5445 Mabillon,
476 5388 568 5436 Amtal.
594 5386 714 5436 Benedict.
733 5386 778 5435 IV
785 5394 811 5451 p.
833 5391 892 5446 456,
919 5389 988 5445 535;
1019 5385 1044 5433 V
1051 5391 1078 5448 p.
1098 5387 1123 5434 9.
1161 5386 1192 5434 ln
1219 5385 1302 5434 Gallia
1330 5387 1468 5436 Christiana
1486 5385 1554 5449 ΙΙ).
1574 5387 1622 5436 327
1648 5388 1679 5435 ist
1694 5387 1748 5436 ma-

72 5457 184 5522 gethcr'lt:
207 5459 229 5506 Α
247 5457 337 5506 dectn's
352 5458 442 5506 abbatis
463 5457 597 5507 Casae-Dei
612 5457 723 5507 sedebant
745 5459 851 5506 abbates:
876 5459 901 5508 S.
920 5458 1031 5508 Andreae
1054 5456 1203 5517 Viennensis,
1224 5457 1250 5506 S.
1271 5457 1401 5507 Michaelis
1422 5457 1586 5516 Galliacensis,
1608 5458 1633 5506 S.
1653 5457 1750 5506 Marini

79 5528 209 5593 Papr'ensrh,
229 5529 256 5578 S.
277 5527 370 5589 Quis-isi
385 5529 488 5587 Lucani,
509 5530 579 5592 pra'sn
602 5529 680 5579 maior
701 5529 841 5588 Casae-Dei,
863 5529 934 5593 prior
950 5530 973 5578 S.
999 5527 1110 5576 Gemmas
1126 5535 1168 5576 ete.
1204 5529 1228 5576 Α
1244 5529 1347 5578 sinistris
1371 5546 1426 5578 uera
1447 5529 1540 5578 abbates
1565 5529 1591 5577 S.
1615 5529 1750 5578 Theadaedi

77 5599 291 5660 ldsntalbanenrd,
311 5601 336 5650 S.
358 5599 424 5649 Petri
440 5600 640 5662 Brantolniensr's,
660 5601 686 5651 S.
707 5601 774 5651 Petri
790 5601 979 5660 Frastmrensh,
999 5599 1019 5647 S
1023 5640 1025 5646 .
1046 5597 1142 5648 Mariae
1160 5599 1365 5660 Faverniacenn's,
1383 5601 1474 5664 priores
1492 5601 1518 5648 S.
1539 5599 1645 5649 Martieri
1664 5600 1750 5650 Partus

77 5671 120 5730 dei,
139 5672 166 5720 S.
181 5672 279 5721 Roberti
294 5671 322 5720 de
343 5671 476 5721 Corniliane
493 5679 516 5720 et
532 5671 577 5720 alii
590 5671 687 5737 priores.
724 5673 811 5722 Adhuc
828 5673 922 5721 abbatia
940 5672 965 5720 S.
985 5670 1053 5720 Petri
1069 5670 1097 5719 de
1118 5670 1192 5731 Caris,
1211 5671 1307 5736 aliaque
1314 5673 1470 5737 seminassem
1491 5671 1589 5721 celebria
1606 5672 1749 5722 monasteriis

77 5744 178 5793 asbssuet
200 5743 336 5794 Casae-Dei
351 5743 516 5792 iun'sdicthrni.

129 5852 149 5880 v.
164 5841 458 5892 Pilati-Esettang,
473 5841 530 5882 Asta
544 5841 587 5881 lll.
1519 5836 1553 5884 ²4
