4126 6366
317 301 381 382 388

1061 483 1128 560 Nr.
1156 489 1245 562 456.

321 619 461 686 &testib
475 619 543 684 HI
555 620 706 704 bestdtigt
718 620 792 686 dem
807 617 1019 702 Domkapitel
1031 639 1092 682 von
1110 617 1222 682 Genua
1237 618 1291 683 die
1306 618 1546 704 Ausgleiclrurg
1561 621 1595 684 in
1616 621 1690 685 dem
1707 619 1827 685 Stree'te
1852 622 1915 684 mit
1935 623 1992 686 der

383 708 513 775 Kr'rclze
525 710 627 774 Santa
643 711 759 774 Maria
774 707 815 774 di
831 707 969 773 castello
986 709 1019 771 in
1039 706 1169 771 Genava
1183 729 1293 792 wegen
1307 709 1368 773 der
1384 707 1507 774 Kirche
1522 708 1591 774 San
1606 710 1721 776 Marco
1735 708 1778 774 di
1789 710 1878 774 Molo
1896 711 1934 790 ¹).

929 825 1014 888 1193
1029 822 1131 907 April
1142 826 1200 887 22.
1233 824 1384 888 Lateron.

478 944 660 1008 Celestinus
683 945 875 1027 episcopus,
907 962 1018 1006 servus
1041 961 1208 1005 servorum
1232 941 1301 1016 dei,
1334 940 1461 1005 dilectis
1490 941 1561 1005 filiis
1585 942 1729 1023 Ogerio,
1761 945 1934 1025 preposito
1962 955 1993 1009 et

317 1033 484 1096 canonicis
515 1035 618 1097 sancti
641 1034 808 1098 Laurentii
832 1031 1014 1108 Ianuensis,
1046 1031 1185 1095 salutem
1218 1041 1252 1094 et
1279 1031 1497 1113 apostolicam
1520 1031 1797 1096 benedictionem.
1846 1031 1931 1096 Cum
1952 1045 1992 1110 tu,

317 1123 437 1186 dilecte
460 1123 505 1186 fili
529 1124 704 1206 preposite,
729 1141 884 1185 unacum
899 1122 1045 1196 Rustic0,
1069 1121 1229 1183 canonico
1246 1130 1313 1196 tue,
1330 1120 1362 1182 in
1379 1131 1492 1184 nostra
1507 1141 1595 1184 esses
1611 1121 1775 1204 presentia
1790 1123 1992 1200 constitutus,

317 1223 434 1295 petens
463 1213 636 1288 instanter,
678 1211 933 1275 transactionem
972 1211 1056 1273 inter
1087 1209 1242 1273 ecclesias
1271 1211 1374 1272 sancti
1405 1209 1573 1274 Laurentii
1612 1218 1647 1273 et
1675 1221 1789 1274 sancte
1819 1211 1926 1274 Marie
1956 1212 1993 1276 de

306 1301 461 1365 ¹Castello
492 1323 590 1383 super
619 1301 781 1383 capellam
813 1301 916 1364 sancti
950 1300 1054 1363 Marci
1085 1298 1127 1361 de
1155 1297 1295 1362 Modulo
1327 1299 1527 1363 celebratam
1566 1320 1625 1381 per
1655 1320 1771 1363 manus
1801 1301 1993 1366 venerabilis

318 1391 423 1453 fratris
447 1392 559 1466 nostri,
580 1390 799 1454 Vercellensis
823 1389 971 1470 episcopi
989 1386 1022 1474 ¹),
1046 1399 1080 1452 et
1102 1389 1266 1451 sociorum
1290 1389 1366 1463 eiuS,
1391 1389 1510 1470 quibus
1533 1409 1631 1452 causa
1654 1409 1713 1470 per
1732 1390 1823 1453 bone
1840 1392 1994 1454 memorie

317 1480 584 1562 predecessorem
615 1491 780 1556 nostrum,
812 1498 935 1560 papam
959 1476 1180 1553 Clementem,
1214 1477 1318 1540 fuerat
1346 1478 1498 1560 delegata
1514 1475 1555 1563 ⁸),
1586 1479 1673 1541 sedis
1704 1479 1890 1561 apostolice
1923 1501 1993 1544 con·

318 1569 503 1632 firmatione
528 1570 640 1646 fulciri,
669 1568 791 1644 Petrus,
824 1568 971 1631 eiusdem
1004 1566 1138 1630 ecclesie
1161 1576 1274 1630 sancte
1297 1567 1402 1630 Marie
1426 1566 1570 1643 clericus,
1601 1567 1634 1630 in
1658 1568 1785 1651 capella
1808 1569 1883 1651 ipsa
1907 1570 1994 1632 mini·

317 1670 432 1734 stram,
466 1679 485 1721 a
509 1659 634 1722 clericis
657 1660 758 1739 ipsius
782 1657 918 1720 ecclesie
942 1657 984 1720 de
1006 1656 1149 1720 Castello
1174 1655 1217 1719 ad
1239 1655 1426 1720 Romanam
1450 1656 1621 1720 ecclesiam
1650 1657 1841 1732 destinatus,
1874 1659 1994 1723 litteras

319 1768 431 1810 eorum
464 1749 506 1810 de
537 1747 770 1811 ratihabitione
800 1747 842 1809 de
872 1745 939 1822 his,
972 1766 1035 1827 que
1066 1746 1098 1808 in
1130 1747 1296 1826 presentia
1326 1757 1439 1810 nostra
1470 1766 1569 1828 super
1598 1746 1686 1810 sacto
1716 1746 1866 1810 eiusdem
1897 1759 1995 1811 traus-

319 1838 458 1900 actionis
488 1847 614 1919 ageret,
645 1836 741 1900 nobis
772 1836 901 1912 obtulit,
933 1844 978 1910 et,
1009 1855 1051 1898 ne
1074 1834 1359 1898 confirmationem
1381 1836 1558 1898 transactio
1582 1837 1655 1917 ipsa
1677 1837 1846 1918 reciperet,
1875 1837 1994 1920 suppli-

318 1928 412 1990 cavit.
465 1927 681 1990 Postmodum
711 1946 789 1989 vero
822 1925 865 1987 ad
896 1945 1013 2007 pacem
1046 1934 1079 1988 et
1109 1925 1321 1987 concordiam
1351 1924 1594 1988 reformandam
1627 1925 1795 2002 inductus,
1828 1947 1897 1990 una
1926 1947 1994 1990 cum

317 2016 438 2078 dilecto
462 2014 528 2078 filio
553 2017 710 2098 magistro
735 2016 780 2079 .B.
804 2012 955 2077 Ianuensi
978 2014 1148 2089 canonice,
1172 2023 1206 2078 et
1228 2015 1376 2077 eiusdem
1392 2014 1530 2078 ecclesie
1545 2024 1658 2077 sancte
1675 2013 1777 2078 Marie
1793 2016 1836 2078 de
1853 2015 1992 2080 Castello

316 2107 349 2168 in
372 2107 578 2187 prepositum
602 2105 717 2180 electo,
749 2104 920 2184 capellano
944 2113 1066 2178 nostro,
1090 2103 1124 2165 in
1147 2123 1246 2166 manu
1270 2103 1380 2167 dilecti
1404 2103 1460 2166 filii
1486 2105 1587 2168 nostri
1610 2099 1786 2188 Fid(antii),
1816 2105 1867 2168 tit.
1890 2105 1992 2168 sancti

317 2195 464 2258 Marcelli
492 2195 666 2258 cardinalis
682 2191 723 2278 ⁴),
754 2194 889 2256 firmiter
912 2202 946 2255 et
969 2193 1010 2255 de
1034 2212 1123 2255 mera
1145 2191 1315 2255 voluntate
1338 2193 1504 2274 promisit,
1538 2194 1628 2274 quod
1651 2193 1799 2256 eiusdem
1822 2194 1994 2258 cardinalis

315 2305 414 2366 super
437 2305 476 2347 ea
496 2284 726 2359 controversia,
752 2302 851 2364 quam
875 2282 917 2344 de
939 2282 1159 2344 transactione
1183 2281 1237 2344 illa
1260 2282 1425 2358 movebat
1450 2282 1608 2346 mandato
1633 2293 1666 2345 et
1688 2283 1823 2346 arbitrio
1839 2293 1944 2348 staret
1964 2291 1995 2346 et

316 2373 461 2456 plenarie
492 2385 559 2437 tam
591 2394 652 2455 pro
676 2394 720 2448 se,
753 2391 852 2454 quam
884 2391 945 2453 pro
978 2370 1131 2434 fratribus
1158 2371 1241 2446 suis,
1266 2370 1391 2434 clericis
1422 2371 1559 2435 ecclesie
1583 2372 1625 2435 de
1648 2371 1809 2448 Castello,
1842 2372 1899 2454 qui
1922 2393 1994 2436 eum

316 2483 390 2525 cum
403 2464 468 2526 suis
481 2463 595 2526 litteris
607 2462 874 2525 ratihabitionem
886 2459 1131 2523 continentibus
1144 2459 1307 2536 miserant,
1321 2461 1520 2524 observaret.
1550 2460 1602 2524 Tu
1615 2481 1748 2543 quoque
1763 2462 1907 2525 eandem
1923 2483 1993 2544 pro

316 2552 507 2615 missionem
530 2573 604 2615 cum
628 2551 747 2614 eodem
773 2552 820 2614 .R.
841 2547 868 2635 ²)
893 2549 1015 2612 faciens
1039 2549 1140 2630 ipsius
1164 2550 1357 2613 mandatum
1380 2559 1412 2612 et
1435 2550 1604 2614 arbitrium
1627 2550 1762 2632 elegisti.
1808 2551 1886 2633 Ipse
1909 2572 1993 2628 vero,

316 2642 399 2704 sicut
422 2642 470 2704 vir
493 2642 628 2717 consilii,
653 2641 831 2704 concordie
854 2649 887 2702 et
910 2639 1002 2720 pacis
1026 2649 1162 2715 amator,
1193 2639 1240 2702 sic
1263 2639 1438 2702 arbitratus
1461 2650 1512 2702 est
1534 2649 1568 2703 et
1590 2639 1656 2703 tale
1678 2639 1871 2704 mandatum
1896 2641 1993 2716 dedit,

316 2741 352 2793 ut
374 2751 435 2813 pro
459 2732 573 2813 viginti
598 2730 838 2794 massemutinis
868 2736 902 2791 et
931 2748 1026 2791 cereo
1068 2728 1166 2791 trium
1204 2728 1367 2804 librarum,
1402 2749 1466 2810 que
1496 2730 1665 2792 annuatim
1688 2738 1803 2792 sancte
1826 2730 1933 2794 Marie
1955 2732 1994 2793 de

317 2818 460 2884 Castello
484 2820 580 2883 vobis
604 2831 637 2882 et
661 2819 796 2882 ecclesie
818 2827 926 2880 vestre
949 2818 1041 2880 iuxta
1062 2824 1211 2880 tenorem
1234 2818 1462 2880 transactionis
1490 2817 1638 2900 predicte
1668 2819 1838 2901 pensionis
1861 2820 1994 2882 nomine

315 2909 489 2973 tenebatur
526 2910 695 2985 exolvere3
735 2909 776 2971 de
816 2915 926 2970 cetero
965 2907 1110 2969 sedecim
1146 2908 1419 2970 massemuntinos
1451 2915 1485 2970 et
1514 2908 1651 2970 duarum
1680 2906 1835 2971 librarum
1866 2929 1993 2972 cereum

316 2998 441 3074 reddat,
467 3006 500 3062 et
522 3019 583 3080 pro
607 2998 767 3081 pensione
790 2996 885 3058 huius
909 2995 984 3058 anni
1009 2996 1163 3058 transacti
1186 2997 1303 3060 decem
1324 2997 1576 3059 massemutinos
1592 3004 1625 3060 et
1641 2996 1758 3060 libram
1774 3004 1808 3060 et
1824 2996 1993 3062 dimidiam

317 3107 389 3150 cere
422 3089 455 3150 in
485 3089 589 3150 sancti
618 3086 785 3150 Laurentii
817 3085 996 3148 festivitate
1036 3085 1204 3167 persolvat
1245 3086 1426 3150 secundum
1459 3093 1592 3168 tempus
1622 3096 1656 3149 et
1685 3096 1836 3164 tenores,
1875 3088 1933 3170 qui
1963 3089 1992 3150 iu

317 3177 531 3240 instrumento
555 3177 784 3240 transactionis
808 3174 918 3238 inserti
941 3179 1025 3236 sunt.
1063 3175 1107 3236 Et
1123 3175 1208 3237 hanc
1223 3195 1345 3256 penam
1361 3177 1525 3257 apposuit,
1550 3176 1649 3258 quod,
1673 3176 1700 3238 si
1717 3195 1736 3237 a
1752 3176 1842 3239 dicta
1858 3178 1993 3240 ecclesia

316 3277 429 3329 sancte
453 3267 557 3329 Marie
579 3273 720 3329 statutus
744 3265 786 3328 ab
811 3284 851 3326 ea
873 3283 989 3326 census
1012 3283 1080 3326 non
1104 3263 1207 3340 luerit,
1231 3275 1268 3327 ut
1290 3266 1513 3347 supradictum
1539 3275 1595 3342 est,
1620 3265 1781 3340 exolutus,
1813 3268 1994 3349 prescripta

316 3356 419 3419 sancti
450 3353 553 3419 Marci
587 3355 715 3437 capella
746 3355 780 3416 in
811 3354 859 3415 ius
890 3359 923 3414 et
951 3362 1152 3433 potestatem
1183 3364 1326 3416 vestram
1357 3364 1390 3418 et
1420 3354 1556 3418 ecclesie
1585 3365 1692 3418 vestre
1728 3355 1844 3418 redeat
1880 3366 1916 3419 et
1938 3377 1993 3419 vos

316 3445 436 3507 exinde
459 3445 542 3508 sicut
565 3445 727 3526 capellam
749 3453 892 3507 vestram
915 3441 1081 3505 ordinetis.
1127 3442 1199 3506 Nos
1222 3464 1300 3506 vero
1325 3443 1367 3506 ad
1391 3445 1590 3526 peticionem
1614 3444 1781 3526 utriusque
1796 3444 1911 3527 partis,
1935 3464 1994 3527 que

316 3535 380 3596 hoc
408 3534 578 3597 arbitrium
608 3542 801 3615 receperunt
832 3543 865 3595 et
895 3531 1066 3594 laudantes
1097 3532 1381 3615 approbaverunt,
1413 3534 1570 3597 dictatum
1601 3534 1644 3597 ab
1675 3553 1717 3596 eo
1749 3534 1932 3610 arbitrium,
1963 3544 1996 3597 ut

315 3623 500 3710 predictum
531 3631 589 3700 est
622 3623 815 3686 auctoritate
845 3621 932 3685 sedis
965 3619 1146 3701 apostolice
1177 3621 1409 3684 confirmamus
1441 3630 1474 3686 et
1506 3623 1670 3705 presentis
1693 3623 1806 3704 scripti
1837 3622 1995 3705 patrocini

316 3713 566 3776 communimus.
612 3709 700 3774 Nulli
723 3732 802 3792 ergo
826 3711 962 3774 omnino
986 3709 1156 3773 hominum
1180 3711 1284 3784 liceat,
1313 3711 1399 3774 hanc
1422 3721 1533 3775 nostre
1557 3713 1713 3794 paginam
1737 3711 1994 3776 confirmationis

315 3802 491 3883 infringere
521 3801 573 3864 vel
602 3803 631 3864 ei
664 3822 742 3864 ausu
774 3800 947 3864 temerario
972 3801 1143 3863 contraire.
1190 3800 1225 3864 Si
1250 3801 1322 3881 quis
1346 3809 1456 3864 autem
1479 3801 1544 3865 hoc
1567 3809 1728 3864 attentare
1750 3803 1993 3885 presumpserit,

316 3891 579 3974 indignationem
602 3891 839 3973 omnipotentis
864 3890 917 3953 dei
942 3897 975 3951 et
998 3889 1171 3952 beatorum
1186 3891 1272 3953 Petri
1297 3900 1330 3952 et
1344 3890 1443 3967 Pauli,
1468 3891 1694 3972 apostolorum
1716 3890 1794 3965 eius,
1817 3912 1855 3954 se
1871 3892 1995 3955 noverit

316 3982 527 4044 incursurum.
551 4017 594 4026 —
618 3981 696 4042 Dat.
720 3979 884 4056 Laterani,
908 3993 933 4042 x
957 3977 1011 4040 Kl.
1037 3978 1125 4040 Maii.
1170 3979 1385 4042 Pontificatus
1408 3981 1510 4043 nostri
1535 4000 1622 4042 anno
1645 3979 1757 4042 tercio.

474 4094 599 4160 Abscltnfl
615 4091 832 4168 deerz’scellanea
850 4092 877 4142 di
894 4093 956 4143 δίον.
974 4090 1061 4158 luitur.
1085 4092 1110 4141 V
1120 4099 1144 4158 p.
1165 4093 1271 4154 314,ιή
1289 4093 1333 4142 der
1349 4093 1412 4144 Bibl.
1434 4093 1517 4142 Civica
1534 4109 1565 4142 ru
1586 4093 1680 4144 Gema.

1061 4378 1130 4454 Nr.
1158 4381 1248 4455 457.

321 4511 461 4575 celestin
475 4506 544 4574 III
555 4510 743 4594 beauftragt
755 4511 821 4574 alle
838 4507 1140 4595 Kircltenprc‘r'laten,
1161 4512 1265 4592 dofiir
1277 4532 1318 4575 zu
1333 4531 1460 4594 sergeri,
1484 4510 1563 4575 dass
1588 4509 1662 4574 ihre
1678 4511 1995 4594 Psarrangelu'irigen

316 4601 406 4665 nicht
427 4623 500 4666 vom
521 4599 750 4665 Cistercienser
778 4597 887 4664 Orden
912 4598 1370 4768 undiplepp‘prlzlepplpbglppter
1384 4599 1494 4666 Salem
1518 4600 1578 4688 (D.
1606 4597 1787 4679 Konstana)
1812 4599 1995 4664 unerlarote

952 4807 1037 4868 1193
1051 4806 1139 4881 Juni
1151 4808 1180 4871 1.
1211 4806 1362 4869 Lateran.

477 4919 698 4984 CELESTINUS
714 4921 897 5003 episcopus,
914 4943 1024 4986 servus
1039 4943 1205 4986 servorum
1223 4923 1285 4998 dei,
1301 4919 1545 4986 venerabilibus
1561 4920 1722 4997 fratribus,
1739 4920 1993 5005 archiepiscopis

315 5020 349 5076 et
372 5010 538 5094 episcopis
562 5021 595 5073 et
618 5009 744 5073 dilectis
767 5010 841 5074 filiis
865 5011 1051 5088 abbatibus,
1083 5012 1256 5094 prioribus,
1284 5010 1533 5086 archidiaconis,
1565 5009 1705 5086 decanis,
1726 5007 1732 5094 Ι
1752 5011 1943 5092 presbiteris
1964 5021 1993 5074 et

315 5101 385 5165 aliis
409 5101 618 5164 ecclesiarum
642 5099 783 5182 prelatis,
808 5101 851 5164 ad
876 5121 959 5182 quos
983 5101 1089 5165 littere
1112 5103 1174 5165 iste
1196 5101 1413 5184 pervenerint,
1437 5099 1576 5164 salutem
1600 5109 1634 5162 et
1656 5099 1879 5182 apostolicam
1900 5102 1991 5166 bene

315 5190 504 5254 dictionem.
550 5189 747 5253 Audivimus
780 5197 814 5252 et
842 5191 1013 5254 audientes
1038 5192 1144 5254 mirati
1174 5210 1301 5267 sumus,
1335 5189 1435 5270 quod,
1467 5209 1543 5252 cum
1576 5187 1705 5252 dilectis
1734 5187 1808 5252 filiis
1835 5190 1842 5271 Ι
1869 5191 1991 5264 nostris,

314 5279 470 5343 fratribus
494 5276 717 5342 Cisterciensis
749 5279 887 5354 ordinis,
921 5299 941 5342 a
969 5280 1118 5362 patribus
1149 5288 1182 5344 et
1214 5279 1505 5363 predecessoribus
1535 5280 1655 5342 nostris
1678 5298 1876 5343 concessum
1899 5281 1941 5343 sit
1961 5285 1991 5341 et

475 5439 500 5502 a)
525 5437 654 5486 VorherB.
676 5476 694 5480 ..
722 5435 784 5501 ..r)
802 5435 879 5502 Vergl.
892 5435 930 5485 die
946 5436 1063 5486 Urkmde
1074 5436 1510 5488 vomeltecemberrresmdvm
1522 5438 1554 5484 15
1566 5435 1699 5486 November
1710 5436 1783 5486 1194.
1847 5438 1991 5502 atalanta:

314 5509 452 5574 Avogadro,
473 5509 577 5572 Bisthos
589 5523 637 5557 von
661 5508 765 5568 Venelli,
786 5510 964 5558 1185-1205.
1038 5508 1065 5574 3)
1083 5508 1132 5558 Die
1153 5509 1270 5560 Urkrmdc
1287 5508 1393 5558 daritber
1410 5508 1441 5556 ist
1450 5506 1517 5558 nicht
1528 5509 1640 5567 crhalten,
1654 5507 1692 5556 die
1703 5507 1766 5556 socii
1778 5523 1865 5560 ww
1876 5509 1906 5559 P.
1919 5509 1990 5558 abbas

315 5580 497 5630 Lucedinensis
515 5584 540 5629 et
558 5580 589 5629 R.
610 5585 699 5629 cautor
714 5579 886 5629 Novariensis.
929 5579 1006 5648 Vergl.
1034 5581 1071 5630 die
1092 5579 1211 5631 Urkunde
1236 5582 1277 5630 des
1293 5581 1432 5630 Kardinals
1450 5580 1520 5629 Peter
1545 5595 1594 5630 von
1611 5596 1631 5628 c.
1651 5579 1833 5640 nvo-1191,
1859 5581 1924 5630 merit
1947 5579 1991 5628 Iar

316 5653 430 5702 Italicum
443 5659 475 5716 p,
490 5653 549 5701 508.
638 5655 666 5719 4)
691 5652 769 5717 Vergl.
788 5651 825 5702 dit
846 5651 963 5702 Urhmde
985 5652 1026 5703 dtr
1042 5652 1180 5703 Kardinals
1205 5653 1336 5705 Fidentius
1352 5667 1399 5703 von
1418 5667 1438 5702 c.
1463 5651 1533 5700 1193.
1624 5651 1650 5718 5)
1676 5650 1752 5717 Vergl.
1772 5666 1797 5700 v.
1824 5651 1914 5712 Wcrclr,
1936 5649 1988 5699 od.

315 5725 385 5789 Dipl.
404 5723 569 5774 Salenritanus
588 5722 606 5771 I
614 5729 642 5788 p.
662 5727 696 5774 74
714 5723 761 5773 Nr.
783 5725 824 5773 47.
