4142 6366
330 319 393 384 218

960 575 963 582 Α
1065 494 1137 578 Ne.
1163 498 1250 578 2⁴12.

329 638 594 705 Alexamenus
611 639 728 702 nimmt
748 637 810 700 das
834 635 968 700 Kloster
989 637 1076 700 [sola
1095 617 1273 700 Giallinara
1289 626 1347 716 (Ι).
1368 627 1514 716 Genava)
1534 636 1557 724 ¹)
1582 638 1616 701 in
1630 638 1867 722 apostolischen
1883 637 2008 720 Schuetz

330 732 400 796 und
416 729 566 812 besta'tigt
583 726 695 792 dassen
715 725 952 791 Besitzthic'mer
970 725 1039 789 und
1059 725 1190 879 Rtsslh‘f’
1206 726 1324 878 {nescir
1343 747 1377 789 es
1390 726 1539 810 jdhrliclz
1560 727 1651 791 einen
1674 725 1853 811 Byzanzt'er
1871 749 1914 790 zu
1938 735 2007 790 ent-

1060 835 1109 879 rzc
1134 825 1185 878 ten
1229 824 1272 880 at.

941 921 1024 995 1'169
1038 929 1141 1015 April
1152 934 1186 994 2,
1218 931 1383 995 Benevent.

490 1051 683 1115 Alexander
715 1051 903 1130 episcopus,
942 1069 1053 1112 servus
1085 1067 1251 1110 servorum
1282 1048 1353 1122 dei,
1393 1046 1521 1110 dilectis
1551 1047 1625 1110 liliis
1655 1048 1858 1124 Raimundo,
1889 1048 2007 1110 abbati

333 1143 521 1204 monasterii
554 1141 597 1202 de
627 1138 731 1201 insula
762 1137 938 1200 Gallinaria
954 1135 995 1222 ²),
1026 1139 1161 1216 eiusque
1192 1136 1361 1211 iratribus
1400 1145 1466 1198 tam
1498 1138 1704 1218 presentibus
1742 1157 1841 1218 quam
1875 1136 2007 1213 futuriS,

331 1231 510 1311 regularem
533 1229 632 1292 vitam
664 1227 826 1310 protessis
855 1228 886 1288 in
910 1247 999 1308 ppm.
1044 1226 1245 1308 Religiosam
1268 1227 1367 1288 vitam
1393 1225 1586 1308 eligentibus
1608 1227 1825 1310 apostolicum
1849 1227 2010 1289 convenit

332 1321 447 1382 adesse
478 1318 668 1401 presidium,
700 1337 741 1379 ne
772 1316 943 1378 cuiuslibet
973 1315 1163 1378 temeritatis
1190 1317 1336 1378 incursus
1366 1323 1422 1377 aut
1453 1335 1511 1378 eos
1535 1337 1554 1378 a
1577 1319 1750 1399 proposito
1782 1326 1918 1379 revocet
1950 1315 2009 1377 vel

332 1409 439 1483 robur,
470 1408 559 1487 quod
583 1406 676 1481 absit,
707 1426 799 1468 sacre
828 1404 990 1486 religionis
1019 1404 1179 1486 infringat.
1224 1405 1419 1487 Eapropter,
1448 1405 1557 1468 dilecti
1581 1406 1613 1467 in
1635 1406 1771 1468 domino
1795 1405 1861 1480 lilii,
1886 1405 2010 1468 vestris

331 1498 419 1560 iustis
451 1495 727 1580 postulationibus
757 1503 886 1576 gratum
919 1495 1121 1576 impertimur
1159 1513 1324 1556 assensum
1364 1502 1398 1555 et
1436 1495 1598 1576 prefatum
1631 1495 1877 1570 monasterium,
1910 1495 2008 1575 quod

333 1588 501 1669 proprium
526 1595 575 1647 est
598 1594 631 1647 et
653 1583 794 1665 speciale
817 1584 966 1646 Romane
993 1583 1137 1658 ecclesie,
1161 1585 1194 1646 in
1218 1603 1285 1663 quo
1307 1583 1420 1658 divino
1446 1585 1619 1665 mancipati
1644 1585 1722 1647 estis
1746 1585 1918 1665 obsequio,
1943 1583 2010 1645 sub

333 1677 422 1738 beati
438 1677 523 1738 Petri
540 1695 579 1736 ac
603 1683 713 1735 nostra
737 1673 940 1754 protectione
963 1674 1158 1754 suscipimus
1183 1681 1216 1734 et
1240 1673 1400 1754 presentis
1423 1673 1533 1754 scripti
1557 1672 1729 1755 privilegio
1753 1674 2012 1736 communimus

332 1765 495 1845 Imprimis
519 1763 681 1842 siquidem
697 1770 886 1836 statuentes
910 1770 945 1824 ut
962 1763 1044 1824 ordo
1061 1761 1265 1836 monasticus,
1289 1762 1343 1842 qui
1364 1763 1542 1824 secundum
1559 1763 1658 1825 deum
1675 1771 1708 1825 et
1723 1763 1811 1826 beati
1827 1763 2011 1826 Benedicti

333 1853 476 1935 regulam
515 1853 657 1914 noscitur
693 1853 874 1925 institutus
912 1853 1078 1933 perpetuis
1114 1850 1235 1913 ibidem
1274 1851 1479 1933 temporibus
1515 1851 1744 1915 inviolabiliter
1775 1847 2010 1936 observletulr.

334 1941 499 2016 Preterea‚
532 1961 755 2021 quascumque
789 1943 1027 2021 possessioneS,
1066 1935 1295 2026 qu[ecumque]
1326 1935 1437 2025 bolna]
1470 1940 1558 2003 idem
1589 1943 1821 2004 monasterium
1853 1941 1942 2003 iuste
1976 1947 2013 2002 et

333 2035 488 2094 canonice
513 2033 544 2093 in
575 2031 809 2111 presentiarum
841 2030 989 2111 possidet
1017 2037 1074 2092 aut
1101 2031 1133 2091 in
1157 2025 1322 2113 [sulturum
1353 2032 1565 2092 concessione
1596 2031 1799 2112 pontificum,
1829 2031 2012 2112 largitione

333 2141 446 2202 regum
471 2119 522 2182 vel
544 2119 735 2200 principum,
759 2119 923 2180 oblatione
946 2118 1089 2180 fidelium
1113 2138 1169 2180 seu
1194 2117 1265 2180 aliis
1290 2119 1381 2180 iustis
1397 2119 1514 2194 modis,
1538 2118 1695 2201 largiente
1710 2121 1855 2194 domino,
1880 2121 2012 2200 poterit

334 2211 478 2292 adipisci,
510 2209 602 2270 firma
626 2208 720 2270 vobis
756 2205 938 2288 vestrisque
967 2207 1208 2269 successoribus
1241 2216 1275 2269 et
1305 2206 1429 2270 illibata
1453 2218 1674 2290 permaneant.
1720 2209 1757 2272 In
1788 2209 1910 2290 quibus
1946 2207 2012 2270 hec

334 2299 472 2381 propriis
503 2299 656 2359 duximus
686 2297 901 2380 exprimenda
931 2297 1112 2359 vocabulis:
1150 2296 1183 2358 in
1214 2297 1405 2378 episcopatu
1438 2296 1654 2378 Albiganensi
1694 2299 1865 2361 ecclesiam
1899 2299 2012 2360 sancti

333 2389 464 2450 Martini
495 2389 527 2449 in
557 2387 720 2448 territorio
752 2388 893 2449 civitatis
916 2385 1095 2468 Albinguin
1114 2383 1138 2470 8)
1169 2405 1242 2448 curn
1266 2385 1339 2466 ipso
1364 2396 1492 2464 monte,
1524 2388 1555 2448 in
1579 2408 1646 2468 quo
1669 2389 1731 2451 sita
1754 2397 1812 2464 est,
1846 2389 1934 2450 sicut
1958 2389 2011 2448 via

333 2478 464 2560 publica
486 2480 591 2558 vergit
615 2495 717 2554 usque
741 2477 782 2537 ad
808 2475 883 2537 litus
907 2477 1014 2550 maris,
1046 2475 1214 2537 ecclesiam
1239 2483 1352 2537 sancte
1376 2474 1487 2538 Crucis
1511 2479 1543 2538 in
1566 2477 1686 2539 eodem
1716 2485 1826 2539 monte
1858 2478 2009 2558 positam

333 2588 406 2630 cum
438 2566 589 2628 omnibus
628 2565 829 2646 pertinentiis
859 2566 941 2637 suis,
981 2562 1151 2626 ecclesiam
1182 2565 1286 2626 sancti
1317 2563 1488 2627 Ambrosii
1518 2565 1561 2627 de
1590 2564 1698 2628 Alaxe
1730 2566 2010 2638 Dominicaturas

332 2657 439 2719 villam
466 2674 530 2736 que
554 2654 598 2717 ibi
623 2662 680 2726 est,
709 2653 877 2716 ecclesiam
901 2655 1002 2715 sancti
1028 2651 1156 2716 Martini
1180 2654 1222 2715 de
1246 2652 1396 2716 Audoria
1419 2675 1492 2716 curn
1517 2656 1670 2717 omnibus
1704 2655 1906 2736 pertinentiis
1929 2657 2010 2728 suis,

333 2746 482 2809 homines
519 2752 552 2804 et
583 2744 807 2824 possessiones
844 2744 874 2804 in
903 2741 988 2805 valle
1018 2740 1185 2820 Andoria,
1216 2740 1365 2805 homines
1396 2745 1426 2806 in
1457 2743 1539 2806 valle
1569 2744 1611 2805 de
1642 2742 1761 2820 Servo,
1792 2744 2011 2807 medietatem

333 2844 447 2917 portus
478 2833 625 2896 Mauricii
657 2851 729 2894 cum
764 2830 914 2894 omnibus
947 2833 988 2893 ad
1020 2841 1144 2894 curtem
1175 2832 1319 2894 eiusdem
1352 2841 1465 2914 portus
1499 2833 1749 2913 pertinentibus,
1779 2832 2010 2896 molendinum

333 2925 464 3006 regium,
489 2921 710 2984 molendinum
733 2941 852 2983 novum
878 2932 911 2983 et
933 2920 1012 2983 alias
1035 2922 1259 3002 possessiones
1283 2922 1313 2982 in
1337 2920 1469 3002 planitie
1493 2921 1743 3004 Albinguinensi
1766 2932 1799 2985 et
1820 2925 1894 2986 aliis
1916 2921 2011 2984 locis.

333 3015 368 3076 In
401 3015 592 3094 episcopatu
624 3009 880 3073 Barchinonensi
897 3007 923 3094 ⁴)
955 3009 1124 3073 ecclesiam
1157 3013 1259 3073 sancti
1287 3011 1372 3073 Petri
1403 3012 1445 3073 de
1469 3011 1632 3074 Rivibirlis
1661 3032 1736 3074 cum
1760 3011 1835 3075 villa
1867 3023 1904 3074 et
1937 3012 2012 3074 aliis

334 3101 534 3184 pertinentiis
558 3099 630 3171 suis,
655 3100 826 3161 ecclesiam
851 3101 953 3161 sancti
978 3099 1149 3174 Marcialis,
1177 3109 1317 3162 castrum
1343 3101 1386 3162 de
1409 3099 1582 3164 Terrazola
1606 3121 1679 3164 cum
1704 3103 1907 3183 pertinentiis
1931 3104 2012 3178 suis,

334 3191 504 3254 ecclesiam
527 3190 631 3251 sancti
647 3187 812 3250 Laurentii
836 3208 909 3250 cum
933 3190 1136 3270 pertinentiis
1153 3191 1226 3252 suis.
1266 3189 1509 3252 Decimationes
1525 3209 1658 3273 quoque
1674 3193 1822 3273 piscium,
1846 3193 1903 3272 qui
1920 3192 2014 3252 circa

334 3290 367 3342 et
382 3283 473 3342 iuxta
489 3277 702 3358 prescriptam
718 3277 854 3338 insulam
873 3275 1079 3340 Gallinariam
1096 3279 1275 3358 capiuntur,
1293 3277 1437 3360 legitime
1453 3280 1545 3342 vobis
1562 3282 1772 3344 concedimus
1788 3289 1821 3343 et
1837 3281 2013 3344 devotioni

333 3379 440 3432 vestre
464 3368 656 3430 auctoritate
678 3365 860 3447 apostolica
884 3365 1121 3428 confirmamus
1169 3365 1294 3430 Crisma
1317 3387 1405 3444 vero,
1428 3368 1535 3430 oleum
1559 3378 1716 3444 sanctum,
1740 3372 2014 3432 consecrationes

333 3458 479 3522 altarium
504 3476 560 3518 seu
584 3455 797 3528 basilicarum,
822 3455 1040 3518 ordinationes
1057 3456 1257 3530 clericorum,
1281 3457 1336 3535 qui
1354 3457 1394 3519 ad
1412 3477 1522 3519 sacros
1540 3459 1669 3520 ordines
1685 3467 1759 3521 sunt
1779 3459 2014 3540 promovendi,

333 3569 352 3610 a
374 3548 562 3626 dyocesano
585 3545 765 3625 suscipietis
789 3545 956 3626 episcopo,
987 3546 1146 3624 siquidem
1170 3545 1351 3608 catholicus
1374 3546 1468 3609 suerit
1491 3555 1524 3609 et
1548 3551 1685 3629 gratiam
1710 3548 1893 3630 apostolice
1920 3548 2014 3611 sedis

333 3636 484 3700 habuerit
505 3643 537 3696 et
560 3635 660 3714 gratis
677 3642 709 3694 et
724 3634 850 3713 absque
866 3634 931 3696 ulla
947 3636 1105 3715 pravitate
1121 3655 1159 3697 ea
1175 3635 1269 3698 vobis
1286 3635 1424 3698 voluerit
1439 3638 1582 3699 exibere.
1616 3635 1777 3717 Alioquin
1793 3637 1890 3699 liceat
1904 3637 2014 3711 vobis,

334 3742 574 3807 quemcumque
596 3723 771 3797 volueritis
802 3721 998 3785 catholicum
1024 3724 1114 3786 adire
1137 3725 1322 3799 antistitem,
1356 3727 1420 3804 qui,
1450 3735 1560 3787 nostra
1584 3725 1685 3787 fretus
1709 3727 1912 3802 auctoritate,
1947 3747 2016 3807 que

333 3815 546 3898 postulantur,
572 3812 745 3892 indulgeat.
792 3809 945 3874 Obeunte
961 3821 1069 3875 autem
1086 3822 1127 3886 te,
1151 3835 1236 3875 nunc
1252 3814 1397 3876 eiusdem
1414 3813 1476 3876 loci
1492 3814 1620 3887 abbate,
1644 3815 1841 3878 veltuorum
1857 3817 2018 3895 quolibet

333 3922 566 3976 successorum,
591 3899 693 3963 nullus
715 3901 758 3964 ibi
783 3900 929 3979 qualibet
951 3902 1169 3984 subreptionis
1192 3903 1309 3965 astutia
1332 3922 1389 3964 seu
1412 3903 1564 3966 violentia
1588 3913 1796 3985 preponatur,
1823 3905 1885 3967 nisi
1910 3926 2015 3987 quem

333 3993 447 4056 iratres
472 3992 639 4054 communi
664 4010 824 4052 consensu
848 3990 899 4053 vel
932 3990 1064 4053 lratrum
1090 4011 1165 4072 pars
1189 3992 1313 4054 consilii
1337 3993 1473 4054 sanioris
1504 3993 1683 4055 secundum
1715 3995 1866 4056 timorem
1897 3996 1956 4058 dei
1982 4004 2017 4058 et

334 4083 421 4145 beati
445 4080 616 4144 Benedicti
640 4079 785 4159 regulam
810 4081 1012 4161 providerint
1035 4079 1232 4162 eligendum.
1277 4081 1410 4144 Electus
1433 4100 1512 4143 vero
1535 4082 1578 4144 ad
1602 4082 1786 4145 Romanum
1817 4084 2016 4164 pontificem

333 4171 398 4248 vel,
427 4171 478 4232 cui
503 4171 574 4250 ipse
599 4169 818 4242 mandaverit,
855 4169 1096 4231 benedicendus
1128 4171 1272 4233 accedat.
1328 4169 1540 4233 Decemimus
1575 4187 1668 4252 ergo,
1701 4165 1748 4234 ut
1768 4171 1843 4235 nulli
1875 4177 2016 4237 omnino

333 4261 501 4323 hominum
520 4258 622 4330 liceat,
648 4257 808 4339 prefatum
834 4259 1062 4320 monasterium
1087 4307 1094 4320 .
1119 4309 1125 4322 .
1149 4307 1156 4320 .
1180 4259 1292 4322 usibus
1308 4260 1508 4323 omnimodis
1525 4259 1704 4341 profutura,
1719 4261 1808 4323 salva
1824 4264 2016 4343 apostolice

333 4351 421 4412 sedis
450 4348 643 4410 auctoritate
676 4355 709 4408 et
740 4349 773 4408 in
806 4348 993 4430 prescriptis
1025 4347 1159 4429 capellis
1190 4349 1367 4428 dyocesani
1399 4349 1545 4430 episcopi
1575 4349 1685 4412 debita
1716 4354 1907 4414 reverentia
1956 4354 2015 4416 Ad

333 4440 488 4501 indicium
513 4443 621 4496 autem
645 4432 739 4496 huius
764 4444 920 4517 percepte
943 4456 963 4497 a
985 4437 1134 4499 Romana
1157 4435 1295 4500 ecclesia
1326 4438 1484 4500 libertatis
1515 4439 1692 4502 bizantium
1724 4460 1822 4502 unum
1856 4440 1955 4504 nobis
1981 4451 2016 4504 et

333 4524 573 4590 successoribus
597 4525 715 4586 nostris
739 4527 829 4587 annis
852 4524 982 4607 singulis
1010 4525 1209 4608 persolvetis.
1256 4524 1291 4590 Si
1323 4548 1388 4608 qua
1419 4529 1577 4609 igitur..
1604 4577 1610 4591 .
1635 4526 1767 4591 Cunctis
1800 4538 1911 4594 autem
1938 4581 1945 4592 .
1974 4581 1982 4594 .
2008 4583 2014 4596 .

334 4618 506 4680 inveniant.
552 4612 629 4675 Am.
656 4612 746 4676 A·m.
770 4612 847 4677 Am.

546 4703 601 4782 (R)
625 4703 698 4784 Ego
722 4701 913 4765 Alexander
937 4701 1097 4767 catholice
1121 4704 1258 4768 ecclesie
1281 4705 1455 4787 episcopus
1478 4727 1520 4768 ss.
1544 4704 1606 4792 (M)

547 4788 567 4876 †
590 4791 663 4873 Ego
687 4790 860 4855 Hubaldus
884 4792 1067 4856 Hostiensis
1092 4797 1268 4876 episcopus
1292 4813 1332 4856 ss.

547 4917 586 4926 -
612 4879 632 4963 †
657 4881 728 4962 Ego
753 4881 924 4945 Hubaldus
947 4883 1109 4965 presbiter
1132 4882 1304 4946 cardinalis
1328 4885 1374 4946 tit.
1396 4893 1511 4946 sancte
1534 4883 1646 4947 Crucis
1669 4884 1900 4948 in'lerusalem
1924 4907 1969 4948 ss.

546 4968 566 5052 †
590 4971 662 5051 Ego
675 4969 836 5033 Iohannes
849 4973 1012 5054 presbiter
1023 4973 1195 5035 cardinalis
1206 4981 1392 5035 sanctorum
1406 4973 1560 5036 Iohannis
1573 4981 1606 5036 et
1617 4974 1708 5037 Pauli
1725 4977 1773 5036 tit.
1788 4973 1957 5039 Pamachii
1970 4996 2013 5058 ss.

546 5057 566 5141 †
591 5060 663 5141 Ego
687 5059 846 5122 Albertus
870 5061 1031 5142 presbiter
1054 5061 1226 5124 cardinalis
1250 5065 1299 5125 tit.
1322 5065 1425 5125 sancti
1448 5062 1614 5125 Laurentii
1638 5065 1670 5125 in
1693 5063 1817 5126 Lucina
1839 5084 1882 5126 ss.

546 5146 567 5230 †
591 5148 664 5229 Ego
688 5150 776 5211 Boso
800 5150 961 5230 presbiter
984 5151 1154 5214 cardinalis
1177 5161 1290 5214 sancte
1313 5152 1516 5214 Pudentiane
1541 5153 1587 5214 tit.
1611 5154 1753 5215 Pastoris
1777 5173 1817 5215 ss.

548 5273 588 5281 -
613 5235 634 5319 †
658 5237 731 5319 Ego
754 5239 895 5302 lacintus
919 5241 1079 5303 diaconus
1103 5241 1274 5303 cardinalis
1297 5249 1409 5303 sancte
1432 5237 1559 5326 [Mairie
1583 5243 1614 5304 in
1640 5241 1833 5324 Cosmydyn
1855 5262 1898 5304 ss.

547 5324 568 5408 †
592 5327 665 5408 Ego
689 5326 826 5391 Ardicio
851 5330 1007 5392 diaconus
1030 5330 1203 5393 cardinalis
1226 5331 1330 5393 sancti
1353 5330 1522 5393 Theodori
1546 5351 1586 5393 ss.

547 5417 568 5495 †
593 5413 666 5497 Ego
690 5414 850 5499 Cinthyus
874 5419 1030 5482 diaconus
1054 5420 1226 5484 cardinalis
1249 5419 1351 5482 sancti
1375 5417 1514 5482 Adriani
1537 5440 1579 5482 ss.

497 5611 522 5672 1)
547 5610 623 5676 Vergl.
650 5611 864 5675 Smer-Menke,
888 5613 1046 5664 Hand-Atlas
1063 5615 1111 5664 Nr.
1131 5616 1173 5664 26.
1210 5613 1332 5680 Richliger
1355 5613 1422 5663 wohl
1437 5614 1471 5664 D.
1489 5613 1603 5679 Albmga.
1712 5615 1739 5682 2)
1757 5612 1795 5662 Es
1812 5627 1865 5662 was
1883 5613 1938 5662 dean
1956 5613 2010 5663 her'L

334 5680 432 5731 Mariba
446 5681 555 5747 gaveiht.
629 5684 656 5749 3)
675 5684 789 5749 Albmga.
862 5687 892 5751 4)
910 5685 1046 5736 Barcelona
1064 5685 1090 5736 in
1107 5685 1221 5750 Spanicn.
