4090 6358
1696 333 1734 404 71

69 513 225 601 Stephani
248 513 292 579 de
315 512 389 578 villa
404 511 517 596 Regia,
542 507 713 576 ecclesiam
736 509 840 572 sancti
856 502 1017 590 Stephani
1040 507 1082 572 de
1106 517 1213 572 castro
1237 512 1338 574 sancti
1355 509 1487 574 Romuli
1503 532 1576 574 cum
1602 511 1738 575 decimis

69 616 101 671 et
123 604 343 670 oblationibus
366 603 503 686 aliisque
525 602 623 666 rebus
648 600 689 664 ad
714 599 847 662 easdem
872 597 1027 661 ecclesias
1055 599 1300 681 pertinentibus.
1346 599 1502 664 Decimas
1526 621 1659 683 quoque
1682 622 1739 664 seu

70 697 234 778 cymiteria
261 715 322 757 nec
352 714 418 757 non
442 700 476 755 et
498 692 647 773 antiquas
670 697 795 752 vestras
819 689 1078 765 consuetudines
1110 707 1190 768 quas
1213 688 1370 753 hactenus
1392 691 1481 753 idem
1505 693 1737 754 monasterium

70 789 176 866 quiete
192 783 336 848 noscitur
351 781 514 857 habuisse,
537 781 633 844 vobis
648 778 873 842 nichilominus
889 777 1091 841 roboramus
1131 778 1310 842 Statuimus
1331 780 1440 855 etiam,
1464 801 1505 843 ne
1521 782 1563 845 ab
1580 784 1739 864 episcopo

69 876 118 939 vel
140 895 272 937 suorum
296 872 448 953 quolibet
470 889 696 934 successorum
720 868 841 931 ibidem
866 868 974 930 divina
997 866 1106 930 officia
1133 867 1375 946 interdicantur,
1405 871 1464 932 nisi
1489 891 1550 952 pro
1574 872 1739 934 communi

70 965 162 1047 culpa
191 963 268 1026 cleri
290 963 343 1026 vel
376 960 501 1046 populi.
546 959 713 1023 Laborum
737 976 871 1038 quoque
899 965 1091 1032 vestrorum,
1124 977 1208 1037 quos
1239 960 1381 1040 propriis
1411 960 1595 1042 sumptibus
1625 959 1740 1036 colitis,

70 1054 209 1117 decimas
239 1073 259 1115 a
289 1051 384 1115 vobis
416 1053 504 1134 exigi
537 1047 735 1113 omnimodis
765 1046 987 1129 prohibemus.
1040 1045 1278 1109 Verumtamen
1310 1050 1342 1110 in
1373 1050 1568 1129 supradictis
1598 1049 1740 1113 ecclesiis

72 1142 251 1206 ordinandis
274 1162 314 1204 ac
337 1141 562 1223 disponendis,
586 1145 742 1218 quantum
765 1136 809 1198 ad
833 1135 1029 1217 temporalia
1052 1135 1202 1217 pertinet,
1226 1145 1326 1218 atque
1342 1138 1373 1198 in
1394 1137 1551 1221 eligendis
1567 1158 1625 1201 seu
1641 1141 1741 1202 intro·

70 1230 225 1295 ducendis
247 1229 439 1313 presbiteris
462 1231 494 1292 in
525 1229 658 1292 easdem
691 1224 862 1302 ecclesias,
895 1245 978 1305 quos
1011 1232 1066 1288 tua
1095 1224 1147 1288 vel
1178 1245 1402 1289 successorum
1434 1235 1564 1291 tuorum
1588 1229 1739 1292 discretio

71 1321 162 1385 utiles
186 1328 218 1384 et
240 1320 379 1383 idoneos
402 1319 473 1383 fore
497 1317 687 1390 decreverit,
717 1323 750 1379 et
780 1316 972 1378 removendi
997 1334 1054 1378 eos
1079 1315 1163 1390 inde,
1194 1316 1220 1377 si
1244 1319 1334 1398 pravi
1358 1315 1410 1378 vel
1431 1318 1656 1381 inobedientes
1680 1317 1740 1380 tibi

71 1420 102 1474 et
120 1413 184 1473 tuis
205 1409 450 1472 successoribus
474 1408 601 1482 fuerint,
623 1414 691 1470 tarn
713 1412 759 1481 tu,
784 1424 881 1485 quam
905 1424 1111 1467 successores
1133 1405 1181 1466 tui
1205 1404 1355 1468 habeatis
1378 1405 1512 1469 liberam
1538 1406 1741 1484 facultatem;

71 1503 113 1564 ita
135 1499 299 1574 videlicet,
323 1507 367 1573 ut,
390 1519 500 1561 cuma
524 1505 557 1560 te
573 1495 625 1560 vel
647 1497 712 1558 tuis
735 1494 978 1558 successoribus
994 1492 1111 1575 prefati
1125 1496 1314 1558 sacerdotes
1331 1494 1451 1557 fuerint
1466 1495 1570 1573 electi,
1593 1496 1741 1560 Ianuensi

71 1588 316 1672 archiepiscopo
340 1595 567 1670 presententur
591 1593 623 1649 et
647 1603 758 1648 curam
781 1585 960 1647 animarum
984 1583 1027 1646 ab
1051 1602 1091 1646 eo
1121 1586 1288 1666 recipiant,
1317 1583 1378 1646 sibi
1410 1585 1542 1666 quidem
1576 1586 1619 1648 de
1649 1589 1742 1670 spiri-

71 1679 215 1755 tualibus
244 1678 306 1741 tibi
329 1697 408 1740 vero
432 1677 475 1740 de
498 1674 735 1759 temporalibus
759 1676 955 1757 responsuri,
985 1673 1068 1735 sicut
1091 1675 1124 1734 in
1148 1673 1266 1755 prefati
1289 1673 1531 1756 predecessoris
1554 1679 1656 1739 nostri
1680 1677 1742 1759 pri·

71 1768 185 1850 vilegio
218 1768 411 1830 continetur.
465 1764 674 1848 Sepulturam
707 1783 840 1844 quoque
869 1763 964 1827 vobis
994 1761 1129 1825 liberam
1162 1783 1234 1826 esse
1264 1763 1485 1838 decernimus,
1526 1774 1561 1828 ut
1590 1764 1744 1829 videlicet

72 1877 190 1932 eorum,
221 1858 277 1936 qui
311 1875 347 1919 se
377 1854 442 1918 illic
472 1855 603 1937 sepeliri
634 1851 897 1926 deliberaverint,
931 1853 1098 1915 devotioni
1130 1859 1163 1914 et
1194 1861 1342 1917 extreme
1372 1851 1537 1931 voluntati,
1569 1855 1627 1918 nisi
1657 1854 1743 1918 forte

72 1947 346 2010 excommunicati
376 1947 456 2021 sint,
488 1943 597 2007 nullus
628 1943 777 2018 obsistat,
808 1951 858 2004 set
887 1944 958 2005 sine
989 1941 1141 2004 molestia
1172 1944 1282 2023 quiete
1305 1943 1401 2005 vobis
1425 1952 1624 2024 permaneat,
1656 1943 1745 2007 salva

72 2035 187 2099 iustitia
210 2034 425 2118 parrochialis
449 2032 593 2097 ecclesie.
641 2032 793 2096 Preterea
817 2032 1010 2115 presbiter0,
1035 2030 1205 2113 capellano
1230 2032 1272 2094 de
1296 2031 1433 2095 ecclesia
1456 2036 1560 2097 sancti
1577 2033 1743 2117 Stephani,

16 2189 17 2192 ,
73 2125 216 2205 quesita
240 2127 346 2187 estin
369 2130 477 2186 castro
501 2123 604 2184 sancti
628 2120 768 2196 Romuli,
797 2119 1020 2203 parrochianis
1051 2123 1116 2184 suis
1147 2121 1190 2183 ab
1221 2119 1283 2184 hac
1306 2123 1373 2184 vita
1403 2121 1615 2204 migrantibus
1644 2124 1744 2186 dandi

16 2243 17 2262 1
73 2215 282 2297 penitentiam
306 2211 442 2276 liberam
467 2211 653 2275 facultatem
678 2211 899 2274 concedimus.
947 2209 1060 2273 Liceat
1082 2219 1193 2273 autem
1223 2210 1327 2286 vobis,
1358 2212 1623 2293 competentibus
1646 2212 1743 2287 horis,

16 2339 17 2342 κ
73 2311 211 2386 excepto
234 2302 377 2366 sabbato
401 2309 525 2377 sancto,
556 2302 599 2364 ad
622 2301 731 2363 divina
755 2299 865 2363 officia
887 2301 1015 2380 absque
1038 2298 1170 2362 alicuius
1194 2301 1452 2365 contradictione
1476 2321 1652 2385 campanas
1676 2301 1744 2385 pul·

73 2413 148 2470 sare,
182 2393 242 2455 nisi
274 2394 508 2455 monasterium
541 2391 648 2472 ipsum
676 2388 772 2453 fuerit
794 2390 1009 2452 interdictum.
1055 2388 1271 2453 Prohibemus
1296 2410 1438 2472 quoque,
1471 2398 1507 2452 ut
1533 2391 1639 2455 nullus
1663 2393 1745 2456 infra

72 2481 253 2565 parrochias
277 2489 402 2544 vestras
425 2500 546 2543 novam
570 2478 743 2543 ecclesiam
766 2477 819 2541 vel
844 2477 1003 2561 capellam
1028 2477 1178 2542 edificare
1202 2487 1378 2562 presumat.
1425 2479 1640 2544 Decemimus
1656 2503 1745 2565 ergo,

74 2579 104 2634 ut
126 2570 204 2634 nulli
229 2571 365 2634 omnino
395 2568 565 2632 hominum
595 2567 702 2644 liceat,
733 2567 821 2630 idem
854 2569 1086 2631 monasterium
1110 2577 1236 2632 temere
1259 2568 1458 2652 perturbare,
1490 2580 1547 2633 aut
1577 2573 1646 2635 eius
1669 2593 1746 2654 pos-

73 2663 229 2723 sessiones
263 2658 392 2722 auferre
415 2658 467 2721 vel
500 2656 626 2721 ablatas
657 2658 810 2733 retinere,
842 2659 988 2721 minuere
1019 2679 1076 2721 seu
1109 2658 1306 2739 quibuslibet
1334 2660 1566 2722 vexationibus
1596 2662 1744 2744 fatigare,

73 2751 126 2812 sed
149 2751 260 2813 omnia
281 2749 408 2830 integra
431 2753 662 2810 conserventur
685 2766 807 2822 eorum,
838 2767 899 2828 pro
928 2766 1069 2827 quorum
1092 2747 1329 2829 gubernatione
1353 2755 1386 2811 et
1408 2752 1644 2814 sustentatione
1668 2772 1743 2814 con-

74 2859 158 2902 cessa
180 2846 266 2914 sunt,
297 2837 411 2900 usibus
435 2836 631 2899 omnimodis
654 2834 832 2918 profutura,
865 2834 954 2899 salva
985 2838 1017 2899 in
1051 2837 1202 2900 omnibus
1225 2837 1407 2919 apostolice
1430 2839 1519 2902 sedis
1542 2841 1743 2916 auctoritate,

74 2936 103 2990 et
125 2929 290 2991 diocesani
314 2927 463 3008 episcopi
487 2926 646 2988 canonica
670 2927 799 2988 iustitia.
845 2923 902 2988 Ad
918 2924 980 2990 hec
992 2926 1172 2990 adicientes
1187 2927 1365 3003 statuimus,
1390 2936 1433 3002 ut,
1461 2937 1639 3010 postquam
1655 2932 1744 2994 sedis

74 3016 251 3100 apostolice
274 3017 473 3080 audientiam
497 3017 529 3077 in
551 3015 668 3078 vestris
691 3016 934 3096 gravaminibus
958 3015 1209 3098 appellaveritis,
1239 3015 1314 3079 nulli
1337 3015 1473 3080 facultas
1496 3019 1546 3094 sit,
1569 3040 1742 3101 gravamen

74 3107 162 3169 vobis
185 3107 237 3170 vel
262 3106 408 3168 iniuriam
433 3107 586 3187 irrogare.
633 3101 668 3166 Si
693 3124 757 3185 qua
780 3104 875 3186 igitur
901 3105 933 3168 in
957 3104 1100 3168 futurum
1125 3104 1345 3169 ecclesiastica
1376 3107 1572 3171 secularisve
1604 3130 1743 3192 persona

75 3205 190 3272 contra,
219 3195 317 3258 huius
348 3203 459 3257 nostre
483 3195 726 3257 constitutionis
750 3194 902 3276 paginam
925 3196 1045 3268 scienS,
1070 3202 1194 3258 temere
1217 3197 1328 3258 venire
1351 3197 1568 3278 temptaverit,
1599 3199 1744 3261 secundo

75 3287 207 3349 tertiove
231 3285 441 3359 commonita,
464 3285 491 3345 si
515 3304 582 3347 non
597 3291 724 3346 reatum
739 3303 833 3346 suum
850 3283 946 3366 digna
962 3281 1182 3347 satisfactione
1198 3288 1386 3360 correxerit,
1411 3288 1583 3368 potestatis
1598 3287 1746 3351 honoris·

76 3393 134 3454 que
155 3377 205 3438 sui
230 3375 390 3457 dignitate
423 3381 534 3436 careat
566 3392 722 3453 reamque
752 3392 788 3436 se
818 3372 927 3436 divino
960 3374 1081 3437 iudicio
1113 3374 1253 3438 existere
1284 3375 1326 3437 de
1357 3382 1546 3457 perpetrata
1575 3377 1746 3458 iniquitate

76 3471 259 3546 cognoscat,
283 3472 316 3526 et
339 3483 358 3525 a
380 3463 599 3525 sacratissimo
624 3481 764 3543 corpore
787 3482 826 3524 ac
849 3465 1005 3544 sanguine
1028 3464 1081 3526 dei
1104 3472 1138 3526 et
1153 3465 1288 3541 domini,
1313 3464 1531 3546 redemptoris
1555 3469 1658 3530 nostri
1673 3469 1746 3531 lesu

77 3551 197 3630 Christi,
221 3552 326 3616 aliena
342 3551 407 3628 fiat,
431 3559 530 3633 atque
552 3551 584 3613 in
608 3557 758 3613 extremo
782 3553 933 3614 examine
955 3553 1102 3616 districte
1126 3553 1240 3616 ultioni
1260 3553 1436 3616 subiaceat.
1483 3551 1615 3619 Cunctis
1631 3565 1748 3632 autem,

77 3643 191 3716 eidem,
212 3642 288 3706 loco
319 3661 377 3704 sua
410 3642 479 3704 iura
510 3639 725 3715 servantibus
755 3641 797 3702 sit
828 3659 894 3722 pax
924 3642 1048 3705 domini
1073 3641 1175 3705 nostri
1197 3642 1271 3706 Iesu
1295 3642 1423 3716 Christi,
1456 3645 1607 3722 quatinus
1639 3647 1749 3710 ethic

78 3730 211 3796 fructum
241 3731 332 3795 bone
363 3729 500 3792 actionis
531 3729 713 3812 percipiant
742 3737 775 3791 et
805 3730 894 3812 apud
926 3732 1109 3794 districtum
1139 3732 1282 3796 iudicem
1306 3734 1431 3815 premia
1454 3741 1566 3800 eterne
1589 3739 1680 3820 pacis
1704 3739 1749 3800 in·

16 3837 17 3840 ’
78 3823 211 3885 veniant.
258 3821 378 3883 Amen.
402 3817 521 3882 Amen.
544 3819 664 3882 Amen.

332 3909 344 3992 )
366 3907 440 3990 Ego
464 3906 629 3989 Eugenius
654 3906 813 3970 catholice
837 3906 975 3969 ecclesie
999 3907 1175 3990 episcopus
1198 3929 1239 3970 ss.
1264 3908 1329 3991 (M)

287 3907 404 4080 &Ego
429 3993 705 4079 GG.(Gregorius)
728 3995 892 4077 presbiter
916 3997 1087 4061 cardinalis
1110 3999 1157 4060 tit.
1182 3997 1299 4060 Calixti
1321 4019 1363 4062 ss.

288 4085 308 4170 †
331 4084 404 4168 Ego
428 4082 607 4149 Nicholaus
631 4085 793 4168 presbiter
817 4084 988 4149 cardinalis
1011 4089 1058 4150 tit.
1081 4090 1186 4150 sancti
1210 4087 1337 4168 Cyriaci
1360 4109 1401 4151 ss,

288 4171 308 4257 †
332 4173 405 4257 Ego
428 4172 538 4237 Guido
562 4174 724 4257 presbiter
748 4175 919 4238 cardinalis
942 4175 988 4238 tit.
1012 4185 1201 4239 sanctorum
1224 4177 1390 4241 Laurentii
1415 4187 1448 4242 et
1470 4179 1606 4243 Damasi
1629 4200 1670 4244 ss

288 4261 308 4344 †
332 4263 405 4347 Ego
428 4259 532 4344 Syrus
555 4265 721 4327 Ianuensis
745 4263 1014 4348 archiepiscopus
1038 4287 1079 4329 ss.

287 4387 332 4398 -
355 4350 375 4436 †
399 4353 473 4434 Ego
497 4349 566 4416 Oto
590 4352 749 4416 diaconus
773 4353 944 4417 cardinalis
967 4356 1070 4418 sancti
1095 4353 1227 4439 Georgii
1251 4357 1292 4419 ad
1316 4357 1436 4421 Velum
1461 4379 1594 4422 aureum
1617 4379 1660 4421 ss.

288 4438 309 4521 †
332 4441 405 4524 Ego
430 4440 540 4504 Guido
564 4441 722 4505 diaconus
746 4443 920 4506 cardinalis
943 4452 1130 4508 sanctorum
1155 4445 1275 4510 Cosme
1298 4455 1332 4510 et
1355 4449 1507 4511 Damiani
1528 4469 1569 4511 ss.

288 4527 309 4613 †
333 4529 406 4614 Ego
429 4529 593 4593 Iohannes
616 4532 773 4596 diaconus
798 4533 972 4596 cardinalis
995 4537 1099 4598 sancti
1123 4535 1262 4599 Adriani
1286 4555 1328 4598 ss,

288 4617 309 4703 †
332 4617 405 4702 Ego
430 4618 609 4701 Gregorius
633 4621 793 4684 diaconus
817 4623 988 4686 cardinalis
1010 4626 1114 4687 sancti
1138 4623 1260 4708 Angeli
1284 4645 1327 4687 ss.

288 4707 309 4792 ’ν
332 4707 405 4792 Ego
429 4707 615 4772 Bernardus
639 4710 796 4775 diaconus
820 4713 990 4776 cardinalis
1014 4722 1125 4776 sancte
1148 4715 1298 4778 Romane
1323 4714 1459 4780 ecclesie
1482 4736 1522 4780 ss.

288 4795 308 4881 †
332 4797 406 4880 Ego
429 4797 587 4861 Iordanus
611 4799 769 4863 diaconus
792 4801 964 4864 cardinalis
988 4810 1100 4866 sancte
1123 4803 1274 4867 Romane
1297 4806 1433 4869 ecclesie
1455 4825 1497 4869 ss.

288 4884 309 4970 †
332 4887 406 4971 Ego
430 4885 576 4951 Cinthius
601 4887 759 4952 diaconus
783 4891 954 4954 cardinalis
977 4899 1164 4955 sanctorum
1189 4894 1292 4977 Sergii
1317 4903 1350 4957 et
1373 4895 1473 4958 Bachi
1496 4916 1538 4957 ss.

233 4975 358 5041 Datum
373 4975 511 5052 Viterbi,
535 4997 594 5060 per
616 4998 749 5042 manum
765 4979 912 5056 Roberti,
936 4989 1048 5045 sancte
1063 4981 1213 5046 Romane
1229 4983 1368 5048 ecclesie
1384 4985 1557 5068 presbiteri
1578 4986 1751 5050 cardinalis

83 5072 111 5126 et
132 5065 324 5130 cancellarii.
362 5081 411 5130 xv
427 5066 480 5130 Kl.
497 5065 588 5150 Sept.
627 5067 809 5132 indictione
833 5081 904 5134 v111.
942 5071 1176 5136 Incamationis
1199 5073 1364 5137 dominice
1386 5095 1473 5138 anno
1496 5089 1629 5140 MCXLV.
1670 5078 1752 5140 Pon-

81 5153 214 5220 tificatus
237 5177 317 5221 vero
341 5156 455 5220 domni
478 5155 616 5239 Eugenii
639 5172 679 5220 111
702 5179 758 5240 pp.
783 5179 869 5222 anno
893 5173 914 5221 Ι.

235 5270 359 5334 nascanst
376 5271 419 5320 der
437 5270 543 5321 Misceri.
562 5270 589 5320 a·
605 5273 669 5322 sur.
689 5272 742 5338 rig.
762 5272 795 5321 rr
802 5281 830 5338 p.
850 5277 875 5336 9,
894 5273 921 5322 n
938 5275 982 5324 aer
998 5273 1061 5325 aut
1084 5275 1180 5336 caica
1203 5278 1289 5341 νειμ]
1305 5277 1349 5327 der
1365 5241 1472 5329 norum.
1492 5279 1580 5332 cem.
1602 5280 1632 5329 σ.
1651 5280 1703 5328 vn
1718 5281 1752 5328 aa

77 5345 102 5400 p.
120 5343 159 5402 17,
178 5342 222 5390 der
238 5341 302 5391 Bibl.
321 5343 376 5392 dell
398 5341 534 5392 Universird
552 5359 582 5392 au
603 5344 697 5394 Genua.

101 5480 136 5530 m
234 5413 346 5534 Bheqnlerit
362 5414 406 5463 ist:
424 5414 594 5480 „Pergamena
611 5415 764 5476 munitm&
781 5415 817 5466 bei
836 5415 882 5465 dm
898 5416 1007 5484 Zeugm:
1023 5417 1078 5478 „Lo
1095 5418 1159 5467 stess’
1182 5419 1292 5471 ordine.“
1315 5449 1344 5458 -—
1368 5421 1462 5471 Contra
1483 5423 1509 5472 r'n
1533 5422 1576 5472 der
1596 5422 1754 5472 Comminatio

83 5487 103 5526 st
151 5489 251 5550 rangewi
296 5484 342 5537 ic.
