4142 6366
1713 327 1775 392 223

271 495 315 549 Or.
334 499 368 548 im
386 495 500 548 Arenata
523 493 657 560 capitolare
675 495 702 543 di
718 494 745 544 S.
763 494 931 544 Amerinam
952 493 1078 543 Pr'acema.

269 571 340 636 Prrg.
358 570 418 630 ital..
436 570 472 618 dr.
492 570 579 629 0,163,
604 569 666 632 larrg
682 567 769 627 0,123,
795 574 869 616 nnten
885 567 963 626 0,018
981 564 1168 630 umgeschlagrn,
1197 561 1295 614 Scinur
1313 559 1369 613 tend
1383 559 1508 632 Bler'sr'egel
1521 569 1637 620 verlaren.
1674 571 1779 638 Faltnng

104 641 148 692 der
172 643 276 692 Breverr.

852 823 918 898 Nr.
947 826 1035 898 219.

102 961 294 1026 Alexander
308 960 375 1024 III
392 957 509 1023 nr'rnmt
529 958 584 1022 die
609 954 883 1040 Kollegiatler'rclee
905 954 1008 1018 Santa
1023 955 1137 1019 Maria
1159 956 1199 1020 di
1222 953 1311 1020 Villa
1330 956 1462 1021 Gemini
1484 957 1542 1039 (D.
1560 960 1720 1046 Perugra)
1746 962 1779 1024 in

319 1048 551 1133 apastolisclten
570 1047 686 1111 Schnte
708 1046 777 1110 und
797 1045 931 1126 betetigt
953 1045 1022 1107 ihre
1041 1045 1281 1110 Besitetluimer
1302 1046 1372 1111 und
1393 1047 1510 1111 Rechte
1530 1054 1565 1128 ¹).

695 1164 779 1225 1170
795 1159 979 1245 September
993 1163 1045 1223 12.
1078 1158 1196 1224 Alatrr'.

266 1280 458 1345 Alexander
480 1281 663 1363 episcopus,
687 1299 797 1342 servus
821 1297 988 1340 servorum
1011 1278 1073 1353 dei,
1099 1278 1225 1340 dilectis
1249 1277 1330 1354 filiis,
1355 1281 1520 1343 canonicis
1543 1291 1655 1344 sancte
1675 1283 1778 1345 Marie

102 1373 145 1436 de
169 1373 250 1435 villa
270 1371 408 1446 Gemini,
435 1371 569 1450 eiusque
585 1369 745 1444 fratribus,
770 1379 838 1430 tam
854 1367 1060 1448 presentibus
1084 1387 1182 1448 quam
1207 1367 1328 1442 futuris,
1353 1370 1510 1432 canonice
1535 1370 1777 1448 substituendis,

103 1474 140 1523 lN
152 1475 234 1524 ΡΡΜ.
245 1496 291 1506 -
310 1458 315 1544 Ι
335 1459 392 1522 Ad
407 1459 472 1522 hoc
488 1459 676 1522 universalis
692 1479 768 1520 cura
784 1457 880 1520 nobis
896 1477 915 1518 a
930 1457 1099 1538 provisore
1115 1457 1261 1519 omnium
1277 1457 1440 1520 bonorum
1453 1459 1517 1521 deo
1530 1461 1704 1524 commissa
1720 1472 1777 1536 est,

101 1561 137 1614 ut
162 1551 332 1632 religiosas
357 1550 528 1630 diligamus
552 1568 709 1630 personas
733 1556 766 1609 et
789 1546 1061 1626 beneplacentem
1086 1545 1221 1608 domino
1246 1547 1452 1627 relilgionem
1466 1549 1655 1612 studeamus
1672 1551 1778 1613 modis

100 1641 259 1702 omnibus
274 1658 466 1721 propagare.
493 1638 524 1701 N
527 1656 565 1700 ec
575 1638 663 1699 enim
680 1637 742 1698 deo
758 1646 869 1716 gratus
885 1635 1061 1716 aliquando
1078 1634 1251 1698 famulatus
1268 1636 1474 1717 impenditur,
1491 1639 1561 1714 nisi,
1578 1659 1620 1700 ex
1636 1640 1778 1703 caritatis

100 1729 214 1791 radice
231 1727 422 1810 procedens,
439 1747 459 1790 a
475 1728 615 1808 puritate
631 1726 796 1806 religionis
813 1724 909 1787 fuerit
924 1724 1142 1786 confirmatus.
1172 1725 1366 1806 Eapropter,
1384 1726 1494 1789 dilecti
1511 1729 1542 1790 in
1560 1727 1695 1790 domino
1711 1728 1777 1804 filii,

99 1820 218 1881 vestris
243 1818 333 1880 iustis
356 1815 633 1898 postulationibus
657 1816 833 1877 clementer
861 1814 1032 1876 annuimus
1064 1821 1096 1876 et
1127 1813 1287 1894 prefatam
1311 1815 1489 1890 ecclesiam,
1521 1817 1553 1878 in
1578 1837 1642 1897 qua
1666 1818 1777 1880 divino

100 1907 282 1988 mancipati
300 1907 376 1969 estis
392 1905 562 1985 obsequio,
583 1904 643 1967 sub
657 1905 745 1967 beati
757 1903 843 1965 Petri
856 1913 890 1965 et
902 1913 1012 1965 nostra
1024 1905 1231 1984 protectione
1242 1905 1437 1985 suscipimus
1449 1914 1481 1967 et
1494 1908 1653 1987 presentis
1665 1909 1777 1988 scripti

98 1996 275 2078 privilegio
301 1995 548 2058 communimus.
586 1992 622 2055 In
645 1994 758 2075 primis
777 1993 938 2073 siquidem
956 2002 1143 2067 statuentes,
1168 2002 1203 2054 ut
1218 1993 1301 2055 ordo
1318 1995 1501 2070 canonicus,
1527 1997 1581 2075 qui
1597 1996 1777 2061 secundum

100 2087 202 2148 deum
226 2096 259 2147 et
283 2085 371 2148 beati
386 2083 562 2166 Augustini
587 2083 730 2164 regulam
756 2083 788 2143 in
813 2082 931 2144 eodem
956 2082 1029 2144 loco
1054 2083 1198 2144 noscitur
1221 2083 1385 2146 institutus
1405 2081 1440 2167 ³),
1466 2087 1632 2165 perpetuis
1653 2085 1777 2148 ibidem

98 2174 309 2256 temporibus
327 2171 356 2258 b)
380 2171 609 2235 inviolabiliter
632 2172 830 2235 observetur.
875 2172 1034 2246 Preterea,
1064 2190 1284 2252 quascumque
1308 2173 1538 2253 possessiones,
1571 2193 1776 2255 quecumque

98 2265 191 2328 bona
215 2263 332 2326 eadem
355 2262 493 2324 ecclesia
516 2262 549 2323 in
573 2262 808 2342 presentiarum
832 2261 915 2322 iuste
945 2271 978 2322 et
1000 2261 1157 2322 canonice
1187 2261 1343 2341 possidet,
1377 2273 1432 2324 aut
1463 2263 1495 2324 in
1528 2263 1669 2326 futurum
1700 2285 1775 2327 con·

98 2355 251 2416 cessione
273 2350 471 2434 pontificum,
501 2351 672 2431 largitione
696 2370 808 2431 regum
831 2350 883 2412 vel
906 2350 1100 2430 principum,
1135 2349 1303 2412 oblatione
1335 2350 1480 2414 fidelium
1512 2372 1568 2414 seu
1592 2353 1661 2415 aliis
1684 2355 1776 2417 iustis

98 2443 217 2517 modiS,
241 2449 409 2522 prestante
433 2440 578 2515 domino,
602 2440 723 2520 poterit
745 2439 892 2519 adipisci,
917 2437 1011 2500 firma
1025 2439 1121 2501 vobis
1136 2440 1317 2519 vestrisque
1339 2441 1581 2504 successoribus
1601 2453 1634 2506 et
1649 2443 1775 2506 illibata

95 2541 324 2614 permaneant.
369 2531 406 2592 ln
431 2529 549 2610 quibus
573 2527 634 2590 hec
661 2528 802 2609 propriis
835 2528 987 2590 duximus
1011 2528 1226 2609 exprimenda
1248 2528 1432 2592 vocabulis:
1466 2531 1621 2611 quicquid
1645 2531 1774 2595 habetis

96 2624 130 2684 in
154 2621 233 2684 villa
257 2617 404 2692 Gemini,
436 2618 592 2700 quicquid
623 2617 752 2680 habetis
783 2618 815 2678 in
847 2617 1006 2692 curtibus,
1039 2617 1195 2698 quicquid
1226 2616 1355 2680 habetis
1386 2618 1418 2680 in
1447 2620 1587 2694 viniolis,
1619 2622 1774 2703 quicquid

96 2711 239 2774 ecclesia
259 2719 367 2771 vestra
398 2707 500 2771 habet
530 2727 549 2770 a
578 2706 761 2788 presbitero
792 2707 972 2776 Rainaldo,
1004 2708 1159 2769 consocio
1182 2718 1307 2782 vestr0,
1340 2717 1373 2770 et
1403 2709 1559 2789 quicquid
1589 2707 1717 2773 habetis
1740 2712 1773 2774 in

95 2801 235 2882 planitie
250 2797 379 2861 Tiberis
402 2807 435 2860 et
454 2795 481 2881 c)
506 2796 662 2878 quicquid
678 2795 805 2858 habetis
829 2815 849 2858 a
871 2795 1053 2877 presbitero
1077 2796 1254 2858 Bernardo.
1300 2796 1387 2860 Sane
1411 2797 1528 2860 liberas
1551 2808 1584 2860 et
1607 2799 1773 2863 absolutas

95 2908 267 2971 personas,
283 2906 302 2949 e
318 2887 427 2950 seculo
445 2887 614 2968 fugientes,
631 2885 769 2947 liberum
785 2885 827 2947 sit
837 2885 942 2960 vobis,
958 2885 1084 2966 absque
1100 2886 1233 2948 alicuius
1249 2886 1508 2950 contradictione
1525 2888 1566 2949 ad
1582 2889 1773 2970 religionem

93 2989 241 3042 vestram
272 2978 424 3058 recipere.
470 2975 705 3038 Discedentem
727 2994 814 3050 vero,
846 2975 906 3036 nisi
939 2975 981 3036 ad
1012 2975 1164 3037 artiorem
1187 2977 1288 3037 vitam
1316 2977 1449 3038 transire
1472 2977 1618 3052 voluerit,
1648 2978 1774 3059 absque

95 3067 323 3131 communium
346 3067 523 3128 litterarum
545 3073 725 3127 vestrarum
749 3063 899 3126 cautione
923 3064 1027 3126 nullus
1044 3065 1163 3126 audeat
1178 3066 1324 3127 retinere.
1363 3064 1445 3129 Cum
1462 3075 1570 3128 autem
1588 3067 1620 3128 in
1637 3067 1774 3130 ecclesia

92 3167 206 3220 vestra
235 3164 415 3218 conventus
447 3153 641 3236 regularium
664 3153 905 3227 canonicorum,
931 3153 1130 3234 propitiante
1155 3154 1306 3230 domino,
1338 3154 1432 3217 fuerit
1464 3156 1643 3231 institutus,
1677 3156 1772 3220 vobis

92 3247 278 3310 secundum
311 3244 399 3306 beati
429 3243 603 3324 Augustini
628 3243 772 3325 regulam
802 3261 977 3323 personam
1008 3243 1162 3305 idoneam
1195 3243 1237 3305 de
1269 3242 1408 3325 collegio
1431 3255 1539 3307 vestro
1564 3255 1618 3308 aut
1642 3245 1684 3308 de
1708 3246 1772 3308 alio

94 3337 174 3399 loco
199 3334 360 3416 religioso,
384 3334 411 3395 si
435 3333 480 3394 ibi
505 3333 636 3394 inventa
659 3352 725 3394 non
750 3331 852 3406 fuerit,
886 3329 1024 3412 eligendi
1046 3333 1080 3393 in
1103 3332 1255 3412 priorem,
1279 3333 1410 3414 plenam
1435 3333 1640 3414 indulgemus
1663 3345 1771 3398 aucto·

93 3427 194 3488 ritate
217 3423 401 3506 apostolica
424 3421 620 3484 facultatem.
667 3422 881 3483 Decernimus
905 3440 992 3501 erg0,
1021 3431 1056 3482 ut
1079 3420 1156 3482 nulli
1181 3423 1316 3484 omnino
1340 3421 1509 3486 hominurn
1533 3423 1637 3499 liceat,
1661 3445 1771 3506 supra-

93 3516 221 3578 dictam
253 3512 424 3576 ecclesiam
450 3511 655 3574 ...usibus
683 3510 883 3572 omnimodis
911 3509 1096 3590 profutura,
1129 3510 1219 3572 salva
1248 3512 1334 3573 sedis
1367 3511 1548 3592 apostolice
1579 3515 1772 3576 auctoritate

93 3613 130 3668 et
152 3601 332 3685 dyocesani
363 3601 509 3682 episcopi
542 3611 575 3663 et
597 3598 750 3662 Perusine
773 3599 910 3661 ecclesie
933 3599 1092 3661 canonica
1115 3599 1236 3662 iustitia
1260 3611 1293 3662 et
1315 3603 1504 3664 reverentia.
1550 3600 1584 3664 Si
1609 3622 1704 3683 qua.
1730 3650 1736 3664 .
1762 3650 1770 3664 .

93 3693 233 3758 Cunctis
256 3701 364 3755 autem
390 3737 397 3751 .
423 3739 429 3751 .
455 3737 461 3751 .
484 3686 489 3774 Ι
510 3690 684 3752 inveniant.
731 3688 850 3751 Amen.
874 3687 962 3750 Α-ιῐι.
986 3687 1105 3750 Amen.
1129 3722 1172 3732 -

312 3779 366 3858 (R)
390 3779 463 3859 Ego
487 3778 679 3841 Alexander
702 3776 862 3840 catholice
886 3777 1022 3862 ecclesie
1046 3779 1221 3860 episcopus
1244 3798 1285 3841 ss.
1310 3780 1373 3854 (M)

310 3903 355 3914 -
378 3865 399 3948 †
422 3867 495 3948 Ego
519 3866 692 3930 Hubaldus
715 3867 875 3947 presbiter
898 3867 1069 3928 cardinalis
1091 3868 1139 3928 tit.
1162 3877 1275 3929 sancte
1298 3866 1409 3930 Crucis
1432 3869 1465 3931 iu
1489 3867 1662 3930 Ierusalem
1685 3888 1725 3930 ss

310 3956 331 4036 †
354 3955 426 4037 Ego
442 3957 604 4019 lohannes
620 3955 782 4038 presbiter
796 3956 968 4034 cardinalis
980 3967 1167 4018 sanctorum
1179 3957 1333 4019 Iohannis
1343 3968 1376 4020 et
1388 3958 1477 4020 Pauli
1490 3958 1537 4020 tit.
1550 3957 1715 4019 Pamachii
1728 3977 1769 4019 ss.

310 4044 331 4124 †
353 4047 426 4128 Ego
449 4045 606 4108 Albertus
629 4045 791 4126 presbiter
813 4045 986 4107 cardinalis
1010 4045 1058 4107 tit.
1081 4046 1184 4107 sancti
1208 4046 1376 4109 Laurentii
1399 4048 1431 4109 in
1455 4047 1580 4109 Lucina
1602 4066 1641 4108 ss.
1665 4043 1711 4130 (1)

309 4133 330 4213 †
352 4136 426 4216 Ego
449 4135 562 4198 Petrus
586 4134 746 4216 presbiter
769 4134 941 4196 cardinalis
965 4135 1013 4196 tit.
1036 4135 1140 4196 sancti
1164 4135 1329 4199 Laurentii
1353 4137 1385 4198 in
1409 4135 1557 4198 Damaso
1581 4155 1621 4197 ss
1645 4130 1691 4220 (1)

310 4223 332 4300 †
354 4224 428 4305 Ego
451 4223 644 4286 Theodinus
667 4224 829 4305 presbiter
852 4223 1024 4286 cardinalis
1047 4225 1150 4285 sancti
1174 4222 1293 4287 Vitalis
1317 4226 1365 4288 tit.
1389 4223 1525 4288 Vestine
1548 4245 1590 4286 ss.

310 4347 353 4358 -
375 4313 396 4393 †
418 4314 492 4394 Ego
515 4315 675 4376 lacinctus
699 4313 856 4374 diaconus
880 4311 1050 4374 cardinalis
1073 4322 1186 4375 sancte
1210 4315 1313 4376 Marie
1336 4315 1369 4377 in
1393 4313 1586 4397 Cosmydyn
1609 4334 1649 4376 ss.
1673 4309 1719 4397 (1)

308 4402 330 4480 †
352 4402 425 4483 Ego
450 4401 610 4484 Cinthyus
634 4401 986 4464 diaconuscardinalis
1009 4403 1111 4463 sancti
1136 4401 1274 4466 Adriani
1298 4423 1339 4467 ss.

307 4490 328 4570 †
350 4492 424 4572 Ego
448 4491 525 4574 Ugo
549 4492 706 4554 diaconus
730 4491 901 4554 cardinalis
924 4492 1028 4553 sancti
1047 4489 1076 4575 d)
1099 4491 1265 4555 Eustachii
1290 4494 1381 4556 iuxta
1402 4493 1562 4575 templum
1577 4495 1705 4576 Agripe
1728 4515 1768 4556 ss.

309 4577 330 4661 †
352 4581 426 4662 Ego
449 4581 563 4644 Petrus
587 4581 744 4644 diaconus
768 4580 939 4643 cardinalis
962 4586 1074 4642 sancte
1098 4582 1200 4644 Marie
1224 4583 1256 4644 in
1280 4580 1408 4663 Aquiro
1431 4603 1472 4646 ss.
1496 4578 1542 4667 (2)

257 4667 334 4732 Dat.
349 4669 476 4744 Aletrii,
501 4691 560 4752 per
583 4689 716 4732 manum
732 4669 888 4744 Gratiani,
912 4679 1025 4732 sancte
1040 4670 1191 4733 Romane
1207 4671 1343 4734 ecclesie
1367 4672 1561 4735 subdiaconi
1585 4680 1618 4734 et
1641 4672 1768 4735 notarii.

89 4771 116 4818 11
132 4756 212 4819 Idus
227 4755 397 4839 Septemb.
435 4760 618 4822 Indictione
640 4775 687 4820 111.
724 4758 959 4822 lncamationis
982 4759 1147 4822 dominice
1170 4781 1257 4822 anno
1278 4771 1408 4823 Mchx.
1455 4760 1667 4824 Pontificatus
1689 4781 1767 4824 vero

90 4847 209 4910 domni
233 4845 452 4910 ALEXANDRI
477 4847 536 4911 ΡΡ.
558 4865 596 4910 111
620 4866 707 4910 anno
731 4849 914 4911 undecimo.
936 4881 981 4892 -·

258 4960 301 5011 Or.
318 4961 352 5010 im
369 4961 484 5012 Archioia
506 4961 640 5026 Caprialare
656 4979 687 5011 aa
706 4961 818 5027 Pemgn

255 5033 325 5098 Perg.
344 5035 403 5092 aad,
422 5035 458 5083 br.
479 5037 531 5094 0,o',
550 5036 610 5098 lang
627 5037 696 5094 0,78,
715 5041 789 5083 nmen
808 5035 887 5094 0,038
904 5033 1091 5100 nmgesclrlagrn,
1111 5035 1187 5084 durch
1206 5037 1222 5084 2
1241 5035 1334 5085 Licher
1346 5035 1404 5102 geht
1420 5037 1457 5086 die
1474 5037 1564 5086 baron
1581 5036 1637 5085 und
1648 5036 1768 5102 goldgelbe

91 5102 278 5164 Sefdensclrnur,
304 5122 338 5155 an
362 5106 406 5154 der
426 5106 471 5154 das
494 5106 619 5172 Bleisr'egel
639 5106 722 5172 fingi.
759 5105 868 5170 Faltnng
890 5107 933 5155 der
950 5105 1049 5157 Bullrn.
1085 5108 1141 5155 Dar
1157 5107 1287 5172 Konscrr'pt
1303 5109 1334 5156 ist
1349 5109 1384 5157 bis
1401 5109 1500 5159 Tiberis
1518 5107 1562 5158 mit
1574 5122 1674 5174 grueter,
1699 5109 1767 5158 donn

89 5177 137 5226 mei
154 5175 314 5226 brwnrorleer
330 5177 406 5226 Dinte
419 5177 575 5243 geschriebrn
594 5177 680 5226 welche
697 5177 746 5226 sich
764 5178 878 5242 ebenfalls
888 5178 970 5243 findet
986 5178 1019 5225 im
1038 5177 1214 5244 Marwgramm,
1234 5179 1260 5229 in
1278 5179 1322 5229 der
1338 5182 1399 5228 Rota
1418 5182 1462 5230 mit
1478 5181 1618 5231 Amnahnn
1635 5179 1675 5229 des
1691 5180 1767 5246 Ring·

88 5249 195 5307 irruas,
215 5248 259 5297 der
270 5248 420 5312 pdpnlichm
442 5249 606 5314 Untersckn'fl
627 5250 671 5298 mit
687 5248 827 5299 Ausnahme
854 5249 894 5297 des
911 5250 941 5311 E,
966 5249 992 5297 in
1010 5249 1054 5299 der
1069 5250 1198 5314 Datinmg
1217 5252 1263 5298 mit
1283 5251 1423 5302 Anmahme
1446 5255 1487 5303 des
1504 5253 1528 5303 G
1549 5251 1680 5309 Gratiam:
1707 5251 1768 5301 diest

90 5321 109 5370 3
126 5319 206 5368 Tana
224 5318 333 5369 scheirren
350 5336 398 5369 aon
411 5319 516 5387 gler'cher
529 5321 704 5386 grmrbrauner
715 5321 790 5370 Dirae
808 5319 978 5371 berneriihren.
1015 5323 1064 5371 Die
1076 5321 1257 5386 chgmfirmen
1275 5339 1359 5373 ararer
1369 5325 1452 5375 Alina·
1462 5325 1507 5374 mit
1519 5323 1623 5391 gleicter
1633 5323 1768 5372 schaaner

90 5391 167 5442 Dinte
172 5391 387 5513 hqin‘glnrqgenkgr
394 5393 448 5528 >eccere
457 5393 534 5457 ferne
550 5409 598 5442 von
616 5393 733 5442 derselben
744 5392 829 5456 Hand,
849 5393 881 5442 ist
897 5393 1016 5445 amirher.
1046 5396 1102 5443 Dar
1113 5393 1194 5443 Krenr
1211 5409 1257 5444 vor
1270 5396 1387 5462 Cimhyns
1404 5398 1487 5448 winde
1504 5398 1551 5446 nn't
1565 5395 1675 5460 spicae
1691 5395 1768 5444 Feder

85 5479 172 5530 gemae
242 5479 255 5512 s
291 5479 313 5512 re
378 5480 401 5512 n
415 5471 433 5514 t.

308 5546 516 5555 -——-————

252 5580 277 5640 ι)
294 5579 349 5628 Das
366 5579 444 5629 :ante
460 5582 469 5630 i
486 5581 539 5645 aus
550 5582 635 5631 Rasur
740 5581 767 5646 b)
786 5579 872 5631 ibide.
893 5587 979 5646 tempo
1002 5583 1055 5648 arrf
1070 5585 1167 5646 Rasur,
1191 5599 1239 5632 von
1263 5583 1306 5632 der
1327 5583 1491 5632 rothbrarcnen
1508 5582 1583 5633 Dore
1605 5583 1650 5632 der
1671 5584 1766 5633 tantm

87 5651 300 5716 Kmnipthdlste
370 5657 396 5716 c)
414 5653 460 5701 mit
475 5659 500 5703 et
517 5652 616 5718 regenne
631 5653 682 5702 eine
698 5651 860 5703 ahaeirhw
877 5653 1022 5704 &matie
1038 5655 1114 5706 Dinte
1185 5656 1212 5723 d)
1230 5656 1239 5705 i
1257 5671 1304 5704 ares
1322 5671 1336 5705 c
1354 5655 1478 5720 romain.
1496 5693 1547 5699 --
1567 5655 1604 5722 ,1)
1633 5655 1710 5722 Vergl.
1729 5657 1767 5705 die

91 5723 153 5773 arr.
171 5739 227 5772 vom
247 5725 263 5772 2
284 5723 414 5772 December
432 5727 499 5775 1150
516 5725 572 5774 und
585 5740 639 5773 vom
659 5727 692 5774 18
710 5723 767 5773 Mai
784 5726 859 5775 1189.
