4126 6366
1695 343 1758 424 377

827 518 892 599 Νι.
921 525 1010 601 436.

80 651 228 721 Clemens
246 655 291 722 II
290 655 311 720 I
322 653 471 740 bestcittgt
484 653 557 720 dem
574 653 745 741 Presbyter
755 657 913 722 Benedikl
926 679 987 723 von
1003 657 1070 722 San
1085 655 1233 723 Donm'no
1248 659 1318 722 eine
1332 658 1477 724 wortliclz
1497 663 1758 744 ausgenommene

73 747 291 832 Abmachung
305 743 366 810 mz't
379 746 453 810 dem
466 745 677 829 Domkapitel
685 767 745 809 von
758 747 861 810 Lucra
873 768 982 829 wegen
994 748 1051 812 des
1065 747 1352 812 Kz'rchenbesuclres
1364 770 1424 813 von
1437 749 1757 836 Psarrargenarzgen

655 835 711 898 des
730 834 879 920 Kapitels
895 837 929 900 in
945 837 1013 901 San
1028 838 1186 902 Donnino.

694 955 778 1014 1190
792 950 894 1034 April
905 956 954 1016 10.
988 953 1140 1017 Lateran.

239 1067 409 1132 CLEMENS
432 1068 616 1150 episcopus,
648 1089 758 1131 servus
782 1089 949 1132 servorum
980 1070 1050 1145 dei,
1082 1070 1202 1133 dilecto
1235 1070 1302 1133 filio
1326 1067 1533 1155 B(enedicto)
1563 1071 1756 1152 presbiter0,

75 1157 196 1220 rectori
229 1158 365 1221 ecclesie
394 1159 498 1220 sancti
522 1158 681 1220 Domnini
700 1154 732 1242 ¹),
765 1158 904 1221 salutem
932 1168 965 1222 et
988 1160 1205 1241 apostolicam
1229 1160 1505 1224 benedictionem.
1551 1160 1756 1241 Quotiensa

75 1247 155 1309 sede
180 1248 364 1328 apostolica
386 1246 586 1328 postulatur,
619 1247 708 1328 quod
741 1248 951 1311 ecclesiarum
983 1243 1114 1332 palcem
1145 1250 1306 1331 respiciat,
1339 1260 1372 1312 et
1402 1250 1587 1332 profectum
1618 1249 1757 1312 libenter

76 1337 250 1399 annuimus
274 1337 446 1418 postulatis
470 1344 503 1399 et
525 1347 612 1410 vota,
637 1356 701 1417 que
724 1357 744 1398 a
766 1337 901 1399 rationis
925 1338 1054 1400 tramite
1078 1359 1145 1401 non
1169 1339 1367 1414 discordant,
1392 1338 1509 1402 effectu
1525 1350 1755 1420 prosequente,

75 1426 293 1508 complemus,
346 1427 548 1508 Eapropter,
580 1427 644 1488 tuis
672 1423 676 1508 Ι
706 1427 796 1488 iustis
828 1427 1106 1507 postulationibus
1137 1438 1334 1504 annuentes,
1372 1429 1586 1491 donationem
1616 1439 1649 1491 et
1680 1449 1757 1491 con·

76 1517 273 1591 cessionem,
307 1516 350 1578 ab
374 1515 647 1597 archipresbitero
670 1516 774 1578 sancti
799 1517 930 1578 Martini
953 1517 1111 1579 Lucensis
1141 1537 1216 1579 cum
1239 1537 1372 1581 assensu
1396 1518 1529 1600 capituli
1553 1519 1602 1580 sui
1635 1518 1755 1580 factam

75 1604 317 1669 rationabiliter
340 1604 381 1667 de
406 1604 602 1686 quibusdam
627 1604 790 1680 domibus,
815 1625 879 1686 que
903 1615 995 1668 erant
1019 1607 1051 1668 in
1074 1606 1247 1687 parrochia
1270 1609 1374 1670 sancti
1399 1607 1540 1682 Martini,
1565 1606 1697 1683 scilicet,
1721 1617 1757 1670 ut

75 1695 174 1758 liceat
198 1694 241 1756 de
265 1705 374 1757 cetero
405 1693 647 1757 habitatoribus
678 1693 804 1756 illarum
835 1694 1009 1757 domorum
1042 1696 1088 1757 ire
1118 1695 1160 1757 ad
1191 1696 1364 1758 ecclesiam
1395 1697 1498 1758 sancti
1522 1697 1681 1759 Domnini
1713 1696 1755 1759 ad

74 1784 242 1847 audienda
266 1783 376 1846 divina
399 1781 516 1858 officia,
540 1783 624 1846 sicut
647 1783 785 1846 ecclesia
807 1784 911 1846 sancti
928 1785 1086 1846 Domnini
1110 1785 1193 1848 iuste
1213 1795 1246 1848 et
1268 1785 1338 1848 sine
1363 1785 1585 1848 controversia
1608 1785 1756 1867 possidet

74 1883 107 1936 et
132 1875 166 1935 in
191 1875 406 1936 instrumento
430 1872 564 1954 publico
589 1873 782 1947 continetur,
806 1872 914 1935 eidem
937 1872 1074 1936 ecclesie
1097 1875 1291 1937 auctoritate
1314 1875 1499 1956 apostolica
1515 1874 1755 1937 confirmamus

72 1960 130 2025 Ad
156 1962 344 2026 firmitatem
369 1982 447 2025 vero
472 1963 630 2024 maiorem
655 1962 756 2042 ipsius
780 1961 983 2025 instrumenti
1012 1973 1162 2026 tenorem
1187 1964 1228 2026 de
1251 1964 1354 2027 verbo
1379 1962 1581 2026 adverbum
1606 1964 1755 2026 iussimus

71 2052 301 2115 inserendum:
341 2052 377 2114 ln
403 2051 522 2115 Christi
546 2051 689 2113 nomine.
712 2047 833 2113 Arnen.
881 2051 999 2128 Guid0‚
1024 2053 1057 2114 in
1081 2053 1133 2115 dei
1157 2054 1292 2115 nomine
1315 2053 1472 2116 Lucensis
1496 2053 1632 2116 ecclesie
1656 2053 1756 2116 archi-

70 2141 250 2223 presbiter,
283 2161 356 2203 cum
381 2141 518 2204 consilio
543 2150 576 2203 et
600 2141 854 2203 accordamento
877 2141 1049 2217 Damiani,
1082 2142 1253 2223 presbiteri
1278 2153 1311 2205 et
1334 2143 1518 2224 primicerii,
1549 2151 1582 2204 et
1604 2141 1757 2217 Rolandi,

70 2231 206 2294 diaconi
232 2241 266 2293 et
288 2230 439 2304 cantoris,
464 2241 496 2292 et
514 2229 646 2306 Mathei,
671 2231 843 2310 presbiteri
868 2240 900 2292 et
923 2230 1099 2306 camerarii,
1124 2242 1157 2294 et
1179 2231 1324 2294 Giaflarii
1349 2242 1382 2293 et
1404 2230 1556 2294 Tolomei
1581 2230 1701 2294 Caroni
1724 2241 1757 2294 et

69 2319 206 2384 Alberti
239 2320 495 2402 presbiterorum
528 2329 561 2382 et
590 2320 710 2382 Romei
740 2319 870 2382 diaconi
910 2330 943 2383 et
974 2319 1117 2402 magistri
1142 2321 1321 2384 Hermanni
1352 2331 1386 2383 et
1408 2320 1584 2402 Bolgarini,
1609 2322 1755 2383 omnium

70 2410 192 2472 decem
216 2409 448 2472 canonicorum
472 2429 570 2490 supra
594 2409 682 2471 dicte
705 2409 842 2471 ecclesie
865 2415 899 2471 et
914 2408 1112 2472 confratrum
1130 2411 1197 2472 eius
1214 2431 1275 2492 pro
1291 2411 1442 2472 universo
1459 2409 1603 2492 capitulo
1620 2410 1756 2473 ecclesie

70 2499 232 2576 eiusdem,
257 2499 374 2561 intuitu
391 2499 522 2580 pietatis
546 2509 579 2560 et
602 2497 824 2560 misericordie
847 2504 880 2560 et
904 2492 1045 2583 [in]tuitu
1070 2499 1206 2562 ecclesie
1228 2510 1416 2562 sanctorum
1432 2499 1591 2561 Domnini
1609 2506 1641 2561 et
1657 2498 1754 2581 Sigis-

70 2588 190 2651 mundi
220 2598 254 2651 et
282 2589 387 2670 gratia
418 2587 589 2670 presbiteri
613 2586 793 2663 Benedicti,
826 2586 985 2669 capellani
1018 2587 1118 2670 ipsius
1149 2588 1283 2670 capelle,
1317 2596 1350 2651 et
1372 2587 1539 2664 Bacarelli,
1572 2589 1754 2669 patrissui,

71 2677 178 2752 dedit,
201 2677 345 2752 tradidit,
371 2677 532 2740 concessit
548 2682 648 2757 atque
672 2677 804 2757 largitus
828 2686 878 2739 est
900 2677 1047 2759 predicte
1070 2677 1207 2741 ecclesie
1222 2678 1327 2740 sancti
1342 2677 1501 2740 Domnini
1518 2688 1551 2740 et
1566 2677 1755 2758 supradicto

70 2766 260 2848 presbitero
273 2762 487 2850 Blenedicto),
504 2767 673 2846 recipienti
686 2785 747 2846 pro
760 2767 826 2827 iam
842 2765 930 2828 dicta
946 2765 1082 2847 capella,
1099 2776 1133 2829 ut
1149 2786 1264 2830 omnes
1279 2766 1467 2830 habitantes
1482 2773 1516 2828 et
1530 2765 1705 2828 habitaturi
1723 2767 1755 2828 in

71 2866 274 2938 perpetuum
291 2855 322 2917 in
339 2855 494 2918 domibus
509 2854 652 2930 Henrici,
676 2855 905 2929 Guarminelle,
929 2855 1081 2931 Rolandi,
1098 2856 1267 2937 quondam
1283 2855 1380 2930 Bulsi,
1397 2855 1568 2930 Guidonis,
1585 2855 1753 2937 quondam

71 2945 238 3027 Gallighe,
255 2944 421 3019 Bernardi,
433 2944 580 3007 eiusdem
593 2943 745 3025 Gallighe
761 2953 794 3006 et
809 2943 921 3020 Tachi,
939 2946 1020 3007 etin
1037 2965 1102 3026 qua
1118 2944 1310 3008 Guillelmus
1326 2945 1471 3007 notarius
1486 2944 1621 3020 habitat,
1638 2955 1671 3007 et
1686 2944 1755 3007 An·

71 3033 153 3096 sassi
172 3035 314 3108 Henrici,
331 3033 500 3114 quondam
517 3034 659 3107 Moretti,
676 3043 709 3095 et
731 3034 779 3096 sui
796 3053 1008 3109 successores,
1032 3032 1219 3098 habitantes
1235 3036 1267 3097 in
1284 3034 1408 3097 eisdem
1425 3033 1588 3108 domibus
1611 3033 1756 3097 habeant

72 3124 117 3186 de
141 3133 252 3186 cetero
276 3124 309 3186 in
333 3133 528 3204 perpetuum
552 3122 717 3185 licentiam
741 3123 839 3185 eundi
864 3123 906 3184 ad
931 3123 1042 3185 divina
1073 3122 1184 3186 officia
1221 3123 1384 3186 audienda
1408 3123 1439 3184 in
1463 3123 1591 3205 prefata
1618 3123 1756 3186 ecclesia

71 3214 181 3275 sancti
198 3212 367 3287 Domnini,
390 3223 424 3274 et
446 3211 592 3275 habeant
606 3211 700 3273 vicini
721 3212 765 3274 illi
782 3213 830 3274 ius
847 3223 879 3274 et
896 3220 1096 3294 potestatem
1112 3223 1145 3275 et
1160 3213 1325 3275 licentiam
1342 3211 1531 3275 conserendi
1546 3210 1706 3275 honorem
1723 3223 1757 3275 et

71 3302 264 3365 oblationes
286 3302 435 3383 predicte
450 3301 576 3383 capelle
592 3302 697 3363 sancti
714 3300 882 3378 Domnini,
906 3311 1064 3382 tanquam
1089 3302 1131 3363 ad
1152 3322 1245 3364 suam
1268 3300 1438 3382 capellam,
1463 3313 1497 3363 et
1512 3321 1570 3364 eos
1586 3310 1755 3383 presentes

71 3403 109 3455 et
133 3392 259 3454 futuros
281 3392 408 3454 vicinos
431 3401 464 3454 et
487 3390 676 3472 capellanos
699 3391 873 3466 constitu0,
898 3390 984 3452 facio
1001 3398 1034 3452 et
1049 3392 1180 3472 assigno
1197 3391 1229 3452 in
1247 3389 1408 3466 omnibus,
1433 3401 1575 3472 excepta
1590 3392 1756 3473 sepultura

72 3483 247 3556 maiorum,
264 3480 441 3561 dequibus
457 3480 711 3543 tintinnabulum
727 3479 906 3542 secundum
923 3481 1091 3561 antiquam
1108 3490 1142 3542 et
1153 3480 1208 3542 diu
1222 3480 1390 3542 detentam
1403 3481 1673 3542 consuetudinem
1685 3481 1754 3561 pul·

72 3570 209 3646 sabitur,
227 3570 339 3632 dando
355 3569 544 3652 supradicto
556 3569 739 3651 presbitero
752 3565 960 3653 B(enedicto)
976 3579 1009 3630 et
1023 3569 1089 3631 suis
1105 3569 1347 3631 successoribus
1363 3578 1397 3630 et
1418 3568 1606 3649 supradicte
1629 3568 1755 3650 capelle

72 3661 108 3722 in
132 3669 329 3742 perpetuum
346 3659 482 3722 liberam
498 3658 663 3722 licentiam
680 3669 713 3721 et
729 3668 927 3740 potestatem
943 3678 1001 3720 eos
1025 3657 1168 3720 habendi
1192 3657 1244 3720 vel
1268 3658 1361 3739 quasi
1377 3657 1570 3739 possidendi
1593 3656 1645 3719 vel
1662 3657 1754 3738 quasi

72 3758 109 3812 et
140 3749 356 3812 convocandi.
403 3749 474 3811 Hec
498 3758 572 3811 acta
596 3747 724 3810 fuerunt
754 3749 854 3821 Luce,
886 3748 920 3809 in
949 3746 1138 3828 supradicta
1162 3747 1329 3821 canonica,
1354 3747 1387 3808 in
1403 3746 1569 3827 presentia
1584 3746 1753 3809 Benedicti

72 3838 223 3902 custodis
235 3838 435 3920 campanilis,
453 3847 485 3900 et
496 3837 614 3900 Aliotti
628 3838 797 3918 quondam
816 3834 853 3920 α).
878 3836 979 3898 Anno
997 3835 1162 3899 dominice
1178 3836 1356 3898 nativitatis
1372 3835 1546 3897 millesimo
1562 3848 1754 3898 chxxvnl.

73 3941 113 3990 tx
136 3926 211 3990 Kal.
240 3927 406 3991 Octobris.
451 3927 635 3989 Indictione
664 3928 805 4008 septima
821 3924 855 4011 ²).
901 3925 975 4007 Ego
999 3924 1061 4002 W,
1085 3925 1230 3988 notarius
1261 3925 1374 3987 domni
1398 3925 1613 4006 imperatoris
1644 3944 1754 4006 supra·

74 4017 172 4080 dictis
187 4017 316 4080 interfui
333 4027 366 4080 et
382 4038 425 4079 ex
441 4016 583 4078 iussione
599 4016 777 4096 supradicti
795 4015 956 4078 Guidonis
973 4013 1235 4095 archipresbiteri
1251 4013 1313 4076 hec
1329 4014 1362 4075 in
1378 4013 1543 4095 publicam
1561 4015 1754 4095 scripturam

73 4106 198 4187 redegi.
235 4104 324 4169 Nulli
340 4125 420 4188 ergo
436 4106 573 4168 omnino
589 4102 760 4167 hominum
777 4104 881 4177 liceat,
897 4103 981 4166 hanc
998 4104 1153 4185 paginam
1171 4110 1281 4166 nostre
1297 4103 1556 4166 confirmationis
1579 4103 1754 4184 infringere

70 4195 125 4258 vel
143 4197 173 4260 ei
189 4197 362 4258 temerario
378 4216 458 4258 ausu
474 4195 644 4257 contraire.
677 4193 711 4257 Si
728 4194 801 4274 quis
817 4204 926 4255 autem
943 4194 1007 4256 hoc
1020 4202 1218 4275 attemptare
1234 4193 1477 4274 presumpserit,
1495 4192 1755 4274 indignationem

72 4285 314 4366 omnipotentis
338 4285 391 4347 dei
411 4281 416 4368 Ι
437 4293 471 4347 et
486 4284 660 4347 beatorum
674 4283 759 4346 Petri
777 4293 809 4345 et
824 4281 924 4358 Pauli,
949 4283 1175 4364 apostolorum
1191 4283 1267 4358 eius,
1292 4303 1327 4345 se
1343 4283 1470 4345 noverit
1485 4283 1694 4345 incursurum.
1711 4315 1756 4328 -

72 4375 152 4438 Dat.
176 4375 339 4451 Laterani,
362 4388 415 4438 1111
438 4373 484 4436 l‘d.
507 4370 649 4454 Aprelis.
695 4371 909 4435 Pontificatus
933 4373 1034 4434 nostri
1059 4392 1146 4435 anno
1170 4372 1276 4434 terti0.

240 4487 282 4538 Or.
304 4487 369 4548 (ΒΕ.
389 4489 435 4549 36)
452 4486 509 4536 und
523 4485 649 4551 Absrlrrt'ft
667 4486 707 4534 des
724 4485 867 4535 nullm
881 4493 908 4550 p.
930 4488 971 4549 tt,
992 4486 1025 4536 im
1043 4486 1157 4538 Arcano
1179 4485 1313 4550 Capitolare
1330 4503 1361 4534 ru
1373 4485 1468 4548 Lucca3
1488 4483 1619 4549 Absrlm'st,
1636 4485 1659 4535 G
1663 4524 1667 4535 .
1685 4485 1755 4548 VIII,

71 4562 127 4610 243
143 4567 170 4624 p.
192 4561 251 4618 184,
270 4560 296 4608 r'n
314 4561 358 4609 der
374 4561 437 4609 Bibl.
461 4559 580 4624 Chrgrnna
597 4574 627 4606 ru
645 4560 716 4608 Rom.

240 4631 292 4692 Or„
313 4631 383 4697 Prrg.
402 4632 463 4692 ital„
482 4630 518 4679 br.
538 4633 626 4690 onst,
645 4631 706 4695 lang
723 4630 809 4689 02⁴2,
827 4636 901 4680 untm
921 4630 1210 4695 0‚018umgesctlagm,
1236 4629 1314 4679 durch
1332 4631 1390 4680 ranei
1406 4631 1500 4680 L'o'clter
1513 4628 1578 4695 ging
1594 4629 1632 4677 die
1649 4628 1755 4688 Sciam,

71 4704 161 4752 welche
178 4702 223 4752 mit
247 4703 301 4752 dem
320 4703 445 4769 Bleisr'egel
459 4703 576 4762 verloren,
596 4701 708 4766 Faltung
723 4701 767 4750 der
783 4701 888 4774 Brepm.

824 4879 892 4957 Νι.
916 4885 1006 4958 437.

78 4987 226 5052 Clemens
243 4984 308 5052 III
318 4985 457 5052 schreibt
470 4986 544 5052 dem
559 4986 641 5051 Abte
656 5009 716 5050 von
733 4986 800 5052 San
817 4988 926 5052 Pz'etro
941 4990 981 5052 di
995 4988 1081 5053 Lodz'
1094 4986 1163 5050 und
1173 4987 1247 5050 dem
1264 4986 1399 5070 Propste
1420 5008 1481 5050 von
1496 4985 1586 5050 Sant'
1605 4985 1756 5050 Alessan-

74 5077 134 5141 dro
149 5077 189 5140 di
204 5076 373 5160 BergamO,
388 5076 454 5141 den
470 5076 725 5161 Schiedsspruch
741 5077 799 5141 des
813 5079 973 5159 Bisthofs
995 5100 1055 5141 von
1071 5075 1228 5140 Mailand
1247 5073 1281 5140 t'n
1296 5074 1370 5139 dem
1386 5074 1503 5140 Streite
1517 5076 1678 5141 swisclren
1693 5075 1759 5139 Abt

380 5165 454 5230 und
466 5167 587 5250 Propst
600 5187 660 5230 von
677 5165 766 5230 Sant'
781 5166 923 5250 Abrogio
938 5168 978 5233 di
992 5167 1118 5231 Milano
1133 5187 1171 5229 zu
1188 5166 1396 5230 untersuchen
1413 5166 1452 5250 ³).

708 5276 791 5337 1190
810 5273 898 5358 Jum'
911 5276 942 5338 4.
975 5273 1125 5337 Lateran.

238 5383 390 5451 Clemens
421 5388 605 5473 episcopus,
640 5411 751 5453 servus
781 5411 949 5454 servorum
982 5392 1044 5467 dei,
1077 5389 1203 5452 dilectis
1233 5387 1307 5451 filiis
1332 5438 1338 5451 .
1363 5438 1369 5451 .
1394 5387 1507 5450 abbati
1539 5387 1643 5449 sancti
1670 5385 1756 5448 Petri

75 5475 259 5541 Laudensis
283 5487 316 5539 et
339 5471 532 5561 prelposito
566 5480 670 5543 sancti
694 5479 876 5543 Alexandri
907 5479 1146 5563 Bergamensis,
1177 5477 1316 5541 salutem
1351 5484 1383 5540 et
1416 5474 1635 5558 apostolicam
1658 5475 1756 5538 bene·

237 5621 263 5680 a)
285 5616 319 5666 Ob
338 5617 376 5666 ein
395 5618 475 5668 Name
492 5618 659 5684 ausgefallm?
679 5657 731 5664 -
752 5620 788 5681 a)
815 5618 886 5668 Wolzl
901 5618 953 5667 San
972 5617 1096 5676 Domino,
1116 5615 1230 5665 Frasione
1247 5614 1288 5664 del
1303 5630 1360 5666 com.
1381 5614 1408 5663 di
1420 5614 1507 5664 Iiaera
1525 5614 1555 5662 al
1564 5613 1669 5672 Sercln'o,
1684 5619 1758 5676 prov.

76 5689 102 5738 n·
119 5687 207 5738 Massa
225 5703 238 5738 e
259 5687 376 5740 Cnrrnra.
449 5693 476 5752 a)
496 5691 629 5755 September
647 5692 698 5750 t>3;
714 5692 779 5740 noch
797 5690 841 5739 der
858 5690 980 5739 lndttrion
1004 5691 1074 5738 118⁹.
1148 5692 1174 5751 3)
1201 5687 1277 5752 Vergl.
1298 5687 1335 5736 die
1356 5687 1472 5736 Urkunde
1492 5702 1545 5734 vern
1565 5687 1663 5751 August
1683 5689 1756 5732 1144.

79 5759 158 5827 Jaffe',
178 5762 237 5827 Rrg.
258 5761 345 5820 829&
367 5759 410 5810 Or.
429 5761 462 5811 im
481 5764 553 5812 Arch.
573 5763 600 5811 di
618 5763 643 5810 S.
663 5761 799 5828 Ambrogr'n.
822 5761 940 5811 Urkmrde
957 5777 1011 5810 vom
1031 5762 1064 5807 :27
1084 5759 1140 5808 Mai
1160 5761 1242 5816 ritu
1264 5759 1307 5809 Or.
1326 5760 1353 5808 in
1372 5759 1399 5808 S.
1418 5759 1553 5822 Ambrogio.

129 5869 150 5900 v.
165 5857 453 5910 ιιιιιςι-ιιιηιιιιις,
469 5858 539 5909 neta,
554 5860 596 5900 111.
1513 5837 1548 5900 43
