4142 6366
325 329 390 405 230

325 513 543 578 ecclesiastica
572 511 764 575 secularisve
788 531 934 592 persona,
965 509 1050 574 hanc
1075 519 1185 576 nostre
1210 511 1447 576 constitutionis
1470 511 1621 592 paginam
1645 513 1760 586 sciens,
1784 519 1899 574 contra
1923 532 2000 575 eam

326 613 449 667 temere
472 602 582 665 venire
604 601 821 683 temptaverit,
851 601 996 664 secundo
1024 603 1162 664 tertiove
1186 604 1401 678 commonita,
1434 601 1493 663 nisi
1516 607 1641 662 reatum
1665 620 1760 662 suum
1785 602 1882 683 digna
1907 605 2004 664 satis·

326 694 466 756 factione
490 692 677 766 correxerit,
701 692 874 772 potestatis
898 689 1096 771 honorisque
1118 693 1167 752 sui
1191 690 1350 773 dignitate
1374 699 1484 754 careat
1508 708 1661 768 reamque
1684 709 1720 752 se
1740 690 1850 752 divino
1876 691 2003 753 iudicio

325 784 465 846 existere
492 781 535 843 de
565 787 753 861 perpetrata
782 780 949 859 iniquitate
982 787 1168 861 cognoscat,
1201 788 1235 842 et
1257 801 1276 842 a
1298 780 1516 842 sacratissimo
1540 797 1680 860 corpore
1703 799 1741 841 ac
1764 780 1921 861 sanguine
1945 781 2001 843 dei

326 881 358 934 et
374 873 507 944 domini,
530 870 750 950 redemptoris
767 870 869 930 nostri
885 868 957 931 lesu
974 867 1103 944 Christi,
1126 867 1309 944 alienafiat,
1334 877 1433 950 atquo
1457 871 1488 932 iu
1511 874 1660 931 extremo
1677 870 1829 932 examine
1852 869 2003 932 districte

325 961 440 1024 ultioni
464 959 640 1022 subiaceat.
687 957 819 1021 Cunctis
842 965 961 1033 autem,
985 959 1093 1020 eidem
1118 957 1192 1020 loco
1214 978 1273 1020 sua
1289 958 1357 1020 iura
1372 958 1584 1030 servantibus,
1609 959 1649 1020 sit
1670 978 1738 1040 pax
1754 958 1880 1020 domini
1898 961 2001 1020 nostri

324 1051 397 1113 lesu
413 1049 540 1122 Christi,
565 1055 725 1128 quatenus
741 1056 775 1110 et
798 1046 850 1109 hic
866 1046 1006 1108 fructum
1023 1048 1112 1109 bone
1127 1049 1264 1110 actionis
1281 1048 1462 1129 percipiant
1487 1059 1520 1111 et
1540 1048 1627 1127 apud
1649 1048 1833 1110 districtum
1855 1048 2000 1110 iudicem

325 1142 451 1223 premia
474 1149 586 1201 eterne
610 1137 700 1217 pacis
724 1137 895 1199 inveniant.
941 1135 1058 1199 Amen.
1083 1133 1202 1199 Amen.

537 1225 591 1306 (R)
615 1223 688 1308 Ego
713 1224 904 1288 Alexander
926 1223 1087 1288 catholice
1110 1224 1246 1288 ecclesie
1269 1227 1445 1308 episcopus
1468 1245 1510 1288 ss.
1534 1226 1594 1306 (Μ)

537 1315 557 1396 †
579 1317 653 1396 Ego
677 1313 850 1378 Hubaldus
873 1313 1057 1377 Hostiensis
1081 1317 1257 1397 episcopus
1279 1335 1321 1377 ss.

536 1403 557 1484 †
579 1403 652 1486 Ego
676 1405 861 1467 Bernartius
885 1403 1072 1466 Portuensis
1096 1411 1129 1466 et
1151 1413 1263 1467 sancte
1286 1403 1402 1467 Rufine
1427 1407 1604 1486 episcopus
1627 1423 1668 1466 ss.

538 1493 558 1574 †
580 1493 652 1574 Ego
668 1492 829 1556 lohannes
845 1494 1007 1573 presbiter
1022 1491 1190 1555 cardinalis
1206 1503 1392 1556 sanctorum
1406 1491 1560 1556 iohannis
1572 1502 1605 1556 et
1616 1491 1706 1555 Pauli
1719 1491 1764 1553 tit.
1779 1492 1944 1554 Pamachii
1957 1513 2000 1554 ss

537 1582 557 1663 †
580 1582 653 1664 Ego
676 1582 835 1645 Iohannes
858 1580 1018 1663 presbiter
1040 1581 1210 1645 cardinalis
1232 1583 1279 1646 tit.
1303 1590 1415 1646 sancte
1437 1582 1611 1646 Anastasio
1633 1601 1675 1644 ss.

537 1671 558 1751 †
580 1671 653 1752 Ego
676 1671 834 1734 Albertus
857 1672 1020 1752 presbiter
1043 1670 1215 1735 cardinalis
1237 1675 1285 1735 tit
1309 1672 1413 1735 sancti
1434 1671 1601 1736 Laurentii
1625 1673 1658 1733 in
1682 1671 1807 1734 Lucina
1831 1689 1873 1732 ss.

537 1760 557 1840 †
579 1759 652 1842 Ego
676 1760 868 1826 Guillelmus
891 1762 939 1824 tit.
964 1763 1065 1824 sancti
1090 1761 1175 1824 Petri
1198 1763 1241 1824 ad
1264 1761 1404 1825 Vincula
1427 1763 1587 1844 presbiter
1609 1759 1778 1824 cardinalis
1801 1779 1844 1821 ss.

537 1851 557 1932 †
580 1850 653 1932 Ego
677 1852 766 1913 Boso
790 1848 950 1931 presbiter
973 1850 1143 1913 cardinalis
1167 1858 1278 1914 sancte
1301 1852 1501 1915 Pudentiane
1524 1852 1570 1914 tit.
1596 1851 1739 1914 Pastoris
1761 1869 1804 1910 ss.

537 1935 558 2020 †
581 1938 654 2020 Ego
678 1938 870 2002 Theodinus
894 1938 1056 2022 presbiter
1079 1939 1253 2002 cardinalis
1276 1942 1379 2003 sancti
1402 1941 1517 2004 Vitalis
1541 1943 1590 2003 tit.
1613 1940 1753 2002 Vestine
1775 1958 1817 2001 ss.

537 2025 558 2110 †
581 2027 653 2110 Ego
677 2029 790 2091 Petrus
815 2025 977 2110 presbiter
1000 2028 1172 2093 cardinalis
1194 2033 1243 2092 tit.
1266 2038 1381 2093 sancte
1404 2027 1552 2094 Susanne
1575 2050 1616 2092 ss.
1692 2099 1695 2108 Ι

537 2119 558 2195 †
581 2117 653 2200 Ego
677 2118 815 2182 lacobus
839 2117 995 2180 diaconus
1020 2119 1192 2182 cardinalis
1215 2127 1327 2182 sancte
1351 2119 1455 2182 Marie
1477 2120 1508 2181 in
1532 2119 1710 2182 Cosmedin
1733 2138 1774 2181 ss

537 2203 558 2288 †
581 2206 655 2288 Ego
679 2206 839 2288 Cinthyus
862 2208 1018 2270 diaconus
1042 2209 1212 2272 cardinalis
1236 2209 1340 2272 sancti
1363 2208 1501 2271 Adriani
1525 2228 1565 2271 ss.

537 2292 558 2377 †
581 2294 654 2378 Ego
678 2294 777 2378 Hugo
801 2297 957 2359 diaconus
980 2297 1151 2360 cardinalis
1178 2301 1282 2360 sancti
1306 2297 1471 2361 Eustachii
1496 2299 1587 2361 iuxta
1609 2295 1769 2377 templum
1793 2295 1944 2379 Agrippe
1961 2317 2002 2358 ss

537 2386 558 2467 †
579 2384 653 2467 Ego
675 2385 846 2448 Laborans
870 2387 1028 2449 diaconus
1052 2387 1225 2450 cardinalis
1247 2396 1360 2450 sancte
1384 2385 1488 2450 Marie
1511 2389 1543 2450 in
1567 2388 1697 2449 Porticu
1720 2405 1762 2447 ss.

538 2475 559 2553 †
582 2474 654 2556 Ego
678 2473 861 2554 Raynerius
884 2475 1039 2539 diaconus
1063 2476 1233 2538 cardinalis
1256 2478 1358 2539 sancti
1382 2474 1516 2560 Georgii
1540 2478 1582 2540 ad
1604 2474 1723 2537 Velum
1747 2494 1881 2537 aureum
1905 2494 1947 2536 ss.

485 2560 561 2626 Dat.
584 2560 768 2649 Anagni(e),
801 2584 859 2646 per
901 2585 1032 2628 manum
1065 2563 1221 2641 Gratiani,
1252 2573 1365 2628 sancte
1395 2565 1544 2629 Romane
1580 2565 1716 2628 ecclesie
1747 2562 1939 2628 subdiaconi
1971 2571 2005 2626 et

326 2651 451 2714 notarii.
492 2667 556 2715 xm
579 2652 747 2715 Kalendas
770 2653 903 2734 Aprilis.
950 2654 1130 2718 Indictione
1153 2668 1237 2719 v1111.
1283 2657 1516 2718 incarnationis
1538 2656 1703 2717 dominice
1733 2673 1822 2716 anno
1845 2665 2005 2715 MCLxxv.

325 2738 536 2805 Pontificatus
559 2762 638 2805 vero
663 2742 787 2805 domini
812 2742 993 2806 Alexandri
1017 2763 1105 2826 pape
1127 2759 1166 2808 111
1190 2765 1276 2808 anno
1300 2757 1384 2806 xvn.

489 2856 650 2922 Trnnssumpt
666 2873 721 2906 vom
743 2857 824 2921 Jahre
846 2858 919 2917 1412,
938 2858 970 2908 im
988 2859 1101 2910 Archivr'o
1120 2858 1273 2909 Moum'zr'ano
1292 2875 1321 2907 ru
1343 2859 1430 2909 Tutin.

1068 3090 1135 3165 Nr.
1166 3094 1254 3165 255.

326 3219 512 3286 Alexander
526 3221 591 3286 III
609 3219 726 3286 ne'mmt
745 3222 800 3285 die
816 3221 1090 3304 Kollegiatkr'rclre
1111 3245 1173 3287 von
1188 3225 1296 3286 Pruna
1312 3221 1371 3306 (D.
1398 3221 1558 3305 Volterra)
1583 3222 1617 3284 in
1638 3220 1871 3305 aposteliscleen
1887 3220 2005 3284 Schuts

750 3310 819 3375 und
838 3312 988 3396 bestdtegt
1009 3313 1079 3376 ihre
1097 3312 1338 3378 Besitetlntmer
1358 3311 1428 3376 und
1449 3311 1574 3375 Rechte.

969 3431 1053 3490 1176
1067 3427 1170 3513 April
1181 3431 1235 3491 20.
1272 3427 1413 3510 Anagni.

486 3541 678 3608 Alexander
701 3545 884 3629 episcopus,
907 3564 1019 3608 servus
1041 3564 1210 3608 servorum
1234 3545 1297 3620 dei,
1320 3545 1449 3608 dilectis
1466 3544 1540 3607 filiis
1556 3544 1720 3619 IOHANNI,
1744 3541 1842 3624 priori
1867 3540 2004 3604 ecclesie

328 3633 371 3695 de
400 3634 507 3697 Pruno
525 3631 563 3719 ¹),
587 3635 722 3716 eiusque
752 3633 912 3708 fratribus,
942 3641 1010 3696 tam
1041 3634 1247 3716 presentibus
1279 3655 1376 3716 quam
1410 3634 1539 3710 suturis,
1571 3635 1727 3698 canonice
1757 3631 2004 3703 substituendis,

327 3736 366 3785 IN
388 3734 465 3784 PPM.
488 3757 532 3768 -
552 3719 557 3805 Ι
579 3721 635 3786 Pie
664 3723 842 3806 postulatio
872 3722 1046 3786 voluntatis
1079 3723 1197 3786 effectu
1227 3723 1329 3786 debet
1359 3731 1579 3806 prosequente
1609 3721 1784 3805 compleri,
1816 3728 1852 3782 ut
1881 3728 1916 3782 et
1946 3721 2001 3782 de·

326 3813 470 3874 votionis
491 3811 657 3875 sinceritas
679 3811 887 3876 laudabiliter
911 3814 1068 3875 enitescat
1091 3820 1125 3875 et
1148 3811 1266 3876 utilitas
1289 3812 1454 3896 postulata
1469 3813 1553 3875 vires
1570 3810 1791 3876 indubitanter
1810 3817 1966 3872 assumat.
1993 3807 1996 3892 l

327 3899 527 3982 Eapropter,
565 3902 674 3965 dilecti
703 3902 735 3964 in
765 3901 900 3965 domino
934 3901 1007 3976 filii,
1038 3903 1153 3966 vestris
1185 3902 1275 3964 iustis
1305 3902 1581 3984 postulationibus
1612 3901 1790 3965 clementer
1820 3899 2001 3972 annuimus,

328 3997 361 4052 et
391 3989 550 4071 prefatam
582 3991 772 4066 ecclesiam,
803 3993 836 4052 in
866 4011 930 4072 qua
961 3991 1073 4054 divino
1106 3993 1184 4055 estis
1215 3993 1391 4074 mancipati
1423 3992 1601 4074 obsequio,
1636 3989 1697 4054 sub
1728 3990 1817 4053 beati
1849 3986 1938 4051 Petri
1969 3995 2000 4052 et

327 4087 438 4142 nostra
468 4080 676 4162 protectione
708 4080 901 4162 suscipimus
932 4089 965 4144 et
995 4083 1154 4163 presentis
1184 4083 1297 4163 scripti
1329 4080 1496 4163 privilegio
1527 4081 1776 4143 communimus.
1821 4078 1858 4140 ln
1888 4077 2000 4160 primis

326 4167 484 4249 siquidem
515 4176 712 4244 statuentes,
744 4177 781 4232 ut
810 4169 892 4232 ordo
923 4171 1112 4245 canonicus,
1143 4172 1198 4252 qui
1229 4171 1407 4233 secundum
1439 4171 1538 4233 deum
1570 4177 1602 4233 et
1633 4170 1722 4232 beati
1745 4167 1923 4249 Augustini
1955 4187 2000 4230 re·

326 4256 435 4338 gulam
466 4259 498 4320 in
528 4259 644 4322 eadem
676 4257 811 4322 ecclesia
833 4258 996 4321 institutus
1019 4279 1092 4323 esse
1115 4258 1304 4336 dinoscitur,
1336 4261 1503 4342 perpetuis
1526 4259 1649 4322 ibidem
1672 4256 1878 4340 temporibus
1903 4255 1999 4319 invio

326 4344 466 4410 labiliter
485 4345 685 4412 observetur.
722 4347 880 4423 Preterea,
904 4367 1126 4430 quascumque
1141 4349 1373 4431 possessiones,
1397 4367 1604 4430 quecumque
1624 4349 1713 4411 bona
1729 4347 1844 4410 eadem
1861 4343 2001 4408 ecclesia

327 4437 357 4499 in
387 4439 622 4518 presentiarum
655 4437 737 4501 iuste
767 4445 800 4500 et
831 4438 988 4501 canonice
1026 4439 1175 4520 possidet
1210 4445 1267 4500 aut
1302 4440 1334 4500 in
1366 4438 1509 4501 futurum
1547 4439 1762 4500 concessione
1796 4434 2000 4517 pontificum,

326 4524 500 4606 largitione
532 4546 645 4608 regum
676 4526 727 4589 vel
759 4528 958 4609 principum,
991 4526 1157 4590 oblatione
1187 4525 1331 4590 fidelium
1355 4529 1418 4590 'seu
1449 4527 1521 4590 aliis
1553 4529 1644 4590 iustis
1677 4526 1801 4599 modis,
1833 4532 1999 4607 prestante

327 4615 471 4690 domino,
502 4615 623 4697 poterit
651 4616 793 4697 adipisci,
822 4614 915 4678 firma
938 4615 1032 4678 vobis
1054 4618 1236 4695 vestrisque
1265 4618 1508 4681 successoribus
1535 4625 1569 4679 et
1600 4611 1748 4701 ill[ibata]
1778 4621 1998 4697 permaneant.

328 4704 364 4766 In
395 4703 511 4787 quibus
541 4703 604 4766 hec
634 4707 775 4788 propriis
806 4706 959 4768 duximus
990 4706 1205 4787 exprimenda
1236 4706 1421 4769 vocabulis:
1461 4705 1569 4769 locum
1601 4707 1707 4788 ipsum
1744 4724 1818 4766 cum
1851 4703 1999 4766 omnibus

328 4795 534 4877 pertinentiis
557 4795 623 4856 suis
647 4803 713 4856 tam
734 4792 929 4870 hominibus
954 4815 1053 4876 quam
1073 4796 1175 4870 terris,
1199 4798 1311 4871 vineis,
1335 4794 1472 4878 pascuis,
1495 4795 1591 4870 silvis,
1615 4796 1726 4876 pratis,
1750 4815 1770 4856 a
1789 4787 1907 4878 [quisi]
1933 4842 1940 4854 .
1963 4839 1997 4853 ..

329 4891 362 4946 et
384 4884 435 4965 pri
459 4930 620 4945 ......
645 4893 767 4946 etcum
784 4886 872 4947 omni
889 4884 957 4945 iure
979 4881 1173 4964 parrochiali
1196 4893 1230 4947 et
1251 4885 1450 4948 vestimentis
1465 4885 1694 4948 defunctorum
1711 4880 1997 4965 parrochianorum

330 5019 495 5035 ......
521 4993 594 5034 cum
627 4973 715 5036 omni
747 4992 797 5048 eo,
830 4972 921 5054 quod
952 4975 1064 5036 datum
1098 4981 1147 5036 est
1177 4974 1285 5036 eidem
1318 4974 1457 5037 ecclesie
1487 4977 1521 5037 in
1543 4975 1599 5037 die
1621 4972 1876 5036 consecrationis
1900 4966 1998 5056 edus}

329 5067 433 5124 totam
458 5060 566 5124 villam
597 5062 640 5124 de
663 5061 860 5144 Castagnolo
892 5081 966 5125 cum
997 5062 1149 5125 omnibus
1180 5063 1382 5144 pertinentiis
1406 5065 1480 5138 suis,
1512 5065 1669 5144 quicquid
1702 5063 1779 5124 iuris
1811 5059 1940 5124 habetis
1969 5061 1998 5122 in

329 5147 419 5213 Saxa
441 5157 509 5214 tam
532 5151 563 5212 in
586 5151 730 5226 decimiS,
754 5172 852 5233 quam
873 5153 905 5215 in
929 5149 1108 5234 parrochiis
1133 5159 1166 5214 et
1187 5152 1258 5215 aliis
1282 5155 1397 5216 vestris
1420 5152 1688 5234 proprietatibus;
1713 5160 1817 5214 totam
1839 5151 1997 5213 decimam

329 5240 372 5302 de
403 5239 608 5323 Camponeri,
638 5249 672 5304 et
699 5248 803 5304 totam
835 5241 997 5304 decimam
1030 5239 1168 5315 confinii,
1199 5242 1240 5305 ab
1264 5241 1327 5305 Aia
1358 5241 1531 5306 aPersico
1563 5260 1665 5321 usque
1698 5242 1740 5302 ad
1764 5240 1937 5316 Lacoram,
1967 5248 1997 5302 et

329 5349 433 5410 usque
456 5331 498 5393 ad
523 5349 674 5412 campum
691 5330 897 5406 Domnicum,
921 5338 953 5393 et
978 5350 1081 5412 usque
1103 5331 1145 5393 ad
1162 5330 1340 5406 Paltonem,
1364 5339 1396 5396 et
1420 5351 1524 5412 usque
1546 5331 1588 5393 ad
1612 5328 1818 5412 Tarprulam,
1842 5338 1877 5392 et
1899 5349 1998 5410 usque

493 5505 587 5565 1)Er‘n
606 5505 690 5555 Pmno
715 5507 772 5555 oder
788 5507 875 5556 ano
901 5507 960 5556 oder
985 5506 1059 5571 dergl.
1088 5508 1145 5557 habe
1169 5507 1205 5558 ich
1228 5509 1266 5555 als
1293 5508 1419 5557 modemen
1443 5507 1539 5556 Numen
1562 5507 1588 5556 r'n
1612 5507 1656 5556 der
1679 5508 1777 5556 Dr'e'cere
1807 5507 1915 5555 Volterro
1937 5505 1999 5555 uiri!

329 5575 459 5641 ausfinden
476 5577 577 5637 konnen,
596 5577 622 5626 r'n
645 5577 739 5627 Corsica
756 5577 846 5628 koenmt
863 5580 907 5627 der
924 5579 1003 5628 Name
1023 5579 1106 5628 Praene
1129 5579 1239 5628 awdmal
1259 5593 1311 5638 vor,
1337 5579 1376 5628 er'n
1397 5579 1481 5628 Petere
1504 5578 1561 5643 leeg!
1577 5577 1603 5628 in
1622 5579 1665 5627 der
1685 5579 1788 5628 Ρνσνίηε
1807 5577 1896 5626 Lucro.
1933 5575 1998 5626 Auel

329 5647 356 5696 ἐκ
374 5647 426 5696 dem
451 5648 606 5698 Vmeiclurr‘ss
623 5649 667 5698 der
685 5649 731 5698 Pia
752 5649 830 5713 Opera
854 5651 1005 5699 Volterranea
1023 5665 1071 5698 von
1094 5653 1159 5698 1875
1170 5651 1253 5716 findet
1273 5651 1323 5698 siclt
1340 5650 1394 5700 hein
1416 5649 1462 5698 Ort
1484 5650 1564 5714 obigen
1583 5649 1698 5700 Namem.
1735 5649 1898 5700 Andererseits
1915 5647 1999 5698 scietur

329 5735 376 5768 ares
392 5719 439 5769 den
457 5719 629 5787 Sctmtmgen
647 5721 691 5770 der
713 5721 919 5772 Volterram'sclrm
938 5721 1048 5785 Bisclrhfe
1065 5721 1261 5787 herwrmgrtm,
1282 5722 1308 5772 in
1326 5723 1427 5772 welcler
1444 5719 1542 5771 Drb'cere
1558 5722 1603 5771 der
1621 5721 1667 5772 Ort
1681 5724 1781 5788 gesuri!
1796 5721 1893 5770 werden
1911 5735 1982 5770 m.
