4126 6366
1666 329 1727 412 ³83

798 521 864 596 Nr.
892 525 982 597 445.

52 649 198 716 celestia
214 650 281 715 ΙΙΙ
292 651 444 735 bestitigt
457 651 531 715 dem
548 651 699 731 Bisclzofe
722 652 752 715 T
746 651 884 718 teodald
896 675 956 718 non
978 653 1095 718 criasi
1116 654 1186 733 das,
1208 675 1278 717 was
1300 675 1338 716 er
1358 653 1438 718 nacle
1456 653 1662 737 papstliclrer
1677 652 1729 716 In·

293 741 432 825 dulgere
447 762 556 823 wegen
571 741 631 804 der
647 739 933 825 Kircleengebe'r'ude
946 765 1007 806 von
1023 743 1278 826 Montepulriano
1286 743 1409 826 gethan
1422 743 1487 806 hat.

648 861 733 920 1192
750 857 897 923 hebreae
911 862 959 922 19.
992 859 1142 923 Lateran.

213 974 435 1038 CELESTINUS
459 974 644 1054 episcopus,
668 995 778 1038 servus
795 996 962 1039 servorum
979 977 1041 1050 dei,
1065 975 1243 1038 venerabili
1261 975 1348 1037 fratri
1365 975 1571 1049 Theobaldo,
1596 973 1730 1037 Clusino

48 1065 213 1146 episcopo
231 1062 264 1148 ¹),
288 1063 424 1126 salutem
450 1075 483 1126 et
506 1063 725 1145 apostolicam
749 1065 1022 1128 benedictionem.
1070 1064 1153 1127 Cum
1177 1085 1196 1126 a
1219 1064 1316 1127 nobis
1339 1065 1468 1146 petitur,
1497 1064 1587 1145 quod
1612 1064 1730 1125 iustum

48 1161 148 1217 estet
165 1154 350 1226 honestum,
367 1162 436 1214 tam
451 1153 546 1234 vigor
561 1153 724 1234 equitatis,
742 1174 841 1234 quam
862 1152 867 1238 Ι
888 1155 971 1217 ordo
989 1154 1092 1236 exigit
1112 1154 1255 1228 rationis,
1281 1165 1316 1217 ut
1339 1153 1372 1214 id
1396 1173 1455 1235 per
1477 1152 1730 1215 sollicitudinem

48 1242 151 1304 officii
176 1244 278 1306 nostri
303 1242 345 1304 ad
370 1242 518 1304 debitum
542 1243 739 1323 perducatur
762 1244 923 1306 effectum.
970 1243 1169 1325 Eapropter,
1202 1243 1397 1305 venerabilis
1420 1243 1452 1304 in
1477 1240 1608 1305 Christo
1633 1241 1732 1303 frater

49 1333 219 1413 episcope,
241 1333 306 1394 tuis
329 1331 420 1393 iustis
444 1331 596 1412 precibus
620 1332 776 1409 inclinati,
802 1333 892 1415 quod
909 1333 1012 1414 egisti,
1036 1333 1216 1395 secundum
1232 1343 1381 1394 tenorem
1403 1331 1604 1412 indulgentie
1621 1339 1731 1393 nostre

48 1442 148 1503 super
172 1421 298 1485 fabrica
321 1419 466 1496 ecclesie,
492 1441 591 1502 quam
613 1420 645 1482 in
666 1432 773 1484 castro
798 1423 919 1485 montis
935 1422 1078 1485 Pulciani
1097 1417 1121 1505 ¹)
1146 1421 1298 1498 fundasti,
1321 1423 1404 1485 sicut
1425 1421 1604 1484 secundum
1621 1429 1731 1482 nostre

48 1521 201 1574 tenorem
225 1509 427 1591 indulgentie
451 1510 648 1590 processisti,
673 1511 866 1574 auctoritate
889 1511 1073 1593 apostolica
1096 1510 1336 1574 confirmamus·
1382 1510 1468 1572 Nulli
1493 1529 1571 1591 ergo
1595 1510 1730 1572 omnino

48 1600 223 1662 hominum
246 1599 352 1675 liceat,
376 1598 461 1660 hanc
485 1594 666 1683 p[aginam]
691 1611 802 1664 nostre
825 1595 1109 1686 colnfir]mationis
1133 1600 1306 1682 infringere
1326 1600 1377 1662 vel
1394 1601 1431 1662 ei
1455 1619 1534 1662 ausu
1559 1599 1730 1664 temerario

49 1689 223 1752 contraire.
269 1688 305 1752 Si
330 1688 402 1769 quis
427 1699 537 1770 autem
561 1688 625 1750 hoc
648 1685 869 1776 attemptlare]
895 1690 1137 1771 presumpserit,
1162 1689 1422 1771 indignationem
1446 1689 1684 1770 omnipotentis
1703 1684 1731 1771 ¹1)

50 1779 100 1842 dei
119 1790 154 1842 et
171 1778 344 1841 beatorum
359 1777 444 1840 Petri
461 1788 495 1840 et
510 1777 608 1853 Pauli,
633 1779 859 1859 apostolorum
883 1779 960 1858 eius,
981 1800 1017 1842 se
1033 1779 1160 1842 noverit
1176 1777 1399 1864 incursupum.
1416 1814 1460 1824 —
1475 1780 1551 1841 Dat.
1567 1777 1731 1854 Laterani,

49 1881 85 1930 xl
108 1868 164 1932 Kl.
189 1867 309 1930 Martii.
354 1866 567 1930 Pontificatus
590 1868 693 1929 nostri
717 1888 805 1932 anno
829 1869 947 1950 primo
972 1904 1015 1915 -

215 1982 257 2031 Or.
277 1980 312 2030 im
330 1981 443 2030 Archino
464 1981 599 2045 Capirelarr
615 1997 645 2029 su
662 1983 755 2031 Areten.

213 2054 283 2117 Prrg.
302 2053 362 2110 irat,
382 2053 418 2103 br.
437 2056 462 2116 0,
470 2057 508 2112 19,
527 2055 590 2117 lang
606 2055 691 2113 0,138,
716 2061 792 2104 undere
810 2055 888 2114 0‚018
910 2055 1101 2119 umgesctlagm,
1127 2055 1205 2104 durch
1223 2057 1239 2104 9
1259 2054 1350 2104 Ltclrrr
1372 2055 1430 2118 geht
1453 2053 1490 2102 die
1512 2069 1567 2103 rosa
1592 2051 1648 2102 und
1668 2051 1733 2117 gelbr

48 2125 236 2185 Seiderrsclmur,
256 2141 289 2174 ere
307 2126 351 2174 der
367 2125 411 2173 das
430 2125 555 2190 Bleisr'egel
569 2126 652 2191 ltingt,
673 2125 783 2192 Faltrmg
799 2126 842 2175 der
859 2127 961 2176 Breven.

592 2467 595 2473 2
797 2412 865 2486 ΝΥ.
893 2415 983 2488 446.

55 2539 195 2606 ίΰΙεεῖῂι
211 2539 278 2604 ΠΙ
288 2540 426 2604 verleilrt
446 2541 519 2604 dem
535 2540 615 2606 Abte
630 2564 690 2606 von
707 2542 775 2607 San
791 2543 866 2608 Siro
880 2544 920 2608 di
937 2543 1066 2608 Genava
1080 2544 1142 2608 den
1160 2542 1328 2607 Gebrauclr
1351 2563 1411 2605 von
1427 2541 1533 2606 Mitra
1548 2541 1618 2606 und
1631 2541 1729 2624 Ring.

664 2661 751 2722 1192
767 2660 866 2724 Me'r'ra
882 2663 933 2725 18.
967 2660 1122 2724 Lateran.

213 2772 433 2836 CELESTINUS
466 2775 657 2856 episcopuS,
689 2795 799 2838 servus
828 2796 996 2839 servorum
1020 2777 1089 2852 dei,
1121 2776 1241 2839 dilecto
1275 2774 1342 2838 filio
1365 2771 1582 2858 Bert(old0?),
1616 2775 1729 2838 abbati

50 2863 153 2925 sancti
177 2862 242 2926 Siri
266 2861 442 2939 Ianuensis
466 2864 605 2927 salutem
629 2871 662 2927 et
686 2865 904 2947 apostolicam
935 2866 1209 2929 benedictionem.
1230 2862 1234 2949 l
1255 2865 1319 2942 Ea,
1354 2885 1418 2946 que
1449 2865 1491 2927 ad
1520 2864 1729 2928 ecclesiarum

51 2952 149 3014 decus
172 2963 324 3033 spectare
355 2954 595 3034 cognoscimus,
627 2964 660 3016 et
683 2954 844 3018 honorem
873 2957 958 3018 circa
990 2975 1148 3036 personas
1177 2965 1209 3017 et
1240 2954 1410 3029 ecclesias,
1442 2953 1528 3016 bene
1559 2955 1601 3016 de
1633 2954 1730 3017 nobis

51 3037 206 3126 melritas,
233 3047 327 3104 tanto
352 3041 506 3105 libentius
529 3063 771 3125 promovemus,
804 3052 928 3126 quanto
954 3045 985 3106 in
1010 3045 1147 3108 ecclesie
1169 3045 1319 3106 Romane
1352 3053 1530 3106 noscuntur
1553 3043 1730 3106 devotione

52 3130 264 3194 ferventiores
288 3133 436 3209 existere,
461 3141 505 3204 ut,
530 3133 637 3212 quise
661 3133 846 3197 devotiores
870 3133 1036 3210 exhibent,
1061 3134 1213 3216 specialis
1236 3133 1443 3214 prerogativa
1467 3153 1600 3195 munere
1623 3142 1729 3213 gratu·

52 3219 164 3283 lentur.
212 3220 406 3301 Eapropter,
440 3219 559 3284 dilecte
591 3221 623 3283 in
656 3222 792 3285 domino
823 3223 884 3299 fili,
919 3223 1147 3298 devotionem,
1178 3243 1276 3304 quam
1301 3243 1379 3304 erga
1402 3241 1463 3285 nos
1487 3232 1520 3284 et
1543 3223 1730 3284 Romanam

51 3309 224 3372 ecelesiam
247 3319 319 3371 tota
346 3311 460 3373 civitas
482 3309 649 3373 Ianuensis
681 3321 714 3374 et
743 3321 778 3373 tu
810 3313 881 3394 ipse
912 3311 1036 3374 habere
1067 3313 1275 3394 dignosceris,
1299 3312 1523 3386 attendentes,
1556 3330 1649 3374 usum
1672 3311 1759 3373 tibi·

52 3399 142 3461 mitre
167 3409 204 3461 et
226 3398 312 3460 anuli
336 3410 473 3480 paterne
497 3400 682 3463 dilectionis
706 3400 880 3465 affectione
904 3401 1123 3476 concedimus,
1154 3412 1188 3464 ut
1211 3401 1258 3464 eis
1281 3400 1363 3464 infra
1387 3401 1559 3464 ecclesiam
1583 3411 1672 3462 tuam
1696 3399 1729 3461 in

53 3487 139 3550 festis
162 3488 339 3570 precipuis,
364 3489 396 3550 in
420 3490 686 3570 processionibus
710 3500 744 3552 et
766 3491 937 3552 missarum
960 3490 1164 3571 sollempniis
1187 3497 1221 3552 et
1235 3489 1440 3552 sinodalibus
1456 3488 1730 3553 conventionibus

52 3578 189 3640 ecclesie
228 3577 439 3654 cathedralis,
478 3579 569 3641 salva
604 3599 664 3660 per
701 3581 814 3642 omnia
843 3579 992 3642 Ianuensi
1029 3579 1279 3661 archiepiscopo
1319 3578 1432 3641 debita
1461 3579 1666 3642 subiectione
1697 3587 1731 3640 et

52 3667 239 3739 reverentia,
270 3666 406 3730 liberam
437 3677 504 3730 tam
533 3676 584 3743 tu,
617 3688 716 3748 quam
740 3689 943 3733 successores
973 3669 1020 3731 tui
1044 3669 1200 3751 deinceps
1225 3668 1336 3730 utendi
1361 3668 1510 3730 habeatis
1535 3668 1730 3730 auctoritate

52 3755 237 3837 apostolica
260 3755 457 3820 facultatem.
504 3756 593 3819 Nulli
618 3777 696 3839 ergo
721 3759 856 3821 omnino
888 3757 1046 3821 hominun
1078 3758 1185 3834 liceat,
1217 3756 1303 3819 hanc
1333 3758 1490 3838 paginam
1521 3767 1631 3819 nostre
1654 3776 1729 3819 con·

52 3845 209 3908 cessionis
231 3845 406 3926 infringere
427 3845 480 3909 vel
504 3845 534 3908 ei
557 3865 637 3908 ausu
660 3848 834 3910 temerario
858 3847 1027 3910 contraire.
1073 3844 1109 3908 Si
1134 3848 1205 3928 quis
1229 3855 1338 3908 autem
1362 3846 1426 3908 hoc
1446 3855 1643 3927 attemptare
1659 3865 1730 3927 pre·

52 3935 234 4016 sumpserit,
266 3935 527 4016 indignationem
560 3936 797 4017 omnipotentis
828 3937 880 3999 dei
909 3947 942 4000 et
965 3937 1139 4000 beatorum
1161 3936 1248 3999 Petri
1279 3945 1312 3998 et
1334 3935 1441 4015 Pauli,
1471 3931 1476 4019 Ι
1503 3934 1731 4016 apostolorum

53 4023 132 4100 eius,
165 4044 203 4086 se
234 4025 361 4088 noverit
391 4025 602 4087 incursurum.
631 4059 674 4070 -
702 4026 779 4089 Dat.
803 4026 975 4103 Laterani,
1005 4039 1055 4088 xv
1084 4023 1158 4088 Kal.
1182 4024 1323 4107 Aprelis.
1351 4021 1356 4106 Ι
1384 4024 1597 4087 Pontificatus
1628 4024 1729 4086 nostri

56 4133 138 4176 anno
163 4113 283 4194 primo

217 4225 261 4276 Or.
280 4223 289 4284 l
294 4226 437 4292 Pergameni
455 4228 504 4280 Vol.
524 4228 543 4276 I
551 4235 578 4292 p.
599 4229 654 4294 32),
673 4226 760 4278 frider
777 4228 841 4278 Bibl.
860 4229 917 4277 dele
940 4226 1083 4289 Universr'lir,
1108 4227 1252 4294 begleubr'gte
1264 4226 1389 4290 Absclm'st
1400 4227 1439 4276 des
1452 4227 1484 4276 13
1499 4226 1592 4290 Jahrb.
1606 4226 1644 4292 (S.
1657 4226 1730 4292 Sira),

55 4297 85 4346 ire
103 4297 219 4347 Arclrinr'o
236 4297 264 4346 di
281 4297 354 4358 State,
373 4299 497 4362 Absclrrr'ft
514 4300 558 4348 der
575 4299 648 4348 Misc.
668 4301 695 4349 di
716 4300 779 4350 Strr.
799 4301 853 4364 lig.
877 4301 899 4348 V
909 4307 936 4364 p.
956 4301 1015 4360 395,
1035 4301 1061 4350 r'rr
1079 4301 1122 4349 der
1139 4299 1201 4349 Bibl.
1224 4299 1305 4348 Civica
1323 4316 1353 4347 au
1375 4299 1468 4348 Genua.

217 4371 269 4428 Or,
291 4369 359 4436 Perg.
379 4370 440 4432 irat,
459 4371 494 4420 br.
515 4374 583 4431 0,2t,
603 4373 765 4437 lang0,212,
785 4379 860 4421 renim
878 4373 963 4432 0,018,
981 4372 1171 4438 umgrsrlrlngm‚
1192 4371 1269 4420 durch
1287 4372 1345 4420 ranei
1362 4371 1454 4421 Ltcher
1468 4370 1528 4434 gelu
1551 4368 1589 4418 die
1606 4386 1660 4419 rosa
1679 4370 1735 4420 und

52 4443 130 4504 gratur
147 4439 336 4502 Seiderrsclmur,
355 4442 428 4492 deren
446 4443 571 4509 Bler‘sr'egel
583 4445 699 4504 neriam,
720 4443 829 4509 Falturrg
845 4443 888 4492 der
905 4445 1007 4494 Brenm.

801 4729 867 4804 Nr.
894 4731 984 4803 447.

62 4855 197 4921 &estin
212 4855 281 4920 ΙΙΙ
303 4857 493 4943 beauftragt
517 4860 579 4924 den
605 4861 724 4944 Propst
747 4882 808 4924 von
836 4859 910 4926 San
925 4862 1084 4944 Prospero
1109 4861 1148 4924 di
1175 4860 1298 4943 Reggio
1322 4857 1395 4924 nell
1421 4858 1551 4922 Emilin
1577 4859 1647 4922 und
1670 4856 1732 4921 den

58 4946 222 5032 Magister
239 4946 372 5012 Gerard
395 4949 435 5012 di
459 4948 557 5012 Sersa
583 4971 643 5014 ven
669 4950 805 5030 Parma,
831 4951 893 5014 den
920 4949 1022 5014 Streit
1044 4951 1207 5015 ewisclrrn
1233 4948 1308 5014 dem
1334 4948 1642 5012 Domsclrulmeister
1666 4947 1735 5011 und

304 5036 376 5102 dem
392 5038 604 5122 Dnmkapitel
614 5060 674 5102 von
691 5039 815 5123 Reggio
830 5061 944 5122 turgere
958 5041 1085 5123 einiger
1101 5038 1204 5102 Gr'iter
1216 5061 1257 5103 zu
1271 5038 1482 5103 entsclreiden.

667 5156 753 5218 1192
767 5153 935 5238 Aperlae.
967 5155 1119 5218 Lateran.

214 5265 397 5332 Celestinus
413 5270 597 5353 episcopus,
621 5292 732 5336 servus
747 5293 915 5336 servorum
932 5273 993 5346 dei,
1018 5271 1144 5335 dilectis
1160 5270 1242 5348 filiis,
1263 5271 1433 5353 preposito
1449 5271 1552 5333 sancti
1571 5269 1731 5352 Prosperi‚

58 5356 262 5420 subdiacono
293 5369 421 5432 nostro,
453 5372 486 5423 et
517 5362 674 5442 magistro
698 5357 880 5446 .Ger(ardo)
912 5363 953 5425 de
985 5361 1099 5437 Sesso,
1132 5361 1293 5423 canonico
1317 5361 1499 5436 Parmensi,
1531 5358 1668 5423 salutem
1699 5366 1732 5421 et

58 5445 274 5526 apostolicam
290 5446 564 5513 benedictionem
596 5450 684 5514 Inter
700 5452 854 5515 dilectum
870 5451 971 5514 filium
996 5451 1039 5514 .P.
1053 5447 1086 5536 ³),
1104 5450 1342 5512 subdiaconum
1359 5459 1516 5524 nostrum,
1541 5450 1732 5531 magistrum

57 5535 216 5598 scolarum
231 5535 359 5616 Regine
374 5538 519 5615 ecclesie,
544 5550 577 5602 et
600 5542 843 5604 concanonicos
866 5561 942 5604 suos
964 5561 1063 5622 super
1086 5539 1283 5620 quibusdam
1301 5537 1330 5625 b)
1354 5538 1626 5620 possessionibus,
1650 5557 1732 5620 quas

62 5649 208 5657 -—-...—-.

214 5697 241 5756 a)
261 5709 273 5742 s
292 5697 344 5760 aus
362 5656 479 5746 Ram-
535 5697 562 5760 b)
582 5697 627 5747 bus
652 5713 699 5747 uon
721 5699 823 5747 lellerer
845 5697 921 5747 Dinte
946 5694 1158 5763 r'r'bergesclrrirberr.
1179 5735 1192 5740 -
1214 5734 1230 5740 .-
1251 5697 1286 5764 ,1)
1309 5693 1435 5756 Threbnld,
1454 5695 1559 5760 Birthas
1572 5711 1620 5746 verr
1641 5693 1732 5758 cteta,

58 5778 76 5812 r.
98 5765 299 5818 rrur-c.1200.
373 5777 398 5833 2)
422 5769 521 5834 Unsem
539 5770 619 5820 Simu.
691 5775 719 5834 3)
745 5768 817 5820 Wohl
828 5769 921 5820 Petrus.
