4142 6366
1703 343 1768 427 28⁴9

92 532 275 612 episcopus
294 526 325 614 ¹),
347 527 391 592 de
414 533 522 592 vestra
545 527 683 594 ecclesia
705 529 857 605 lecerunt,
882 537 916 593 et
937 529 1129 604 libertatem,
1153 550 1255 610 quam·
1274 533 1306 594 in
1330 535 1542 596 concessione
1564 532 1635 613 ipsa
1658 530 1765 594 eidem

91 620 305 684 contulerunt
319 619 456 682 ecclesie
472 638 511 680 ac
527 618 624 682 beate
640 620 875 683 recordationis
892 621 1106 702 predecessor
1121 629 1232 684 noster
1244 620 1470 684 ALEXANDER
1486 641 1574 704 papa
1588 621 1700 702 scripti
1716 621 1765 683 sui

92 711 273 773 munimine
298 708 473 783 roboravit,
495 727 555 770 nos
579 726 720 789 quoque,
743 709 827 772 sicut
849 712 882 772 in
896 711 1016 772 eodem
1032 711 1156 790 scripto
1172 713 1338 775 autentico
1356 711 1547 786 continetur,
1571 711 1766 774 auctoritate

91 799 280 882 apostolica
295 797 525 862 confirmamus
541 803 575 859 et
590 805 692 860 ratam
709 798 874 879 perpetuis
890 798 1093 881 temporibus
1106 800 1309 864 decernimus
1322 819 1522 882 permanere.
1552 797 1765 863 Prohibemus

91 891 238 970 insuper,
261 896 297 950 ut
319 907 387 950 non
409 885 506 950 liceat
528 883 666 949 Senensi
691 889 850 969 episcopo
873 888 925 951 vel
949 889 1112 950 canonicis
1135 888 1211 965 suis,
1225 888 1318 952 vobis
1341 898 1374 951 et
1390 890 1526 952 ecclesie
1541 898 1648 951 vestre
1664 908 1766 952 novas

92 987 127 1041 et
151 978 316 1040 indebitas
340 979 529 1040 exactiones
552 977 722 1057 imponere
744 983 800 1038 aut
821 977 967 1040 indebita
999 976 1226 1040 molestatione
1254 997 1398 1059 gravare.
1443 978 1530 1042 lnlra
1561 976 1766 1059 parrochiam

92 1087 231 1149 quoque
254 1065 390 1130 ecclesie
412 1073 520 1129 vestre
545 1065 649 1128 nullus
674 1065 843 1128 ecclesiam
866 1064 919 1130 vel
943 1068 1119 1128 oratorium
1144 1067 1214 1128 sine
1237 1086 1370 1130 assensu
1387 1065 1539 1130 Senensis
1562 1067 1709 1148 episcopi
1735 1076 1768 1128 et

92 1165 206 1220 vestro
231 1155 383 1218 edificare
407 1163 584 1236 presumat,
611 1154 706 1216 salvis
729 1161 838 1218 tamen
862 1155 1035 1237 privilegiis
1059 1154 1282 1219 Romanorum
1307 1157 1509 1238 pontificum.
1557 1153 1766 1237 Sepulturam

93 1254 247 1328 preterea
270 1247 371 1326 ipsius
394 1244 458 1307 loci
489 1243 623 1306 liberam
650 1263 722 1306 esse
745 1244 956 1318 decernimus,
987 1252 1022 1306 ut
1045 1263 1158 1306 eorum
1183 1245 1349 1308 devotioni
1374 1255 1407 1309 et
1430 1254 1578 1308 extreme
1600 1244 1767 1318 voluntati,

92 1336 149 1414 qui
173 1354 210 1396 se
234 1334 299 1397 illic
322 1332 448 1415 sepeliri
473 1331 736 1406 deliberaverint,
769 1333 829 1396 nisi
862 1333 948 1397 sorte
976 1335 1251 1396 excommunicati
1273 1334 1326 1396 vel
1359 1335 1522 1398 interdicti
1553 1335 1629 1409 sint,
1662 1332 1767 1396 nullus

93 1424 242 1498 obsistat,
265 1422 354 1486 salva
368 1432 478 1485 tamen
494 1424 615 1485 iustitia
630 1422 756 1485 illarum
774 1422 989 1498 ecclesiarum,
1005 1444 1024 1485 a
1040 1421 1158 1504 quibus
1175 1431 1376 1486 mortuorum
1398 1443 1538 1506 corpora
1553 1432 1767 1486 assumuntur.

93 1513 314 1576 Decernimus
342 1531 437 1593 ergo,
469 1521 504 1574 ut
538 1511 614 1575 nulli
647 1512 779 1574 omnino
809 1511 975 1574 hominum
1008 1512 1057 1574 sas
1087 1514 1144 1584 sit,
1176 1511 1335 1593 prefatam
1368 1513 1539 1576 ecclesiam
1566 1511 1767 1574 ...usibus

93 1601 296 1666 omnimodis
330 1600 516 1684 profutura,
556 1601 645 1664 salva
681 1602 770 1663 sedis
800 1601 981 1682 apostolice
1012 1601 1220 1676 auctoritate,
1250 1599 1403 1665 Senensis
1435 1604 1583 1684 episcopi
1614 1601 1768 1664 canonica

92 1693 214 1755 iustitia
239 1698 273 1754 et
303 1690 441 1754 ecclesie
464 1691 567 1752 sancti
583 1689 725 1752 Fridiani
749 1689 861 1754 debita
881 1691 1070 1754 reverentia.
1108 1688 1143 1752 Si
1160 1709 1225 1769 qua
1241 1690 1337 1773 igitur
1354 1740 1360 1754 .
1377 1739 1384 1753 .
1403 1739 1409 1754 .
1435 1691 1568 1756 Cunctis
1584 1701 1693 1754 autem
1711 1740 1717 1753 .
1736 1737 1767 1752 ..

92 1783 270 1844 inveniant
315 1778 434 1842 Amen.
459 1778 549 1841 A·m.
575 1777 694 1841 Amen.
718 1815 762 1824 -

311 1869 365 1950 (R)
389 1867 462 1950 Ego
485 1868 606 1932 Lucius
631 1867 792 1931 catholice
815 1868 950 1932 ecclesie
974 1869 1149 1950 episcopus
1172 1887 1214 1929 ss.
1237 1867 1298 1948 (M)

308 1957 329 2038 †
351 1956 424 2039 Ego
448 1955 638 2021 Theodinus
663 1957 850 2020 Portuensis
874 1965 907 2020 et
928 1965 1041 2021 sancte
1062 1956 1179 2019 Rufine
1202 1957 1291 2019 sedis
1315 1959 1490 2040 episcopus
1514 1977 1555 2022 ss.

310 2043 330 2128 †
353 2048 427 2129 Ego
450 2046 567 2109 Paulus
589 2048 796 2110 Prenestinus
820 2048 994 2129 episcopus
1017 2067 1057 2109 ss.
1081 2041 1127 2130 (6)

309 2171 353 2182 -
375 2133 396 2218 †
420 2134 492 2217 Ego
514 2138 629 2199 Petrus
654 2136 816 2217 presbiter
838 2136 1009 2198 cardinalis
1032 2138 1079 2198 tit.
1102 2144 1216 2199 sancte
1238 2133 1387 2198 Susanne
1409 2155 1451 2196 ss.
1530 2209 1533 2218 Ι

310 2222 330 2307 †
354 2225 426 2307 Ego
450 2225 608 2288 Vivianus
633 2225 797 2308 presbiter
819 2224 990 2288 cardinalis
1013 2225 1058 2288 tit
1082 2222 1232 2308 sanctia)
1255 2221 1382 2287 Stelani
1413 2226 1445 2286 in
1470 2222 1562 2288 Celio
1590 2231 1704 2284 monte
1725 2241 1766 2284 ss.

309 2311 330 2396 †
354 2314 427 2396 Ego
451 2313 610 2395 Cynthius
633 2315 794 2396 presbiter
816 2313 985 2376 cardinalis
1008 2316 1057 2376 tit.
1081 2322 1192 2378 sancte
1216 2313 1335 2378 Cecilie
1357 2333 1399 2376 ss.

310 2399 330 2486 †
353 2403 427 2485 Ego
450 2405 549 2484 Hugo
574 2403 736 2486 presbiter
759 2403 931 2476 cardinalis
954 2405 1000 2466 tit.
1023 2405 1126 2466 sancti
1152 2402 1327 2467 Clementis
1350 2422 1390 2464 ss.
1414 2397 1461 2488 (1)

308 2488 329 2573 †
352 2492 425 2574 Ego
448 2492 614 2556 Arduinus
638 2493 800 2575 presbiter
824 2491 995 2555 cardinalis
1019 2495 1067 2555 tit.
1089 2503 1203 2556 sancte
1227 2493 1339 2556 Crucis
1362 2512 1403 2554 ss

308 2578 328 2663 †
352 2581 423 2664 Ego
448 2582 600 2646 Matheus
625 2583 787 2664 presbiter
810 2581 979 2645 cardinalis
1000 2582 1048 2644 tit.
1071 2583 1174 2644 sancti
1198 2580 1343 2644 Marcelli
1366 2601 1407 2644 ss.

307 2667 328 2752 †
350 2671 425 2753 Ego
447 2671 615 2734 Laborans
637 2671 798 2754 presbiter
821 2672 991 2734 cardinalis
1014 2678 1126 2734 sancte
1149 2670 1253 2734 Marie
1274 2669 1494 2732 transtiberim
1517 2670 1565 2730 tit.
1581 2667 1700 2732 Calixti
1719 2685 1762 2728 ss.

310 2794 349 2804 -
374 2757 395 2842 †
419 2761 492 2842 Ego
514 2761 685 2824 Rainerius
707 2761 865 2824 diaconus
887 2759 1055 2824 cardinalis
1078 2759 1180 2823 sancti
1204 2759 1335 2840 Georgii
1358 2760 1399 2822 ad
1423 2757 1541 2820 Velum
1565 2777 1698 2820 aureum
1720 2774 1761 2818 ss.

308 2846 328 2931 †
352 2851 424 2931 Ego
449 2849 624 2914 Gratianus
646 2859 832 2913 sanctorum
857 2849 977 2914 Cosme
1001 2857 1033 2913 et
1056 2849 1208 2912 Damiani
1232 2850 1390 2912 diaconus
1413 2846 1585 2910 cardinalis
1608 2866 1649 2908 ss.

307 2939 328 3016 †
351 2936 424 3021 Ego
446 2939 617 3002 Rainerius
640 2939 795 3003 diaconus
819 2938 991 3003 cardinalis
1013 2938 1115 3002 sancti
1137 2937 1275 3001 Adriani
1299 2957 1341 3000 ss.

308 3024 328 3109 †
351 3028 425 3109 Ego
449 3027 616 3092 Mattheus
639 3038 751 3092 sancte
776 3027 877 3093 Marie
900 3048 984 3091 nove
1008 3029 1166 3091 diaconus
1189 3025 1361 3090 cardinalis
1384 3045 1424 3088 ss.
1448 3021 1495 3108 (4)

254 3115 329 3178 Dat
353 3117 514 3194 Laterani,
538 3138 598 3200 per
621 3139 752 3182 manum
768 3117 909 3194 Alberti,
934 3126 1046 3181 sancte
1066 3119 1216 3181 Romane
1239 3116 1377 3180 ecclesie
1400 3112 1570 3197 presbiteri
1593 3109 1763 3174 cardinalis

91 3209 126 3265 et
148 3203 339 3268 cancellarii.
384 3206 470 3270 Non.
495 3207 700 3271 Novembris.
745 3207 925 3271 Indictione
947 3221 1005 3270 xv.
1050 3207 1284 3271 Incarnationis
1308 3205 1471 3268 dominice
1494 3223 1580 3266 anno
1595 3212 1762 3264 Mchm.

93 3290 308 3358 Pontificatus
330 3316 409 3360 vero
434 3297 547 3360 domni
563 3297 666 3361 LUCII
689 3318 745 3380 pp.
768 3311 807 3360 111
830 3316 916 3360 anno
940 3309 961 3358 1.
988 3332 1026 3342 -

257 3409 300 3458 Or.
318 3409 353 3460 im
369 3411 482 3460 Archivio
500 3411 527 3459 di
543 3411 610 3460 stato
626 3428 659 3460 su
676 3413 765 3471 Lacca,
785 3411 910 3475 Absclm'ft
930 3409 960 3460 G.
984 3411 1053 3468 VIII,
1073 3410 1124 3459 2113
1136 3417 1162 3474 p.
1181 3411 1238 3468 167,
1257 3407 1283 3458 in
1302 3409 1345 3457 der
1361 3407 1424 3458 Bibl.
1447 3405 1566 3472 Chignitno
1582 3421 1613 3454 ru
1624 3407 1693 3454 Rom.

256 3481 326 3547 Perg.
345 3482 405 3543 ital,
423 3483 459 3533 br.
478 3485 566 3543 0,665,
585 3485 645 3548 long
661 3486 731 3543 0,66‚
749 3489 824 3532 soum
842 3485 904 3542 o,03
922 3483 1112 3547 umgeschlagen,
1131 3481 1209 3530 durch
1227 3481 1284 3529 rwei
1300 3481 1393 3530 Licher
1412 3482 1470 3545 geht
1486 3479 1523 3528 die
1547 3494 1601 3527 rosa
1625 3476 1681 3526 md
1699 3474 1764 3539 gerba

92 3551 277 3612 stramem,
293 3568 378 3603 wan
391 3555 436 3602 das
447 3553 572 3619 Blerb’egel
580 3557 664 3620 ltingt.
689 3555 798 3620 Fadung
809 3555 854 3603 der
864 3555 963 3604 Bellen.
990 3553 1065 3602 Ueher
1080 3553 1138 3602 Um·
1156 3553 1212 3602 und
1224 3551 1389 3615 Unlerscharfl
1405 3551 1484 3602 nicus
1493 3551 1606 3608 Sicteres,
1629 3546 1764 3612 Ringkrma

92 3624 148 3672 rard
164 3623 185 3672 E
207 3623 251 3672 der
271 3624 435 3690 Unterschrrfl
451 3625 546 3676 ὲϋκηιη
563 3642 611 3677 von
629 3627 695 3676 einer
713 3627 792 3675 Hand
807 3627 948 3684 Mirm,
966 3624 1016 3675 ihre
1028 3625 1105 3673 Dintr
1122 3623 1152 3672 ist
1167 3623 1253 3688 gleiclr,
1272 3624 1329 3671 aber
1346 3623 1448 3672 dasselbc
1464 3623 1528 3671 auch
1546 3621 1591 3671 mit
1607 3621 1650 3668 der
1666 3617 1764 3682 ilbrngm

96 3695 262 3761 Untersclmfl
285 3697 328 3746 der
344 3697 409 3748 Fall.
445 3699 575 3763 Datirrmg
599 3713 654 3747 vom
675 3697 964 3761 Hauptkorprrscireiber,
984 3697 1028 3746 dos
1045 3697 1068 3744 A
1086 3695 1179 3744 Alberts
1195 3695 1253 3759 mgr
1269 3694 1385 3743 dunklm
1402 3694 1484 3744 Dinis.
1515 3692 1563 3742 Die
1585 3690 1764 3756 Zeugmfirmen

91 3767 202 3816 scheinen
220 3783 268 3817 von
286 3769 344 3818 ervei
359 3769 498 3819 Schreibem
516 3771 686 3831 mutam,
706 3769 742 3818 die
760 3771 823 3819 auci
841 3768 898 3817 arvei
913 3767 1075 3817 verschiedme
1092 3767 1184 3816 Dr'men
1202 3766 1358 3815 unwandlm.

838 3998 904 4072 Nr.
934 4001 1022 4072 318.

150 4133 270 4197 Lucius
282 4131 348 4196 III
358 4129 507 4216 bestc'itigt
519 4131 592 4196 dem
605 4131 812 4212 Erzbisclzoje
823 4129 1122 4298 Ilp'ubalallzpor'rfisa
1133 4125 1220 4192 seim
1232 4127 1473 4211 Metropolitan-
1485 4127 1555 4191 und
1562 4125 1723 4208 sanstigen

855 4241 944 4284 orrec
981 4242 998 4283 e
1047 4267 1054 4281 .

668 4340 751 4400 1181
769 4335 950 4400 November
964 4337 1016 4398 12.
1048 4333 1198 4396 Lateran.

254 4455 372 4520 Lucius
395 4455 713 4536 episcopusservus
736 4473 904 4516 servorum
927 4451 989 4525 dei,
1012 4447 1187 4512 venerabili
1212 4447 1299 4510 fratri
1315 4446 1500 4524 HUBALDO,
1525 4447 1644 4508 Pisano
1666 4443 1767 4508 archi-

92 4544 264 4627 episcopo,
279 4544 462 4626 apostolice
477 4545 564 4608 sedis
580 4543 699 4624 legato,
717 4546 852 4624 eiusque
866 4539 1119 4614 successoribus,
1136 4538 1293 4600 canonice
1307 4535 1551 4610 substituendis,
1567 4548 1605 4598 IN
1620 4547 1697 4595 PPM.
1710 4531 1762 4620 —l

91 4632 188 4695 Tunc
212 4634 395 4716 apostolice
417 4634 506 4696 sedis
530 4641 563 4696 et
584 4633 808 4696 Romanorum
833 4630 1022 4713 pontificum
1046 4625 1152 4688 honor
1176 4627 1300 4707 integre
1323 4625 1511 4698 custoditur,
1542 4627 1568 4686 si
1592 4624 1767 4706 unicuique

92 4722 234 4786 ecclesie
262 4743 320 4786 sua
350 4723 490 4804 dignitas
522 4731 740 4784 conservatur.
785 4721 934 4784 Romane
964 4716 1127 4798 siquidem
1158 4714 1295 4778 ecclesie
1327 4723 1483 4779 consueta
1503 4715 1507 4794 Ι
1527 4713 1710 4795 benignitas
1734 4721 1767 4775 et

91 4813 237 4876 discreta
251 4810 423 4888 humilitas,
440 4831 523 4894 quos
540 4811 679 4874 devotos
696 4819 729 4874 et
745 4816 932 4874 mansuetos
948 4807 1032 4870 filios
1048 4806 1202 4887 repperit,
1219 4804 1299 4867 alios
1315 4804 1527 4886 dignitatibus
1541 4811 1574 4866 et
1585 4801 1766 4865 honoribus

90 4903 154 4966 sibi
179 4901 317 4985 amplius
333 4901 412 4964 sacit
427 4901 602 4976 obnoxios,
626 4899 707 4962 alios
723 4898 947 4962 familiaritatis
963 4903 997 4959 et
1012 4894 1197 4957 dilectionis
1213 4896 1420 4976 prerogativa
1436 4892 1599 4956 sublimat.
1636 4891 1764 4970 Equum

91 4994 182 5056 enim
206 4999 241 5054 et
263 4991 457 5054 rationabile
481 4999 539 5066 est,
562 4999 605 5066 ut,
630 5007 768 5069 quorum
793 4987 952 5052 beneficia
975 4994 1007 5048 et
1036 4983 1196 5062 obsequia
1226 5002 1262 5045 se
1294 4982 1407 5046 recolit
1436 4983 1628 5064 suscepisse,
1652 5000 1763 5043 eorum

90 5081 262 5145 devotioni
285 5102 349 5144 non
374 5100 524 5144 mensura
540 5081 610 5162 pari
634 5098 695 5141 nec
711 5079 893 5161 quantitate
910 5073 1025 5154 equali,
1041 5071 1100 5134 sed
1117 5091 1160 5134 ex
1174 5069 1391 5135 habundantis
1407 5073 1530 5154 gratiae
1545 5068 1766 5134 benivolentia

90 5171 209 5234 libenti
233 5171 342 5233 animo
365 5171 498 5233 studeat
520 5169 730 5250 respondere.
775 5168 993 5231 Predecessor
1016 5162 1177 5240 siquidem
1206 5169 1326 5237 noster,
1358 5162 1459 5224 felicis
1491 5162 1649 5224 memorie
1678 5178 1766 5240 papa

90 5260 338 5325 INNOOENTIUS
355 5257 389 5346 ³),
417 5260 460 5322 de
482 5258 646 5321 discordia
670 5263 704 5319 et
725 5277 850 5339 guerra,
882 5273 946 5334 que
977 5255 1060 5314 inter
1082 5251 1231 5313 Pisanam
1263 5259 1295 5313 et
1318 5249 1508 5313 Ianuensem
1541 5249 1686 5311 civitates
1710 5266 1764 5310 ex·

89 5353 241 5423 titerant,
280 5350 397 5412 multas
426 5347 595 5412 hominum
627 5345 736 5408 clades
768 5354 800 5409 et
831 5344 1080 5408 christianorum
1119 5338 1321 5420 captivitates
1361 5341 1544 5401 innumeras
1576 5337 1765 5419 provenisse

90 5440 312 5515 considerans,
346 5440 514 5520 utriusque
545 5437 646 5519 partis
676 5435 771 5498 saluti
810 5443 877 5498 tam
900 5427 1119 5514 spiritualiter,
1152 5447 1250 5507 quam
1274 5428 1514 5511 temporaliter,
1544 5435 1679 5509 patema
1702 5424 1764 5487 sol·

89 5529 263 5593 licitudine
285 5529 409 5591 studuit
432 5525 617 5610 providere,
649 5531 747 5604 atque
777 5546 837 5608 pro
868 5523 959 5587 bono
991 5520 1082 5603 pacis
1113 5523 1147 5578 et
1169 5518 1476 5600 recompensatione
1505 5519 1764 5600 episcopatuum,

89 5645 215 5654 --—.-

241 5645 468 5752 chloris-licerer.
489 5646 529 5730 -.
560 5683 905 5754 .t)RariurI,Br'schofvon
917 5679 996 5738 Si'rtra,
1016 5675 1359 5737 1128-1166;Rainerll,
1379 5677 1563 5727 nnn—1170.
1637 5675 1664 5740 2)
1688 5674 1764 5739 Vergl.

90 5759 129 5808 die
144 5757 264 5809 Urkrmde
281 5774 335 5808 vom
349 5761 381 5808 31
396 5758 452 5807 Mai
464 5761 540 5808 1161.
613 5759 640 5822 3)
663 5756 781 5806 Urkunde
791 5771 846 5806 vom
858 5756 894 5806 11
905 5752 979 5817 April
989 5751 1064 5800 1138.

145 5867 167 5895 v.
181 5851 475 5905 erimantum.
491 5855 548 5894 ner·
561 5855 603 5894 111.
1521 5839 1554 5888 37
