4126 6356
1682 330 1741 394 147

72 493 242 557 ecclesiam
257 491 385 573 sepeliri
404 491 638 567 deliberaverit,
650 493 755 555 nullus
771 493 883 569 abbas,
900 493 1004 557 nullus
1019 495 1180 576 plebanus
1196 517 1256 559 nec
1272 497 1409 578 quilibet
1422 499 1501 561 alius
1513 498 1608 562 vobis
1624 500 1744 561 exinde

73 583 338 646 contrarietatem
369 580 474 643 lacere
496 592 671 662 presumat.
717 582 773 644 Ad
797 583 953 646 indicium
977 595 1086 647 autem
1107 584 1201 648 huius
1232 587 1352 649 asede
1376 589 1557 669 apostolica
1589 597 1743 669 percepte

72 671 286 754 protectionis
309 690 368 732 sex
392 670 542 734 denarios
565 671 721 734 Lucensis
745 683 876 734 monete
900 673 996 735 nobis
1019 675 1202 756 nostrisque
1231 677 1471 740 successoribus
1493 677 1586 739 annis
1609 675 1744 758 singulis

70 761 274 842 persolvetis.
312 759 528 822 Decernimus
551 781 639 842 erg0,
663 768 700 822 ut
716 760 793 822 nulli
810 762 945 824 omnino
961 762 1132 825 hominum
1148 763 1252 837 liceat,
1278 765 1342 826 iam
1359 765 1481 828 dictam
1498 767 1669 828 ecclesiam
1687 815 1693 828 .
1712 813 1718 825 .
1735 811 1742 827 .

71 851 181 913 usibus
215 848 414 912 omnimodis
447 849 624 930 profutura,
656 850 746 912 salva
777 850 810 911 in
841 851 994 913 omnibus
1019 853 1201 938 apostolice
1233 853 1319 916 sedis
1348 856 1541 918 auctoritate
1572 866 1605 917 et
1634 854 1741 917 Pisani

71 938 312 1020 archiepiscopi
341 939 501 1000 canonica
532 939 661 1002 iustitia.
714 938 749 1002 Si
781 959 846 1020 qua
879 988 885 1001 .
914 988 920 1000 .
951 988 957 1002 .
984 989 990 1003 .
1022 941 1155 1004 Cunctis
1186 952 1293 1005 autem
1325 989 1332 1003 .
1363 989 1371 1004 .
1402 988 1410 1005 .
1444 945 1620 1007 inveniant.
1665 943 1741 1006 Am.

71 1028 159 1090 A·m.
184 1028 264 1091 Am.
287 1059 332 1072 -

285 1112 347 1195 (R)
370 1115 443 1196 Ego
466 1113 660 1179 Anastasius
685 1116 844 1204 catholice
868 1117 1003 1204 ecclesie
1026 1119 1202 1200 episcopus
1225 1139 1266 1181 ss
1291 1117 1358 1202 (M)

286 1201 307 1285 †
330 1201 403 1285 Ego
427 1205 567 1268 Ymarus
590 1205 793 1268 Tusculanus
816 1205 993 1288 episcopus
1015 1229 1055 1270 33.

284 1295 306 1370 †
329 1293 402 1374 Ego
426 1293 525 1375 Hugo
549 1295 734 1357 Hosticnsis
758 1296 933 1376 episcopus
956 1317 997 1358 ss

284 1381 305 1462 †
328 1383 401 1463 Ego
425 1380 563 1446 Cencius
585 1384 772 1446 Portuensis
796 1385 971 1466 episcopus
995 1394 1028 1448 et
1050 1394 1162 1447 sancte
1184 1385 1303 1469 Rufine
1326 1407 1367 1448 ss

285 1472 305 1548 †
329 1471 402 1552 Ego
427 1470 603 1552 Gregorius
626 1474 659 1534 in
682 1474 834 1535 Romana
857 1473 995 1537 ecclesia
1016 1473 1207 1537 Sabinensis
1230 1475 1366 1538 ecclesie
1390 1475 1511 1542 electus
1534 1497 1575 1538 33.
1599 1477 1645 1556 (9)

285 1595 329 1605 -
351 1559 372 1640 †
395 1561 468 1641 Ego
491 1557 767 1646 GG.(Gregorius)
783 1563 945 1643 presbiter
967 1562 1139 1626 cardinalis
1163 1563 1210 1626 tit.
1235 1562 1354 1626 Calixti
1378 1585 1419 1627 ss.

286 1647 307 1731 †
330 1651 403 1730 Ego
427 1649 537 1712 Guido
561 1652 723 1732 presbiter
745 1652 917 1715 cardinalis
940 1653 988 1716 tit.
1011 1653 1114 1715 sancti
1137 1651 1312 1734 Grisogoni
1337 1673 1378 1715 33.

285 1740 306 1822 †
329 1739 402 1818 Ego
426 1738 600 1801 Hubaldus
623 1740 785 1821 presbiter
807 1741 980 1803 cardinalis
1003 1742 1051 1804 tit.
1075 1752 1187 1804 sancte
1210 1741 1366 1804 Praxedis
1388 1763 1429 1805 ss,

284 1828 305 1906 †
328 1828 401 1908 Ego
426 1827 615 1891 Manfredus
638 1829 799 1910 presbiter
821 1830 992 1893 cardinalis
1016 1831 1063 1892 tit.
1087 1841 1198 1914 sancte
1221 1827 1341 1894 Savine
1364 1851 1405 1893 ss.

286 1915 306 2000 †
330 1918 403 1998 Ego
427 1916 599 1980 Aribertus
621 1918 783 1999 presbiter
805 1919 978 1982 cardinalis
1002 1921 1049 1982 tit.
1073 1929 1184 2006 sancte
1207 1918 1382 2006 Anastasie
1405 1941 1446 1983 ss.

285 2008 306 2082 †
328 2004 402 2087 Ego
426 2005 584 2068 lordanus
607 2007 768 2088 presbiter
798 2007 970 2071 cardinalis
993 2009 1042 2070 tit.
1065 2019 1248 2071 sanctarum
1272 2006 1420 2094 Susanne
1444 2019 1477 2074 et
1500 2008 1679 2072 Felicitatis
1702 2030 1742 2071 ss.

285 2091 306 2176 †
330 2095 403 2175 Ego
427 2095 628 2158 Octavianus
651 2097 813 2177 presbiter
835 2097 1007 2160 cardinalis
1030 2097 1078 2159 tit.
1100 2105 1212 2160 sancte
1235 2096 1355 2160 Cecilie
1378 2119 1419 2162 ss.

285 2179 306 2264 †
330 2185 403 2264 Ego
427 2183 591 2248 Gerardus
613 2185 775 2266 presbiter
804 2187 977 2249 cardinalis
1007 2187 1055 2248 tit.
1080 2187 1182 2249 sancti
1206 2186 1366 2269 Stephani
1391 2187 1424 2249 in
1448 2185 1539 2251 Celio
1567 2198 1680 2250 monte
1702 2207 1743 2250 ss.

284 2275 305 2353 †
321 2272 394 2353 Ego
406 2272 568 2336 Iohannes
581 2274 743 2356 presbiter
751 2275 924 2338 cardinalis
934 2286 1121 2338 sanctorum
1134 2275 1287 2338 Iohannis
1299 2276 1456 2355 etP(auli)
1467 2278 1514 2339 tit.
1526 2275 1691 2339 Pamachii
1702 2297 1742 2339 ss.

284 2361 305 2443 †
327 2363 401 2444 Ego
424 2363 586 2426 Henricus
609 2363 772 2445 presbiter
794 2365 966 2428 cardinalis
989 2365 1037 2428 tit.
1061 2375 1247 2427 sanctorum
1271 2365 1369 2427 Nerei
1393 2375 1426 2428 et
1448 2364 1590 2428 Achillei
1613 2386 1654 2429 ss.

284 2451 305 2529 †
328 2451 401 2532 Ego
425 2451 589 2515 lohannes
612 2454 774 2534 presbiter
797 2455 969 2517 cardinalis
991 2463 1179 2517 sanctorum
1201 2453 1348 2517 Silvestri
1372 2464 1405 2517 et
1428 2455 1559 2517 Martini
1582 2475 1622 2518 ss.

283 2573 327 2586 -
351 2537 371 2622 †
394 2541 467 2622 Ego
491 2541 653 2605 Rodullus
677 2543 833 2605 diaconus
857 2543 1028 2606 cardinalis
1051 2554 1164 2606 sancte
1186 2544 1287 2605 Lucie
1310 2544 1342 2606 in
1363 2539 1372 2628 ll
1397 2543 1500 2625 Septa
1522 2542 1601 2607 solis
1624 2565 1664 2608 ss

283 2631 304 2709 †
327 2630 401 2710 Ego
425 2630 535 2693 Guido
559 2631 717 2694 diaconus
740 2631 912 2696 cardinalis
935 2643 1047 2695 sancte
1071 2632 1174 2694 Marie
1197 2633 1230 2694 in
1253 2633 1383 2695 Porticu
1405 2653 1447 2695 ss

283 2717 303 2798 †
325 2719 399 2799 Ego
422 2718 585 2783 Iohannes
609 2720 765 2784 diaconus
789 2721 962 2783 cardinalis
984 2731 1171 2784 sanctorum
1194 2717 1298 2802 Sergii
1323 2731 1357 2784 et
1378 2719 1480 2784 Bachi
1504 2741 1545 2783 ss.

282 2808 304 2886 †
327 2808 400 2888 Ego
425 2807 502 2872 Odo
527 2809 685 2871 diaconus
709 2810 880 2873 cardinalis
904 2811 1008 2874 sancti
1031 2809 1182 2873 Nicholai
1207 2811 1240 2873 in
1264 2829 1392 2873 carcere
1416 2809 1568 2873 Tulliano
1591 2830 1633 2873 ss.
1650 2805 1697 2894 (9)

227 2899 307 2959 Dat.
315 2897 475 2972 Laterani,
499 2919 557 2979 per
573 2918 705 2960 manum
720 2899 872 2975 Rolandi,
888 2910 1000 2983 sancte
1020 2899 1050 2981 a)
1066 2901 1215 2984 Romane
1231 2899 1367 2984 ecclesie
1383 2899 1554 2981 presbiteri
1571 2899 1742 2962 cardinalis

71 2999 100 3052 et
122 2986 319 3050 cancellarii.
358 2999 408 3048 vll
432 2986 484 3049 Kl.
509 2988 597 3050 Maii.
644 2988 827 3050 Indictione
850 3001 884 3050 11.
923 2989 1157 3051 Incarnationis
1181 2989 1344 3074 dominice
1369 3008 1456 3051 anno
1480 2999 1613 3051 Mthlll.
1659 2989 1740 3051 Pon·

71 3077 208 3141 tificatus
233 3095 313 3138 vero
338 3075 451 3137 domni
476 3074 670 3139 ANASTASH
694 3099 750 3159 pp.
773 3091 826 3140 1111
849 3097 935 3140 anno
959 3079 1077 3159 prim0.

230 3188 275 3238 Or.
303 3187 365 3252 (Atti
383 3190 479 3254 Pubbl.)
507 3190 541 3238 im
561 3190 676 3239 Archivio
694 3191 721 3239 di
741 3191 810 3240 Staio
827 3207 856 3240 zu
875 3191 952 3251 Pisa,
978 3192 1034 3240 und
1055 3189 1179 3256 Absclm'st
1201 3191 1269 3241 VIII
1281 3193 1327 3242 Nr.
1347 3193 1394 3252 43,
1418 3191 1444 3240 in
1469 3191 1513 3240 der
1529 3190 1592 3240 Bibl.
1611 3191 1742 3241 Nanbnale

70 3279 96 3311 εκ
118 3261 226 3311 Florem.

230 3333 300 3397 Perg.
318 3333 379 3394 ital,
397 3333 432 3382 br.
451 3333 539 3392 0,535‚
565 3335 626 3398 lang
643 3334 712 3391 qod,
737 3349 793 3382 war
809 3333 981 3398 urspric'uglich
998 3333 1083 3382 breiter
1099 3336 1154 3383 und
1168 3336 1259 3398 lc'r'rrger,
1284 3334 1384 3383 ll'iiuder
1399 3333 1457 3382 sind
1471 3350 1496 3382 so
1514 3334 1662 3392 hercinium,
1685 3335 1742 3383 dass

69 3405 112 3454 ulle
132 3405 340 3470 Presbyterkreuze
356 3405 482 3471 rvegfielen,
502 3404 546 3453 das
567 3403 765 3469 Umgeschlagme
782 3405 962 3471 abgeschnitten,
988 3404 1065 3454 durch
1083 3406 1141 3454 rauci
1156 3407 1249 3454 Lo'cIrer
1261 3405 1323 3472 girrg
1340 3405 1376 3454 dit
1394 3405 1499 3464 Scirem,
1523 3405 1609 3454 welche
1626 3407 1670 3454 mit
1688 3407 1740 3455 dem

71 3477 189 3541 Birisitgcl
202 3478 321 3536 verlorm,
340 3476 449 3539 Fallung
464 3478 507 3524 der
525 3477 622 3525 Bullen.
665 3475 822 3542 Verewigung
837 3477 883 3528 Nr.
904 3483 919 3525 4
940 3478 986 3525 Pl.
1022 3478 1100 3525 Amen
1119 3477 1166 3528 Nr.
1186 3475 1250 3526 2x².
1289 3477 1458 3542 Monogramm
1477 3493 1521 3525 eur
1542 3477 1639 3541 Gmppe
1656 3479 1702 3526 Nr.
1724 3483 1740 3526 4

67 3547 165 3613 gehdnp,
190 3549 225 3596 im
252 3555 327 3596 ersten
345 3547 444 3611 Schafte
466 3547 570 3596 vmiert.
601 3547 737 3611 Ringkreuz
753 3549 810 3596 und
836 3547 999 3613 Untersclmfl
1017 3547 1115 3613 gleirle,
1138 3549 1302 3614 dunkelgraue
1319 3549 1407 3607 Dinte,
1427 3548 1486 3596 doch
1504 3549 1591 3597 korrnte
1601 3550 1671 3614 jener
1693 3565 1740 3598 von

69 3619 343 3669 ticttmerdrein.
377 3618 733 3684 UmsclristgelbeDintejitr
749 3619 806 3669 sich.
837 3620 885 3668 Die
900 3619 1063 3682 Ihuerscln‘st
1076 3619 1136 3668 steht
1153 3620 1219 3668 nicht
1236 3621 1262 3668 in
1280 3621 1324 3669 dcr
1340 3619 1414 3668 H'o'lre
1432 3621 1472 3667 des
1489 3619 1738 3680 Innmkrmrbalkem‚

69 3693 165 3740 sordem
184 3692 212 3739 in
232 3691 277 3739 der
293 3691 333 3739 des
345 3691 510 3756 Rrirgkreuaes,
529 3691 581 3754 arcs
595 3691 638 3738 der
655 3690 731 3748 Lr'nie,
750 3691 788 3739 dit
806 3691 849 3739 der
865 3693 945 3740 letetcn
960 3691 1021 3740 Zeile
1031 3692 1111 3756 folgt;
1132 3691 1201 3740 Imar
1216 3692 1271 3739 und
1281 3691 1379 3754 Roduls
1392 3690 1450 3740 sind
1464 3706 1516 3738 nur
1532 3691 1581 3740 eine
1592 3691 1661 3740 Linic
1672 3692 1741 3755 liefer

69 3763 216 3828 angelracht.
256 3763 385 3826 Datinmg
405 3777 460 3809 vom
479 3762 737 3825 Konscriptsrluriber‚
765 3763 809 3810 das
826 3764 849 3811 R
869 3763 976 3812 Ir'olands
999 3763 1113 3810 dunklere
1137 3761 1219 3815 Dinte.
1255 3762 1303 3811 Die
1321 3762 1416 3827 Zrugcn
1441 3761 1533 3810 n'ilrrm
1557 3777 1611 3812 sum
1632 3769 1739 3828 grossteu

74 3833 145 3883 mle
162 3849 212 3883 von
226 3834 332 3900 gleicher
348 3833 428 3883 Haud
442 3834 498 3882 und
512 3834 588 3882 Dintc
605 3833 655 3892 her,
675 3833 711 3882 dic
728 3834 834 3883 schlectt
846 3834 963 3900 gemischt
978 3849 1040 3894 war,
1058 3833 1118 3882 hald
1132 3833 1212 3895 heller,
1230 3834 1290 3883 bald
1304 3833 1409 3882 dunkler
1424 3831 1544 3884 erscher'nt.

810 4158 878 4233 Nr.
907 4164 993 4236 139.

69 4307 260 4374 Anastasius
277 4309 300 4373 I
306 4307 338 4372 V
346 4309 464 4372 m'mmt
483 4308 545 4373 das
570 4305 701 4371 Kloster
713 4307 785 4371 San
802 4309 911 4372 Pietro
925 4309 966 4373 de
990 4308 1196 4393 Villamagm
1212 4307 1270 4391 (D.
1285 4310 1434 4393 Anagui)
1451 4311 1489 4376 in
1508 4311 1738 4395 apostolisclzen

339 4397 457 4462 Sckuts
479 4398 548 4462 und
569 4396 721 4479 bestdtigt
744 4397 813 4460 ihm
835 4399 923 4462 seine
945 4398 1184 4463 Besitrtlntmer
1204 4399 1274 4463 und
1293 4399 1412 4464 Rechte
1430 4403 1466 4475 ¹).

687 4531 769 4592 1154
786 4527 864 4593 Mai
877 4533 924 4593 10.
963 4529 1113 4594 Lateran.

221 4663 418 4726 Anastasius
449 4665 639 4746 episcopuS,
671 4685 781 4727 servus
810 4683 977 4726 servorum
1009 4664 1077 4740 dei,
1118 4664 1245 4728 dilectis
1274 4664 1347 4727 filiis
1376 4663 1517 4742 Amat0‚
1549 4670 1737 4732 monasterii

69 4752 165 4815 sancti
190 4751 279 4815 Petri
311 4753 353 4815 de
376 4752 463 4816 Villa
486 4773 606 4835 magna
637 4752 758 4829 abbati,
790 4754 923 4834 eiusque
956 4753 1116 4829 fratribus,
1148 4764 1216 4816 tam
1246 4754 1453 4835 presentibus
1484 4776 1583 4837 quam
1615 4758 1736 4835 suturis,

70 4842 244 4921 regularem
268 4842 369 4904 vitam
393 4843 556 4924 professis
580 4855 618 4904 IN
638 4853 715 4902 ΡΡΜ.
741 4877 782 4887 ——
803 4837 808 4926 Ι
829 4841 1011 4927 Commisse
1035 4841 1130 4906 nobis
1158 4843 1339 4927 apostolice
1362 4843 1448 4906 sedis
1479 4847 1653 4910 auctoritas
1676 4869 1737 4912 nos

68 4927 225 5007 hortatur,
257 4942 294 4993 ut
325 4931 405 4994 locis
428 4942 460 4994 et
483 4932 648 5013 personis,
681 4933 749 4994 eius
773 4932 929 4994 auxilium
953 4932 1129 4994 devotione
1157 4932 1269 4995 debita
1292 4933 1558 5014 implorantibus,
1590 4937 1737 5000 tuitionis

68 5020 242 5096 presidium
266 5020 455 5101 impendere
475 5017 480 5105 l
502 5021 689 5083 debeamus.
736 5019 829 5101 Quia,
862 5022 945 5084 sicut
968 5022 1087 5083 iniusta
1109 5021 1321 5102 poscentibus
1344 5020 1449 5084 nullus
1473 5033 1522 5086 est
1544 5025 1736 5089 tribuendus

69 5105 205 5184 effectus,
230 5108 276 5170 ita
292 5109 437 5190 legitima
453 5120 486 5171 et
502 5111 585 5172 iusta
601 5109 854 5172 desiderantium
872 5130 938 5172 non
962 5120 1012 5173 est
1034 5110 1214 5173 differenda
1236 5111 1361 5192 petitio¹
1407 5112 1600 5194 Eapropter,
1626 5115 1734 5178 dilecti

69 5194 97 5256 in
113 5197 249 5259 domino
265 5197 331 5272 filii,
349 5199 463 5260 vestris
480 5199 570 5262 iustis
586 5199 862 5280 postulationibus
877 5199 1055 5262 clementer
1069 5201 1249 5274 annuimus
1265 5210 1298 5262 et
1313 5200 1477 5282 prelatum
1493 5205 1734 5280 monasterium,

70 5285 152 5364 quod
175 5287 291 5367 utique
314 5286 402 5350 beati
425 5286 509 5350 Petri
534 5289 610 5349 iuris
638 5288 755 5363 existit,
786 5287 847 5352 sub
872 5288 1018 5351 eiusdem
1042 5289 1267 5370 apostolorum
1290 5289 1447 5371 principis
1471 5300 1504 5353 et
1527 5303 1638 5356 nostra
1660 5314 1734 5375 pro·

68 5375 205 5438 tectione
236 5376 430 5457 suscipimus
461 5387 494 5440 et
524 5378 684 5458 presentis
714 5377 824 5458 scripti
858 5377 1027 5459 privilegio
1060 5379 1308 5442 communimus.
1354 5378 1550 5458 Statuentes,
1582 5393 1617 5446 ut
1640 5403 1733 5465 quas-

69 5480 202 5545 cumque
235 5465 475 5546 possessiones‚
512 5485 719 5548 quecumque
750 5467 840 5530 bona
870 5467 958 5529 idem
990 5469 1225 5530 monasterium
1255 5468 1288 5530 in
1318 5469 1554 5549 presentiarum
1586 5472 1669 5538 iuste
1701 5482 1734 5536 et

196 5626 221 5630 -.
233 5625 297 5630 φ...
307 5625 482 5634 -..--..--..

221 5695 246 5760 a)
264 5694 323 5761 Aus
337 5696 420 5744 Rosm
437 5696 477 5744 des
501 5695 590 5746 Wortes
607 5695 722 5750 ecclesie.
742 5731 796 5741 -
814 5697 849 5762 ,1)
875 5697 951 5762 Vergl.
970 5696 1008 5746 die
1029 5695 1091 5746 Urk.
1108 5712 1163 5746 vom
1183 5701 1214 5747 14
1233 5695 1289 5748 Mai
1307 5699 1380 5750 1158.

1470 5777 1523 5844 19⁹
