4090 6358
1066 489 1133 568 Nr.
1165 495 1226 569 51.

315 619 453 685 Co'lestm
469 620 514 685 II
533 621 650 685 nimmt
666 621 728 684 das
745 619 875 686 Kloster
893 622 963 689 San
984 623 1151 691 Salvatore
1166 627 1223 691 del
1235 628 1451 692 Mrmtamiata
1471 626 1531 706 (D.
1553 625 1684 713 Chiusz')
1706 623 1742 691 in
1756 625 1983 711 apostolisclren

311 709 427 775 Schutz
456 710 526 774 und
558 709 713 796 bestatz'gt
739 712 827 776 seina
857 712 959 777 Grlter
992 716 1062 779 und
1083 716 1215 795 Rechte,
1244 719 1349 798 wosdr
1368 714 1518 802 jdhrlz'clr
1547 717 1632 780 zwei
1658 717 1840 800 Byzanzzkr
1866 738 1908 781 an
1933 717 1984 780 die

896 801 1001 867 Κανὰ
1025 826 1066 869 zu
1090 807 1265 872 entriclrten
1279 809 1359 872 sind
1375 811 1411 890 ¹).

895 938 980 1001 1144
997 939 1148 1006 Februar
1161 945 1217 1007 23.
1250 943 1401 1006 Lateran.

467 1066 648 1132 Celestinus
661 1069 844 1153 episcopus,
862 1094 973 1138 servus
985 1097 1151 1141 servorum
1165 1079 1227 1154 dei,
1244 1078 1371 1142 dilectis
1383 1078 1457 1140 filiis
1467 1076 1603 1139 Falconi
1615 1091 1652 1154 ἃ),
1665 1075 1779 1139 abbati
1793 1075 1984 1138 venerabilis

310 1159 497 1221 monasterii
520 1161 624 1223 sancti
649 1158 827 1224 Salvatoris
851 1162 893 1225 de
910 1165 1025 1229 Monte
1041 1163 1188 1245 Amiat0,
1213 1170 1347 1250 eiusque
1370 1166 1532 1242 fratribus,
1556 1176 1626 1229 tam
1648 1165 1865 1247 presentibus,
1891 1185 1982 1246 quam

310 1245 438 1323 suturis
478 1249 658 1330 regularem
690 1249 791 1313 vitam
824 1253 995 1333 professis,
1036 1257 1068 1318 in
1101 1277 1192 1340 ppm.
1246 1257 1329 1321 Cum
1363 1257 1521 1320 universis
1553 1255 1715 1319 catholice
1747 1255 1885 1340 ecclesie
1914 1253 1983 1316 filiis

309 1335 476 1400 debitores
500 1363 542 1404 ex
565 1341 711 1402 iniuncto
736 1340 833 1404 nobis
857 1363 877 1404 a
901 1342 964 1407 deo
988 1346 1194 1427 apostolatus
1222 1347 1335 1410 officio
1359 1349 1546 1421 existamus,
1580 1344 1642 1408 illis
1673 1355 1794 1421 tamen,
1830 1344 1886 1424 qui
1915 1343 1982 1405 sedi

308 1426 490 1507 apostolice
505 1431 678 1514 specialius
693 1427 839 1493 inherere
854 1445 1040 1511 noscuntur,
1057 1437 1265 1518 propensiori
1279 1458 1340 1500 nos
1353 1437 1515 1510 convenit,
1533 1435 1677 1498 caritatis
1688 1435 1798 1497 studio
1811 1433 1984 1495 imminere.

308 1518 502 1601 Eapropter,
527 1522 636 1584 dilecti
661 1522 692 1583 in
717 1518 853 1583 domino
878 1521 943 1600 filii,
971 1527 1086 1588 vestris
1110 1527 1201 1590 iustis
1224 1526 1501 1609 postulationibus
1532 1525 1711 1587 clementer
1741 1524 1921 1596 annuimus
1952 1533 1982 1584 et

308 1607 469 1689 prefatum
494 1613 736 1686 monasterium,
760 1611 792 1672 in
817 1630 883 1692 quo
908 1613 1020 1676 divino
1036 1617 1213 1698 mancipati
1237 1617 1315 1679 estis
1332 1615 1503 1696 obsequi0,
1528 1614 1589 1679 sub
1613 1614 1701 1677 beati
1719 1614 1804 1676 Petri
1826 1623 1859 1675 et
1875 1622 1982 1674 nostra

308 1699 515 1778 protectione
538 1701 732 1783 suscipimus
755 1709 789 1761 et
811 1703 972 1781 presentis
995 1706 1106 1786 scripti
1123 1706 1295 1788 privilegio
1312 1705 1561 1769 communimus.
1608 1702 1806 1778 Statuentes,
1831 1711 1867 1764 ut
1891 1721 1979 1781 quas-

308 1806 448 1870 cumque
479 1790 718 1871 posscssiones,
761 1809 966 1873 quecumque
1005 1794 1095 1857 bona
1126 1795 1214 1858 idem
1245 1796 1480 1858 monasterium
1511 1794 1543 1856 in
1574 1794 1810 1875 presentiarum
1837 1792 1919 1853 iuste
1952 1801 1982 1852 et

308 1877 466 1941 canonice
485 1877 513 1960 b)
536 1879 694 1960 possidet,
726 1888 782 1941 aut
805 1880 838 1942 in
862 1879 1004 1944 futurum
1028 1886 1242 1948 concessione
1265 1884 1469 1967 pontificum,
1494 1883 1666 1964 largitione
1690 1902 1803 1963 regum
1823 1881 1876 1944 vel
1899 1883 1980 1964 prin·

309 1967 426 2047 cipum,
461 1969 629 2032 oblatione
652 1967 797 2031 fidelium
827 1990 883 2032 seu
915 1971 985 2034 aliis
1017 1974 1108 2036 iustis
1138 1974 1246 2037 modis
1278 1974 1341 2036 deo
1374 1974 1520 2055 propitio
1550 1973 1673 2055 poterit
1703 1971 1857 2053 adipisci,
1892 1972 1981 2033 firma

307 2056 402 2119 vobis
425 2059 606 2140 vestrisque
628 2059 869 2121 successoribus
893 2071 926 2124 et
948 2062 1073 2126 illibata
1096 2075 1319 2146 permaneant.
1366 2064 1402 2125 ln
1428 2063 1547 2144 quibus
1577 2061 1639 2124 hec
1666 2061 1807 2143 propriis
1833 2061 1981 2124 duximus

307 2147 524 2227 exprimenda
545 2147 730 2211 vocabulis:
770 2148 957 2214 oblationes
977 2159 1017 2228 ⁰),
1049 2151 1193 2216 decimas
1224 2163 1257 2216 et
1285 2153 1446 2235 primitias
1478 2152 1519 2215 de
1550 2149 1740 2214 hominibus
1770 2152 1886 2213 vestris
1916 2151 1980 2212 sive

308 2235 350 2297 de
375 2237 625 2318 preceptalibus,
659 2237 938 2318 quemadmodum
969 2241 1058 2304 idem
1090 2244 1323 2306 monasterium
1354 2263 1409 2305 eas
1441 2252 1575 2305 actenus
1607 2241 1716 2323 quiete
1735 2238 1765 2322 d)
1798 2239 1980 2321 possedisse

309 2323 502 2404 dinoscitur,
539 2327 671 2408 plebem
710 2328 813 2390 sancti
849 2328 1036 2407 Benedicti,
1077 2332 1211 2414 plebem
1249 2341 1362 2396 sancte
1395 2332 1499 2394 Marie
1538 2332 1623 2394 intra
1659 2331 1814 2406 Fossata,
1851 2328 1980 2410 plebem

307 2424 420 2478 sancte
450 2416 554 2479 Marie
587 2416 628 2479 de
659 2416 798 2479 Lamula
817 2421 861 2498 e),
903 2422 1137 2483 monasterium
1176 2423 1218 2485 de
1248 2419 1402 2486 Cerasole
1421 2421 1461 2500 s),
1496 2421 1689 2484 aecclesiam
1721 2419 1826 2482 sancti
1855 2417 1979 2480 Nicolai

222 2587 223 2592 ἵ
308 2503 349 2567 de
378 2504 583 2568 Archidossii
602 2503 634 2586 a)
673 2505 766 2568 salvo
804 2506 836 2568 in
875 2508 992 2572 eadem
1031 2511 1169 2574 ecclesia
1199 2513 1267 2575 iure
1305 2511 1486 2594 episcopali
1504 2507 1550 2593 h),
1592 2519 1733 2573 castrum
1773 2509 1815 2571 de
1844 2508 1979 2570 Radico·

308 2593 383 2657 sane
401 2593 439 2672 i),
472 2597 666 2659 auctoritate
689 2597 874 2677 apostolica
896 2599 1119 2680 prohibentes,
1152 2611 1189 2663 ut
1211 2602 1289 2665 nulli
1313 2600 1427 2664 abbati
1452 2621 1512 2663 nec
1536 2600 1630 2663 alicui
1655 2599 1790 2661 omnino
1814 2597 1981 2660 hominum

308 2683 412 2760 liceat,
443 2685 531 2748 idem
562 2697 701 2748 castrum
726 2685 851 2768 absque
874 2688 1016 2752 Romani
1045 2689 1213 2772 pontificis
1240 2690 1372 2754 licentia
1402 2690 1535 2753 cuilibet
1565 2691 1650 2764 dare,
1681 2687 1833 2764 vendere,
1867 2687 1979 2759 locare,

308 2785 509 2838 commutare
539 2795 595 2839 seu
629 2775 811 2856 quamlibet
833 2778 954 2841 exinde
977 2781 1225 2843 concessionem
1253 2780 1368 2844 facere.
1415 2777 1542 2844 Crisma
1563 2799 1659 2855 vero,
1691 2777 1801 2840 oleum
1825 2784 1978 2848 sanctum,

307 2865 570 2928 consecrationes
592 2863 742 2927 altarium
764 2886 821 2928 seu
844 2866 1061 2946 basilicarum,
1094 2869 1319 2933 ordinationes
1352 2869 1589 2933 monachorum
1611 2867 1663 2931 vel
1688 2867 1888 2942 clericorum,
1921 2883 1980 2946 que

307 2952 349 3014 ad
379 2973 489 3017 sacros
520 2954 652 3017 ordines
689 2953 807 3018 suerint
837 2958 1073 3038 promovendi,
1114 2979 1134 3021 a
1167 2959 1344 3023 diocesano
1380 2959 1564 3041 suscipiatis
1603 2957 1780 3039 episeop0,
1821 2954 1980 3036 siquidem

306 3042 485 3106 catholicus
509 3043 612 3120 suerit,
637 3053 671 3106 et
692 3045 830 3125 gratiam
854 3053 953 3128 atque
976 3048 1242 3112 communionem
1266 3048 1353 3112 sedis
1377 3049 1559 3130 apostolice
1582 3047 1740 3122 habuerit,
1765 3056 1798 3108 et
1821 3065 1862 3107 ea
1883 3043 1979 3126 gratis

307 3142 341 3195 et
362 3132 487 3215 absque
514 3133 622 3215 aliqua
653 3135 814 3214 pravitate
843 3135 940 3198 vobis
962 3137 1103 3200 voluerit
1131 3138 1301 3214 exhibere;
1333 3137 1478 3220 alioquin
1511 3137 1608 3200 liceat
1637 3136 1743 3211 vobis,
1776 3134 1979 3206 catholicum,

307 3241 547 3304 quemcumque
570 3223 754 3300 malueritis,
786 3224 877 3287 adire
908 3227 1096 3303 antistitem,
1128 3228 1183 3309 qui
1211 3229 1371 3303 nimirum,
1402 3237 1515 3290 nostra
1539 3227 1636 3290 lultus
1661 3225 1862 3300 auctoritate,
1894 3220 1980 3304 quod

307 3313 498 3393 postulatur,
522 3313 698 3394 indulgeat.
745 3313 802 3377 Ad
833 3316 1002 3397 exemplar
1032 3337 1165 3398 quoque
1195 3318 1436 3398 predecessoris
1467 3317 1568 3380 nostri
1591 3315 1713 3378 Leonis
1746 3334 1832 3395 pape
1856 3307 1979 3394 v11112),

307 3402 478 3467 cuiuslibet
502 3402 639 3466 ecclesie
662 3401 868 3467 sacerdotem
892 3405 924 3466 in
952 3404 1081 3486 prelato
1106 3408 1306 3471 monasterio
1336 3404 1518 3488 quamlibet
1548 3405 1787 3469 iurisditionem
1810 3403 1862 3465 vel
1892 3413 1979 3484 pote·

306 3501 424 3557 statem
448 3494 516 3556 sive
539 3493 766 3556 auctoritatem
790 3501 899 3574 preter
921 3493 1008 3557 sedis
1039 3495 1221 3577 apostolice
1245 3496 1436 3578 pontificem
1461 3494 1583 3558 habere
1610 3492 1823 3577 prohibemus
1855 3492 1909 3566 ita,
1940 3497 1978 3563 ut,

306 3583 366 3647 nisi
390 3583 432 3647 ab
457 3583 579 3646 abbate
602 3582 748 3645 eiusdem
773 3585 960 3646 monasterii
990 3583 1086 3648 luerit
1116 3586 1277 3662 invitatus,
1310 3587 1479 3649 missarum
1513 3584 1636 3647 ibidem
1668 3582 1865 3664 sollempnia
1895 3580 1979 3643 nullo

306 3672 408 3735 modo
421 3672 585 3735 celebrare
597 3682 773 3753 presumat,
785 3671 844 3733 sed
857 3672 945 3736 idem
958 3675 1191 3737 monasterium
1207 3676 1268 3738 sub
1285 3676 1487 3759 proprietate
1504 3684 1536 3737 et
1553 3673 1700 3736 dominio
1718 3693 1756 3735 ac
1769 3670 1980 3753 dispositione

306 3772 417 3847 sancte
432 3763 584 3824 Romane
599 3760 735 3823 ecclesie
751 3760 888 3824 liberum
906 3763 1119 3845 quietumque
1136 3767 1302 3828 consistat.
1342 3763 1563 3828 Concedimus
1587 3764 1686 3826 etiam
1709 3761 1805 3824 vobis
1828 3760 1980 3841 placitum

306 3853 451 3914 omnium
483 3851 673 3912 clericorum
704 3857 882 3913 vestrarum
917 3851 1142 3929 ecclesiarum,
1174 3854 1350 3930 addentes,
1389 3861 1424 3915 ut
1456 3854 1591 3916 clericos
1621 3852 1689 3915 sive
1722 3850 1823 3914 laicos
1855 3849 1979 3920 liberos,

305 3941 493 4003 seculariter
513 3940 668 4015 viventes,
693 3939 736 4001 ad
760 3941 1009 4004 conversionem
1031 3943 1229 4024 suscipiendi
1247 3942 1435 4006 facultatem
1452 3943 1587 4005 liberam
1605 3941 1763 4028 habeatis
1809 3938 1867 4001 Ad
1890 3937 1979 4000 huius

265 4092 271 4102 ,
306 4030 415 4110 itaque
439 4029 649 4111 proprietatis
673 4035 706 4090 et
736 4027 894 4095 libertatis
925 4031 1076 4094 inditium
1107 4033 1191 4094 duos
1220 4033 1395 4114 byzantios
1424 4052 1540 4094 aureos
1571 4030 1667 4094 nobis
1700 4030 1885 4109 nostrisque
1916 4046 1978 4089 suc·

305 4119 488 4182 cessoribus
511 4117 695 4180 annualiter
717 4117 909 4198 persolvetis
928 4117 966 4194 ιί).
1006 4120 1161 4184 Obeunte
1176 4142 1255 4184 vero
1272 4132 1313 4203 te,
1338 4141 1424 4184 nunc
1442 4120 1471 4198 ¹)
1489 4120 1635 4188 eiusdem
1652 4119 1716 4181 loci
1737 4118 1916 4198 abbatem),
1932 4113 1979 4178 vel

305 4217 435 4270 tuorum
459 4207 608 4289 quolibet
630 4226 863 4284 successorum,
895 4209 1001 4273 nullus
1025 4209 1069 4273 ibi
1095 4211 1242 4292 qualibet
1266 4211 1487 4292 subreptionis
1517 4209 1636 4272 astutia
1658 4207 1709 4271 vel
1732 4207 1890 4270 violentia
1914 4223 1978 4287 pre·

305 4307 455 4379 ponatur,
486 4296 546 4359 sed
573 4295 670 4358 liceat
693 4294 798 4370 vobis,
823 4299 988 4362 communi
1013 4301 1150 4363 consilio
1179 4301 1232 4363 vel
1264 4301 1349 4383 parti
1383 4300 1507 4362 consilii
1541 4298 1685 4374 sanioris,
1719 4296 1899 4360 secundum
1932 4291 1978 4358 dei

305 4387 456 4449 timorem
487 4395 521 4448 et
549 4383 638 4449 beati
667 4384 837 4447 Benedicti
868 4388 1012 4470 regulam
1045 4389 1170 4470 absque
1201 4390 1295 4452 ullius
1327 4389 1587 4452 contradictione
1619 4387 1775 4450 abbatem
1807 4383 1979 4468 eligerer).

304 4475 520 4538 Decernimus
543 4494 631 4555 erg0,
656 4481 692 4535 ut
715 4472 792 4535 nulli
817 4477 953 4539 omnino
976 4477 1146 4541 hominum
1163 4478 1269 4555 liceat,
1293 4478 1381 4541 idem
1398 4478 1632 4540 monasterium
1653 4486 1776 4539 temere
1792 4474 1977 4557 perturbare

305 4571 360 4626 aut
393 4565 461 4627 eius
491 4563 717 4646 possessiones
750 4563 874 4628 auferre
905 4566 957 4628 vel
990 4568 1117 4631 ablatas
1150 4568 1300 4644 retinere,
1334 4569 1479 4631 minuere
1502 4588 1559 4629 seu
1593 4565 1794 4648 quibuslibet
1826 4561 1977 4627 molestiis

305 4653 449 4735 fatigare.
495 4651 678 4732 Nullusque
703 4651 778 4725 dux,
810 4655 964 4732 marchi0,
990 4677 1109 4734 comes,
1140 4659 1333 4734 vicecomes,
1365 4656 1524 4720 castaldio
1554 4655 1606 4718 vel
1638 4655 1703 4718 alia
1726 4653 1840 4735 quevis
1864 4670 1977 4734 magna

304 4763 360 4805 seu
392 4762 494 4824 parva
523 4761 665 4823 persona
698 4739 797 4802 ullum
829 4745 1011 4808 districtum
1042 4747 1074 4809 in
1104 4746 1267 4828 aliquibus
1298 4747 1379 4810 locis
1412 4747 1514 4828 ipsius
1550 4743 1738 4808 monasterii
1777 4743 1901 4806 habere
1932 4737 1977 4804 vel

304 4831 448 4894 iudicare
475 4851 532 4893 seu
564 4827 700 4911 aliquod
732 4830 888 4910 placitum
921 4843 1031 4898 tenere
1062 4836 1197 4914 audeat,
1222 4837 1283 4900 nisi
1315 4836 1357 4899 ab
1382 4836 1483 4917 ipsius
1507 4834 1637 4897 cenobii
1662 4834 1784 4897 abbate
1818 4832 1914 4894 suerit
1937 4831 1976 4893 in·

303 4920 431 4994 vitatus,
442 4919 501 4983 sed
514 4919 625 4981 omnia
641 4919 767 5000 integra
782 4933 1015 4987 conserventur
1026 4946 1138 4989 eorum
1158 4925 1194 5006 ⁰),
1211 4947 1272 5008 pro
1290 4945 1429 5006 quorum
1444 4924 1682 5006 gubernatione
1699 4928 1731 4985 et
1746 4921 1977 4984 sustentatione

304 5029 461 5071 concessa
483 5018 567 5084 sunt,
592 5008 704 5071 usibus
727 5011 927 5076 omnimodis
951 5014 1129 5095 profutura,
1153 5015 1243 5078 salva
1259 5017 1291 5077 in
1308 5015 1462 5078 omnibus
1478 5013 1660 5095 apostolice
1676 5013 1762 5075 sedis
1778 5011 1975 5073 auctoritate.

303 5097 339 5162 Si
363 5118 428 5178 qua
451 5097 549 5178 igitur
576 5097 609 5159 in
642 5096 782 5160 futurum
814 5101 1036 5167 ecclesiastica
1065 5105 1260 5167 secularisve
1291 5123 1448 5186 persona,
1479 5101 1565 5166 hanc
1596 5109 1707 5189 nostre
1739 5097 1975 5164 constitutionis

463 5297 488 5358 a)
507 5293 625 5343 Rainerio
645 5295 675 5343 B.
749 5295 776 5360 b)
796 5303 820 5345 et
839 5296 961 5346 canonice
972 5297 1041 5362 fehlt
1057 5298 1084 5348 in
1101 5301 1131 5348 A.
1217 5301 1241 5361 cl
1253 5299 1322 5364 fehlt
1339 5297 1365 5345 in
1383 5297 1413 5346 B.
1495 5296 1522 5358 d)
1534 5293 1604 5361 fehlt
1620 5295 1646 5344 in
1664 5296 1694 5344 A.
1780 5295 1804 5358 e)
1824 5291 1932 5342 Lamoln
1949 5289 1974 5338 B.

303 5366 326 5430 l)
346 5364 487 5414 Cherosolo
506 5366 535 5415 B.
621 5369 649 5429 g)
669 5366 833 5418 Archedossii
852 5368 881 5416 B.
967 5369 994 5434 h)
1013 5385 1061 5419 uon
1080 5372 1150 5420 salvo
1169 5387 1204 5419 an
1213 5369 1283 5436 fehlt
1299 5372 1326 5418 in
1343 5370 1373 5417 A.
1457 5368 1476 5434 i)
1496 5367 1655 5417 Radicofano
1674 5367 1705 5416 B.
1790 5365 1816 5424 k)
1836 5365 1862 5412 in
1881 5365 1907 5412 B
1914 5359 1976 5428 scili

302 5439 361 5487 alles
378 5451 426 5487 von
444 5437 573 5502 indulgeat
590 5437 624 5486 bis
642 5437 759 5500 obeunte,
778 5454 802 5488 es
812 5440 882 5504 fulg!
898 5446 972 5489 etwas
989 5441 1142 5492 abweiclrend
1156 5442 1223 5491 ericen
1241 5442 1297 5491 Saa
1314 5444 1401 5504 spdter,
1420 5441 1493 5506 vergl.
1513 5442 1586 5488 Anm.
1605 5447 1642 5500 n).
1751 5435 1771 5500 l)
1789 5443 1813 5486 te
1840 5451 1905 5486 nunc
1916 5432 1976 5500 still

301 5509 328 5558 in
345 5511 376 5557 Α.
466 5513 502 5570 m)
523 5524 570 5558 von
587 5508 628 5557 vel
646 5525 680 5558 an
696 5510 765 5576 selus
788 5510 814 5560 in
832 5513 863 5560 A.
969 5519 996 5574 n)
1015 5513 1067 5562 hier
1083 5513 1109 5562 in
1128 5514 1158 5563 B.
1178 5513 1211 5562 ad
1230 5513 1358 5578 exemplar
1377 5513 1558 5562 ...consistit
1604 5509 1646 5559 Ad
1663 5509 1735 5558 huius
1822 5506 1974 5572 persolvatis.

302 5580 432 5630 Addentes
450 5582 526 5630 etiam
545 5583 715 5644 concedimus,
734 5589 759 5631 ut
777 5582 884 5632 clericos
897 5619 904 5632 .
918 5619 946 5633 ..
965 5583 1072 5636 habetis.
1110 5585 1275 5635 Decemimus
1295 5623 1301 5635 .
1321 5621 1354 5635 ..
1391 5585 1446 5633 Der
1456 5583 1562 5648 Ansang
1578 5581 1748 5632 Concedimus
1765 5580 1799 5629 bis
1812 5579 1973 5628 ecclesiarum

294 5650 366 5718 fehlt
458 5656 485 5718 o)
505 5653 551 5702 sed
574 5653 659 5702 omnia
688 5669 775 5703 eornm
799 5654 826 5703 in
852 5655 882 5703 A.
908 5693 960 5700 -
985 5659 1021 5722 ,1)
1052 5657 1131 5722 Vergl.
1158 5657 1196 5706 die
1227 5658 1287 5708 Urk.
1314 5671 1369 5705 vom
1398 5657 1432 5706 23
1455 5656 1530 5720 April
1551 5657 1619 5704 1122
1646 5653 1703 5701 und
1727 5653 1761 5702 23
1783 5651 1882 5702 October
1908 5647 1973 5700 trul-

303 5727 329 5796 2)
358 5723 417 5774 Urk.
442 5739 497 5774 vom
518 5729 549 5774 19
575 5724 636 5790 Julr'
655 5727 727 5776 1050.
