4126 6366
1688 333 1750 426 383

52 525 243 594 hominum
276 527 389 608 liceat,
420 526 506 596 hanc
535 528 693 615 paginam
723 539 835 597 nostre
866 528 1123 598 confirmationis
1148 529 1323 615 infringere
1346 534 1398 596 vel
1422 533 1451 596 ei
1476 554 1555 597 ausu
1578 535 1753 599 temerario

55 621 244 684 contraire.
290 621 324 686 Si
350 623 423 704 quis
446 632 555 686 autem
579 623 644 686 hoc
666 632 864 705 attemptare
887 625 1130 706 presumpserit,
1155 623 1416 704 indignationem
1439 624 1676 706 omnipotentis
1700 625 1753 687 dei

56 719 97 772 et
122 709 303 774 beatorum
323 708 328 795 l
350 711 436 775 Petri
467 719 501 775 et
524 711 629 789 Pauli,
663 711 890 793 apostolorum
920 715 1004 787 eiuS,
1035 733 1071 776 sc
1095 712 1223 775 noverit
1246 713 1455 776 incursurum.
1479 747 1523 758 --
1546 714 1623 776 Dat.
1646 713 1755 776 Rome

57 799 162 880 apud
186 811 336 863 sanctum
358 801 499 877 Petrum,
520 797 525 886 Ι
545 815 609 864 XIII
632 801 685 864 Kl.
709 801 801 864 lunii.
846 802 1059 865 Pontificatus
1083 803 1184 864 nostri
1209 821 1296 864 anno
1319 802 1475 864 secundo

236 913 281 964 Or.
299 914 356 962 und
370 914 496 980 Absclrrist
512 915 553 964 des
571 916 612 968 13.
634 916 738 979 Jahrb,
757 915 791 964 im
808 915 923 966 Arcana
944 915 1078 979 Capitolare
1095 931 1125 964 ru
1148 915 1260 965 Tariona.

236 985 1127 1052 Perg.1'ral.,br‚oasa,lang0,183,mum0,oaoumgesctragm,
1153 987 1232 1036 durch
1250 987 1308 1037 arvei
1330 987 1422 1038 defier
1440 987 1499 1053 gete
1520 987 1559 1036 dr'e
1583 1003 1639 1037 rora
1657 987 1755 1038 Seiden·

57 1057 173 1116 sthur,
192 1057 266 1108 deren
283 1057 409 1124 Bler'sicgcl
422 1060 538 1120 verloren,
558 1059 668 1124 Faltrurg
684 1058 728 1108 der
745 1059 848 1111 Brevm.
868 1087 901 1098 —
921 1059 970 1108 Dic
987 1059 1063 1124 lopo
1083 1059 1136 1109 liert
1143 1058 1279 1124 sd'lsclrlr'ch
1296 1058 1356 1109 VIII
1374 1059 1418 1110 Kl.
1436 1059 1491 1110 Iun.

823 1239 890 1314 Nr.
915 1243 1005 1315 450.

67 1365 220 1432 calestia
230 1366 299 1431 III
310 1368 501 1452 beauftragt
512 1370 575 1435 den
598 1371 740 1452 Bisclzof
753 1392 814 1434 von
847 1369 982 1435 Vercelli
1002 1370 1072 1434 und
1094 1372 1156 1436 den
1172 1371 1273 1434 Prior
1292 1393 1353 1435 von
1371 1371 1531 1450 Mortara,
1553 1371 1608 1434 die
1634 1369 1755 1434 Unord·

61 1477 201 1541 nungen
224 1459 271 1523 im
287 1455 419 1523 Kloster
433 1457 535 1523 Santa
551 1459 666 1524 Mario
689 1461 723 1525 T
716 1460 826 1524 eodota
846 1459 887 1524 dr'
897 1460 1005 1524 Pavia
1028 1481 1068 1525 au
1090 1460 1300 1525 untersuclren
1321 1461 1390 1524 und
1402 1460 1516 1525 dassen
1531 1459 1701 1524 Aebtissin
1714 1480 1755 1524 au

652 1548 835 1635 bestdtrgen
849 1550 929 1614 oder
940 1549 1127 1616 abzusetzen
1145 1553 1181 1630 ¹).

614 1667 701 1728 1192
716 1665 808 1741 Juni
820 1668 849 1729 4.
880 1663 914 1730 S.
932 1665 1029 1728 Peter
1041 1685 1102 1728 von
1118 1664 1211 1730 Rom.

234 1779 417 1844 Celcstinus
433 1782 620 1863 episcopus,
635 1801 746 1846 servus
761 1801 930 1846 servorum
946 1782 1009 1859 dei,
1024 1783 1203 1846 venerabili
1221 1783 1318 1856 fratri,
1334 1781 1533 1846 Vercellensi
1550 1783 1711 1864 episcopo
1721 1779 1755 1868 ¹),

64 1879 105 1933 et
121 1869 247 1933 dilecto
263 1868 341 1943 filio,
364 1871 464 1952 priori
481 1871 688 1935 Mortariensi
702 1868 736 1956 ³),
760 1871 900 1936 salutem
920 1881 954 1935 et
969 1871 1188 1954 apostolicam
1203 1872 1480 1936 benedictionem.
1520 1871 1603 1936 Cum
1619 1871 1756 1934 nuncius

65 1959 244 2022 abbatisse
270 1969 383 2022 sancte
415 1961 519 2024 Marie
541 1960 728 2024 Theodotis
759 1982 864 2043 nuper
896 1961 938 2024 ad
968 1962 1083 2025 sedern
1113 1962 1332 2043 apostolicam
1365 1962 1555 2025 accessisset
1591 1971 1626 2024 et
1654 1960 1755 2042 ipsius

64 2047 242 2111 abbatisse
265 2048 555 2113 confirmacionem
578 2070 598 2112 a
620 2051 718 2114 nobis
741 2050 906 2114 humiliter
928 2051 1136 2132 postulasset,
1153 2052 1355 2128 ostendens,
1387 2051 1527 2114 eandem
1551 2051 1754 2114 abbatissam

65 2159 132 2219 per
155 2138 246 2202 bone
269 2139 427 2202 memorie
450 2136 623 2203 Urbanum
647 2151 679 2202 et
702 2140 849 2216 Lucium,
880 2139 1050 2203 Romanos
1073 2139 1258 2222 pontifices,
1288 2141 1354 2204 suis
1377 2141 1492 2204 litteris
1516 2139 1753 2215 confirmatam,

66 2229 152 2308 quia
175 2225 229 2290 M.
253 2229 389 2291 nuncius
412 2228 560 2292 eiusdem
583 2231 772 2292 monasterii
796 2230 988 2293 monialium
1012 2228 1106 2312 plura
1128 2230 1162 2292 in
1185 2231 1326 2293 eandem
1349 2230 1552 2294 abbatissam
1573 2230 1755 2312 proposuit,

67 2317 215 2381 dilectos
237 2316 322 2380 filios
338 2327 468 2381 nostros
507 2314 730 2404 .I(ohannem)‚
755 2318 801 2382 tit.
818 2320 922 2382 sancti
939 2318 1118 2383 Clementis
1140 2319 1359 2402 presbiterum
1374 2316 1410 2403 ⁴),
1434 2331 1467 2382 et
1513 2315 1753 2402 .G(regorium),

66 2417 189 2470 sancte
204 2407 308 2470 Marie
330 2407 364 2470 in
380 2407 509 2489 Aquiro
526 2407 700 2471 diaconum
716 2406 751 2494 ⁵),
774 2408 964 2484 cardinales,
989 2409 1141 2472 dedimus
1163 2408 1337 2473 auditores.
1384 2408 1504 2473 Coram
1528 2408 1655 2491 quibus,
1679 2427 1755 2470 curn

69 2497 202 2560 diucius
229 2495 396 2578 litigasset,
428 2497 564 2561 tandem
588 2497 630 2560 de
654 2498 788 2561 fratrum
811 2507 998 2562 nostrorum
1021 2499 1158 2561 consilio
1182 2498 1470 2562 confirmacionem
1494 2498 1578 2560 illius
1601 2497 1755 2561 duximus

68 2585 307 2662 differendam,
338 2586 487 2649 volentes
520 2587 696 2669 negocium
729 2608 789 2669 per
810 2608 871 2650 vos
898 2587 1077 2651 studiosius
1100 2587 1217 2651 discuti
1242 2598 1275 2651 et
1297 2588 1343 2651 rei
1366 2589 1539 2651 veritatem
1562 2586 1755 2669 diligencius

68 2675 232 2757 indagari.
276 2675 466 2758 Eapropter
488 2675 682 2740 discrecioni
705 2683 820 2752 vestre,
845 2678 887 2740 de
911 2697 1051 2759 quorum
1073 2677 1242 2758 probitate
1266 2677 1470 2754 confidimus,
1495 2696 1555 2758 per
1570 2675 1755 2758 apostolica

68 2765 198 2846 scripta
221 2765 424 2840 mandamus,
449 2776 609 2847 quatenus
632 2761 840 2851 [accedatisil
864 2765 906 2829 ad
930 2766 1055 2841 locum,
1087 2766 1245 2848 quicquid
1269 2767 1302 2829 in
1325 2767 1529 2831 abbatissam
1551 2765 1603 2829 vel
1626 2783 1755 2828 sorores

69 2854 223 2917 videritis
246 2854 485 2936 corrigendum,
519 2855 608 2918 omni
633 2854 795 2919 dilacione
819 2862 852 2918 et
875 2855 1103 2937 appellacione
1127 2866 1266 2932 remota,
1300 2855 1488 2937 regulariter
1519 2855 1689 2937 corrigatis
1721 2862 1755 2918 et

68 2942 216 3007 eandem
247 2943 465 3020 abbatissam,
497 2944 524 3006 si
553 2943 700 3007 videritis
730 2944 983 3022 removendam,
1014 2945 1226 3022 removeatis,
1265 2955 1299 3008 et
1328 2946 1355 3008 si
1389 2964 1462 3008 eam
1493 2943 1754 3007 confirmandam

69 3032 240 3108 noveritis,
249 3033 441 3096 auctoritate
451 3042 564 3096 nostra
574 3033 644 3096 sine
653 3032 884 3114 appellationis
894 3034 1067 3097 obstaculo
1080 3034 1288 3110 confirmetis,
1301 3035 1396 3098 nullis
1408 3033 1523 3097 litteris
1535 3033 1755 3107 obstantibus,

70 3123 100 3186 si
125 3142 192 3203 que
216 3123 443 3204 apparuerint,
474 3122 588 3185 harum
613 3123 786 3186 mencione
808 3143 875 3186 non
897 3122 1028 3200 habita,
1059 3123 1180 3188 asede
1204 3124 1389 3206 apostolica
1411 3124 1593 3206 impetrate.
1638 3122 1755 3186 Testes

71 3221 195 3288 autern,
220 3231 303 3292 quos
319 3211 436 3275 eedem
452 3211 612 3275 moniales
628 3212 661 3274 in
676 3233 734 3276 sue
750 3213 943 3276 assercionis
958 3213 1184 3277 testimouium
1200 3214 1431 3290 invocaverint,
1455 3212 1498 3276 ad
1514 3211 1755 3296 perhibendum

70 3302 300 3365 testimonium
322 3300 460 3376 veritati,
484 3300 646 3365 moneatis
670 3298 842 3386 actenusst)
866 3349 873 3364 .
899 3349 906 3364 .
931 3351 938 3365 .
963 3352 969 3364 .
995 3303 1121 3366 ducatis
1144 3312 1185 3378 et,
1210 3303 1236 3366 si
1260 3298 1345 3388 (per)
1367 3302 1507 3385 gratiam
1526 3302 1578 3365 vel
1601 3301 1755 3364 timorem

71 3411 109 3454 se
124 3390 356 3468 subtraxerint,
380 3411 447 3467 eos,
471 3391 696 3473 appellatione
711 3401 847 3466 remota,
872 3391 1093 3455 ecclesiastica
1109 3391 1312 3455 districtione
1329 3393 1464 3474 cogatis.
1488 3425 1532 3436 -
1555 3389 1631 3454 Dat.
1647 3389 1755 3452 Rome

72 3479 165 3562 apud
189 3489 340 3543 sanctum
362 3481 503 3558 Petrum,
527 3494 553 3544 11
576 3481 663 3544 Non.
688 3481 778 3545 lunii.
823 3480 1036 3545 Pontificatus
1060 3481 1162 3544 nostri
1186 3501 1274 3544 anno
1298 3481 1452 3545 secundo.

235 3595 390 3661 agarum
406 3595 530 3662 nscrnfl
546 3595 587 3645 as
605 3598 638 3645 rr
658 3596 761 3660 Jura,
780 3595 815 3645 an
832 3594 947 3645 Arcaea
964 3595 991 3644 a·
1008 3595 1075 3644 aaa
1092 3611 1123 3644 a
1142 3593 1266 3645 naam.

822 3773 890 3848 Nr.
916 3777 1006 3849 451.

79 3903 219 3969 Calestan
234 3901 303 3968 ΙΙΙ
314 3904 501 3988 beauftragt
514 3905 576 3970 den
591 3903 736 3986 Brachof
744 3904 813 3968 und
825 3904 890 3968 Abt
902 3926 962 3969 von
974 3903 1042 3968 San
1058 3905 1199 3969 Lorenzo
1213 3904 1253 3968 di
1270 3905 1435 3980 Cremona,
1451 3905 1530 3970 dass
1544 3903 1605 3968 der
1617 3902 1682 3966 Abt
1694 3923 1755 3967 von

85 3993 176 4058 Valle
190 3994 230 4058 di
251 3993 340 4058 Tollo
357 3993 415 4077 (D.
431 3994 608 4078 Piacenaa)
630 3994 685 4058 die
699 4015 739 4059 au
761 3993 942 4058 Castelletto
963 3992 1002 4057 di
1035 3993 1192 4058 Vemasca
1220 3994 1278 4074 (D.
1302 3994 1478 4081 Pincenaa)
1502 3991 1672 4057 annerlralb
1696 3993 1757 4056 der

73 4083 387 4168 Parroclrialgrenae
400 4105 461 4148 von
482 4081 593 4147 Castel
603 4082 1154 4257 Αεᾳκαίοέίὒκπὲιῖἰὲἶὲαὲὲδνέκίε
1171 4081 1293 4147 Kirche
1307 4083 1468 4150 letzterem
1483 4082 1665 4147 unterstelle
1679 4081 1757 4147 oder

715 4291 802 4352 1192
816 4288 896 4364 Juli
908 4291 939 4352 4.
970 4289 1122 4354 Lateran.

237 4404 420 4470 Celcstinus
443 4405 629 4488 episcopus,
660 4426 772 4469 servus
794 4426 962 4470 servorum
986 4406 1048 4481 dei,
1071 4406 1249 4470 venerabili
1273 4407 1361 4470 fratri
1386 4406 1547 4488 episcopo
1578 4414 1612 4469 et
1634 4405 1756 4469 dilecto

75 4493 146 4558 filio
170 4493 284 4558 abbati
307 4496 411 4558 sancti
434 4492 614 4580 Laulrentii
638 4493 877 4572 Cremonensis,
900 4494 1039 4558 salutern
1063 4503 1097 4558 et
1119 4496 1337 4578 apostolicam
1361 4494 1636 4559 benedictionem.
1682 4495 1755 4558 Per-

75 4583 167 4648 venit
189 4583 233 4646 ad
256 4603 317 4648 nos
340 4605 384 4647 ex
412 4585 650 4666 conquestione
680 4584 942 4667 archipresbiteri
974 4595 1007 4647 et
1038 4581 1243 4666 clelricorum
1274 4585 1381 4666 plebis
1405 4585 1446 4647 de
1478 4593 1585 4647 castro
1608 4583 1754 4665 Aquato,

76 4672 169 4754 quod
192 4673 297 4735 abbas
321 4674 363 4735 de
377 4673 475 4736 Tolla
496 4675 567 4737 sine
583 4673 712 4737 illorum
727 4674 859 4737 licentia
876 4683 909 4736 et
925 4693 1060 4736 assensu
1076 4674 1160 4736 infra
1175 4675 1332 4737 terminos
1347 4673 1394 4737 sui
1412 4673 1565 4755 plebatus
1584 4673 1756 4736 ecclesiam

76 4761 246 4826 Castalleti
270 4763 465 4826 auctoritate
488 4763 623 4844 propria
646 4783 751 4845 nuper
774 4763 886 4826 erexit.
932 4763 1013 4826 Inde
1037 4770 1095 4839 est,
1120 4765 1211 4844 quod
1235 4763 1422 4827 discretioni
1446 4773 1554 4826 vestre
1577 4782 1637 4845 per
1661 4759 1755 4845 [apo-

76 4848 208 4936 sto]lica
234 4852 358 4934 scripta
388 4851 592 4928 mandamus,
625 4853 778 4934 quatinus
801 4853 958 4916 abbatem
981 4852 1175 4933 predictum,
1208 4863 1243 4916 ut
1266 4854 1407 4916 eandem
1430 4851 1567 4916 ecclesie
1590 4899 1757 4914 ......

76 4959 245 5022 nunquam
267 4941 437 5022 propriam
460 4940 647 5023 cappellam
670 4941 732 5005 illis
756 4936 955 5026 concedat(?)
976 4940 1029 5003 vel
1057 4951 1179 5005 statuat
1218 4942 1404 5006 censualem
1440 4941 1492 5004 vel
1525 4961 1636 5004 coram
1659 4941 1756 5004 vobis

76 5050 174 5112 super
196 5049 237 5092 ea
259 5031 414 5093 iustitiam
439 5031 518 5112 ipsis
541 5030 675 5113 plenam
704 5031 875 5107 exhibeat,
906 5030 1100 5093 auctoritate
1131 5040 1244 5094 nostra
1274 5031 1356 5107 freti,
1389 5031 1459 5094 sine
1490 5031 1721 5112 appellationis
1748 5027 1752 5114 Ι

77 5119 212 5202 diffugio
236 5139 297 5201 per
319 5139 489 5182 censuram
513 5120 766 5184 ecclesiasticam
790 5119 1004 5202 compellatis.
1028 5153 1072 5164 -
1094 5120 1171 5184 Dat.
1187 5120 1351 5196 Laterani,
1374 5135 1427 5184 1111
1450 5120 1528 5183 Non
1547 5120 1626 5184 Iulii.
1647 5116 1653 5205 Ι
1672 5119 1756 5182 Pon·

77 5209 217 5273 tifioetus
240 5209 344 5273 nostri
368 5228 455 5271 anno
479 5209 636 5273 secund0.

238 5323 281 5374 Or.
299 5323 334 5373 im
350 5321 465 5374 Arcaea>
481 5321 545 5373 della
566 5323 650 5374 Chiam
663 5323 815 5388 parrochiae
832 5323 860 5373 di
879 5321 960 5372 Corte!
973 5324 1082 5388 Aequato
1100 5323 1202 5387 (unwn't
1219 5323 1356 5386 Mensa).

236 5395 306 5462 Pcrg.
325 5393 386 5456 ital,
404 5394 439 5444 br.
460 5396 522 5456 0,16
539 5398 599 5462 lang
615 5397 701 5459 o‚102,
720 5404 796 5447 usum
815 5395 1213 5460 0,016-0,018.umgesctlagm,
1232 5396 1310 5445 durch
1322 5399 1339 5447 8
1352 5395 1446 5445 Lficlm
1457 5396 1516 5461 gelat
1532 5395 1570 5444 dr'e
1580 5393 1756 5459 Hanfschmrr,

77 5481 159 5518 marr
177 5466 223 5516 das
240 5465 367 5533 Bler‘sr'egel
380 5467 464 5533 iacgr,
482 5465 591 5534 Faltmtg
607 5467 652 5516 der
667 5469 770 5518 Breven.
808 5465 896 5517 Durch
914 5465 1077 5531 Feuclrtr'gkcr't
1093 5467 1218 5517 Μινώα
1235 5468 1262 5517 in
1279 5468 1326 5518 dm
1344 5467 1515 5532 Schristrr‘tgm
1532 5471 1636 5516 msto'rt.

237 5612 262 5676 1)
286 5608 363 5675 Vergl.
383 5609 420 5658 die
441 5608 559 5660 Urkrmde
585 5623 640 5658 vom
668 5609 684 5656 9
714 5607 812 5658 October
840 5609 1021 5658 irat-1169.
1123 5609 1150 5671 2)
1169 5608 1252 5657 Albcrt
1277 5609 1414 5674 Avogadro,
1442 5606 1548 5671 Br'sclros
1569 5621 1619 5656 von
1649 5603 1755 5665 Vercelli,

80 5681 261 5733 irat-1205.
333 5683 361 5748 3)
387 5679 465 5747 Vergl.
483 5680 522 5730 die
542 5679 660 5730 Urkrmdc
676 5695 731 5729 vom
750 5682 765 5728 9
786 5681 848 5745 Juli
866 5683 941 5737 1183.
1013 5683 1041 5744 4)
1064 5679 1198 5744 Joranms,
1217 5680 1285 5731 card.
1303 5681 1339 5734 tir.
1359 5681 1384 5732 S.
1408 5679 1535 5730 Clementis
1552 5685 1575 5728 ct
1596 5677 1758 5728 Tuscamnsis

78 5751 199 5818 epicopus,
217 5751 354 5804 ser't1189.
427 5755 454 5818 5)
477 5752 577 5819 Gregor,
596 5751 658 5804 drizc.
677 5751 744 5800 card.
763 5750 791 5804 S.
810 5752 891 5803 Mar-ie
908 5754 935 5805 in
951 5751 1052 5816 Aquiro,
1069 5751 1113 5800 seit
1130 5753 1203 5802 1188.

127 5861 149 5891 v.
162 5847 458 5898 Pilnuk-Harttnnss,
475 5847 533 5890 Aer·
546 5849 588 5890 111.
1510 5834 1546 5885 49
