4126 6356
312 313 374 360 110

307 501 345 550 IN
361 499 438 550 ΡΡΜ.
462 519 504 530 -
524 479 529 570 Ι
549 484 766 562 Desiderium,
799 484 891 566 quod
914 485 957 548 ad
980 485 1145 567 religionis
1168 485 1376 568 propositum
1399 494 1432 548 et
1456 485 1637 547 animarum
1659 483 1798 547 salutem
1821 485 1993 566 pertinere

308 585 519 652 monstratur,
551 575 614 637 deo
645 585 778 637 auctore
807 575 879 637 sine
909 575 1019 656 aliqua
1049 585 1099 638 est
1130 575 1288 641 dilatione
1318 573 1562 656 complendum.
1590 571 1594 658 l
1642 575 1840 656 Eapropter,
1875 574 1992 638 dilecti

307 667 340 728 in
364 665 500 728 domino
523 663 589 740 filii,
612 665 727 726 vestris
750 665 841 728 iustis
864 664 1143 746 postulationibus
1167 664 1343 727 clementer
1358 665 1539 740 annuimus,
1564 675 1597 728 et
1612 663 1857 746 predecessoris
1873 663 1991 738 nostri,

307 755 409 819 felicis
433 755 589 840 memorie
612 753 752 818 URBANI
775 774 863 835 pape
886 767 912 818 11
934 755 1080 835 vestigiis
1103 753 1288 817 inherentes
1306 755 1339 832 ¹),
1370 753 1569 836 hospitalem
1593 755 1729 816 domum
1753 752 1795 816 de
1817 755 1993 820 Umbron-

307 844 390 908 cello
407 843 446 919 ²),
479 862 579 925 quam
609 843 798 907 decessores
828 843 926 906 vestri
956 845 1071 906 studiis
1100 854 1133 906 et
1165 845 1321 926 impensis
1352 845 1418 906 suis
1450 845 1670 907 construxisse
1700 853 1892 920 noscuntur,
1930 843 1991 907 sub

307 933 394 997 beati
418 933 504 996 Petri
534 942 568 995 et
598 943 711 994 nostra
741 933 948 1015 protectione
978 933 1172 1015 suscipimus
1204 943 1237 996 et
1259 933 1420 1015 presentis
1451 934 1563 1015 scripti
1590 933 1712 1015 pagina
1735 935 1992 996 communimus.

306 1023 502 1098 Statuentes,
526 1032 561 1085 ut
577 1042 800 1104 quascumque
815 1023 1050 1104 possessiones,
1072 1043 1278 1104 quecumque
1292 1023 1384 1085 bona
1399 1024 1549 1105 predicta
1565 1023 1682 1085 domus
1698 1023 1730 1084 in
1747 1025 1993 1105 presentiarum

307 1114 389 1175 iuste
413 1121 446 1175 et
469 1112 627 1175 canonice
650 1112 807 1194 possidet,
832 1121 888 1175 aut
911 1113 944 1173 in
967 1111 1109 1175 futurum
1134 1114 1344 1176 concessione
1367 1111 1571 1194 pontificum,
1599 1112 1772 1194 largitione
1796 1133 1917 1194 regum
1941 1113 1993 1174 vel

306 1203 500 1284 principum,
525 1201 695 1264 oblatione
717 1201 864 1263 fidelium
886 1221 942 1264 seu
967 1201 1037 1264 aliis
1061 1202 1151 1264 iustis
1175 1203 1282 1264 modis
1306 1202 1370 1265 deo
1393 1203 1540 1284 propitio
1563 1203 1686 1284 poterit
1709 1203 1861 1284 adipisci,
1894 1203 1994 1264 firma

307 1291 335 1353 ei
368 1299 401 1354 et
430 1291 558 1354 illibata
587 1300 811 1373 permaneant.
865 1290 902 1353 In
934 1290 1052 1372 quibus
1082 1289 1145 1354 hec
1174 1292 1315 1374 propriis
1349 1291 1502 1355 duximus
1532 1290 1749 1373 exprimenda
1778 1291 1993 1356 nominibus:

307 1381 523 1456 decimarum,
555 1400 619 1462 que
648 1380 745 1443 vobis
768 1400 788 1442 a
810 1379 937 1462 populo
969 1381 1095 1456 dantur,
1128 1401 1205 1463 pars
1237 1381 1365 1444 decima
1397 1391 1430 1444 et
1461 1381 1611 1445 laborum
1638 1389 1820 1445 vestrorum
1849 1381 1993 1467 decime,

307 1469 588 1552 quemadmodum
618 1469 661 1533 ab
692 1469 817 1532 eisdem
846 1470 1135 1551 predecessoribus
1163 1471 1280 1534 vestris
1311 1472 1506 1534 unanimiter
1535 1478 1692 1533 statutum
1724 1481 1782 1534 est.
1834 1472 1995 1534 Preterea

306 1561 453 1624 eiusdem
476 1560 598 1623 tenoris
622 1560 827 1641 privilegium
850 1560 965 1622 ceteris
989 1580 1122 1641 quoque
1152 1582 1212 1643 per
1240 1571 1384 1624 vestrum
1407 1562 1636 1643 episcopatum
1668 1561 1737 1623 sitis
1765 1561 1995 1642 hospitalibus

306 1649 519 1731 indulgemus,
550 1649 579 1712 ei
611 1649 772 1724 videlicet,
804 1648 895 1729 quod
925 1649 1017 1711 iuxta
1042 1649 1154 1712 villam
1177 1647 1373 1731 Quarratam
1396 1650 1585 1714 edificatum
1614 1659 1672 1726 est,
1701 1651 1740 1726 ei,
1772 1649 1864 1732 quod
1897 1651 1995 1712 iuxta

306 1738 497 1821 Caprariam
519 1739 689 1821 oppidum,
714 1739 753 1812 ei,
777 1737 868 1819 quod
886 1738 919 1800 in
934 1749 1040 1820 prat0,
1065 1739 1154 1821 quod
1179 1741 1297 1802 dicitur
1318 1739 1485 1823 Episcopi,
1510 1748 1543 1804 et
1566 1739 1657 1821 quod
1672 1739 1763 1802 iuxta
1786 1740 1908 1816 locum,
1937 1739 1995 1820 qui

307 1829 424 1892 dicitur
447 1825 535 1891 Crux
556 1826 784 1903 Brandeliana,
808 1828 838 1890 ei
863 1847 1004 1909 quoque,
1030 1828 1121 1909 quod
1144 1830 1177 1891 in
1200 1829 1348 1892 Brisceto
1372 1829 1642 1911 predecessorum
1664 1837 1847 1891 vestrorum
1869 1829 1994 1892 studiis

305 1919 528 2000 impensisque
551 1917 738 1980 edificatum
761 1925 820 1980 est.
867 1915 967 1996 Quod
992 1917 1142 1981 nimirum
1166 1919 1317 2001 predicto
1340 1930 1449 1982 vestro
1470 1920 1497 1997 ²)
1521 1918 1733 1982 xenodochio
1757 1918 1800 1981 de
1818 1919 1994 1984 Umbron-

305 2008 398 2083 ce110,
423 2006 704 2089 quemadmodum
728 2028 748 2069 a
763 2015 946 2069 memorato
963 2008 1196 2088 predecessore
1212 2019 1324 2071 nostro
1341 2019 1498 2072 statutum
1514 2018 1572 2084 est,
1596 2008 1764 2090 perpetuis
1779 2009 1995 2090 temporibus

305 2097 489 2161 subiectum
520 2117 591 2160 esse
621 2096 834 2159 decernimus.
881 2095 968 2175 Quia
996 2118 1074 2160 vero
1108 2107 1202 2161 extra
1232 2099 1329 2162 urbes
1360 2098 1402 2161 he
1434 2097 1615 2181 hospitales
1645 2098 1764 2160 domus
1793 2099 1993 2173 consisttmt,

305 2186 399 2249 huius
422 2187 582 2268 privilegii
607 2187 740 2250 decreto
764 2186 944 2260 statuimus,
969 2195 1006 2248 ut
1028 2189 1113 2250 intra
1128 2207 1229 2250 unum
1245 2188 1388 2251 stadium
1405 2208 1503 2251 nemo
1520 2189 1612 2250 iuxta
1627 2207 1683 2250 eas
1698 2187 1843 2268 aliquem
1858 2207 1994 2268 capere,

305 2276 434 2358 predari
459 2286 515 2339 aut
537 2276 700 2340 hostiliter
723 2275 905 2339 disturbare
927 2287 1104 2356 presumat.
1151 2275 1298 2359 Quarum
1317 2275 1347 2357 b)
1378 2278 1526 2340 omnium
1558 2277 1782 2340 ordinationes
1812 2297 1853 2339 ac
1877 2277 1994 2358 dispo-

304 2367 439 2429 sitiones
461 2365 557 2428 vobis
578 2366 760 2447 vestrisque
783 2364 1026 2429 successoribus
1054 2367 1208 2430 duximus
1239 2367 1503 2443 committendas,
1533 2375 1569 2430 ut
1592 2386 1714 2442 eorum,
1747 2367 1802 2448 qni
1834 2367 1867 2429 in
1892 2367 1995 2429 vobis

305 2455 522 2537 religiosiores
538 2455 665 2530 suerint,
681 2455 851 2518 voluntate
863 2457 1039 2532 communi,
1056 2457 1299 2519 communicato
1317 2457 1417 2520 etiam
1430 2457 1565 2520 fratrum
1576 2453 1895 2519 Vallisumbrosiane
1913 2476 1994 2518 con·

304 2545 386 2620 sili0,
410 2564 570 2608 consensu
595 2565 728 2627 quoque
743 2545 841 2607 vestri
858 2545 1015 2626 episcopi,
1040 2546 1066 2608 si
1091 2546 1272 2610 catholicus
1292 2546 1388 2610 luerit
1404 2557 1437 2610 et
1453 2547 1631 2628 religiosus,
1657 2545 1818 2622 adhibito,
1842 2555 1995 2609 rectores

304 2634 429 2698 eisdem
453 2634 607 2698 domibus
622 2645 856 2717 preponantur,
882 2633 936 2715 qui
953 2635 1132 2698 secundum
1150 2635 1249 2698 deum
1264 2657 1376 2699 earum
1392 2657 1504 2699 curam
1519 2635 1642 2699 habere
1658 2644 1691 2698 et
1706 2635 1921 2717 pauperibus,
1948 2656 1990 2698 eo

305 2724 584 2801 convenientibus,
608 2724 747 2787 sollicite
764 2723 946 2787 ministrare
962 2735 1148 2804 procurent.
1180 2726 1395 2790 Decemimus
1412 2746 1499 2808 ergn,
1525 2746 1566 2788 ne
1586 2724 1642 2788 ulli
1659 2725 1795 2788 omnino
1811 2724 1990 2788 hominum

305 2813 409 2890 liceat,
426 2815 560 2877 easdem
581 2813 608 2892 c)
622 2813 742 2876 domos
759 2811 790 2894 d)
800 2823 923 2876 temere
933 2814 1124 2894 perturbare
1136 2825 1192 2877 aut
1204 2816 1237 2876 in
1250 2816 1375 2878 eisdem
1394 2816 1426 2892 e)
1442 2814 1582 2895 aliquem
1598 2833 1718 2898 capere
1730 2821 1787 2877 aut
1797 2815 1844 2877 eis
1863 2813 1895 2894 f)
1909 2815 1990 2877 sub

305 2903 389 2966 ditas
405 2904 632 2986 possessiones
647 2903 782 2980 anferre,
807 2902 952 2964 minuere
967 2903 1020 2965 vel
1035 2904 1214 2967 temerariis
1229 2907 1462 2969 vexationibus
1478 2905 1623 2986 fatigare,
1647 2916 1698 2968 set
1721 2905 1834 2966 omnia
1857 2905 1991 2986 integra

303 3004 536 3057 conserventur
565 3013 688 3070 eorum,
720 3013 782 3074 pro
813 3011 952 3073 quorum
982 2993 1220 3056 sustentatione
1248 3014 1406 3058 concessa
1428 3006 1511 3070 sunt,
1536 2995 1649 3057 usibus
1672 3013 1854 3075 eorumque
1877 2995 1988 3069 saluti,

304 3083 359 3163 qui
382 3082 568 3159 obtulerint,
592 3083 770 3166 profutura.
816 3081 903 3144 Sane
926 3082 953 3144 si
970 3083 1043 3164 quis
1059 3083 1092 3144 in
1109 3083 1286 3146 crastinum
1301 3085 1577 3167 archiepiscopus,
1601 3084 1785 3166 episcopus,
1804 3083 1990 3165 imperator

304 3181 360 3235 aut
382 3193 449 3248 rex,
473 3173 627 3255 princeps
650 3182 707 3236 aut
730 3173 807 3246 dux,
830 3190 942 3234 comes
965 3182 1022 3235 aut
1043 3173 1229 3236 vicecomes
1253 3185 1308 3237 aut
1332 3175 1431 3238 iudex
1455 3184 1511 3237 aut
1526 3193 1669 3256 persona
1693 3173 1839 3255 quelibet
1863 3193 1990 3255 magna

302 3261 355 3324 vel
384 3282 494 3343 parva,
527 3273 647 3345 potens
678 3272 734 3325 aut
764 3263 938 3343 impotens,
972 3261 1067 3325 huius
1090 3265 1192 3326 nostri
1212 3259 1243 3346 g)
1266 3264 1427 3346 privilegii
1451 3265 1608 3346 paginam
1631 3264 1745 3338 sciens,
1770 3272 1887 3326 contra
1912 3283 1988 3326 eam

304 3360 426 3414 temere
448 3352 559 3415 venire
586 3353 804 3434 temptaverit,
836 3350 981 3414 secundo
1004 3352 1142 3415 tertiove
1165 3354 1395 3430 commonitus,
1427 3355 1453 3416 si
1485 3374 1553 3416 non
1582 3353 1807 3416 satisfactione
1838 3373 1990 3435 congrua

303 3441 544 3518 emendaverit,
575 3463 595 3505 a
625 3440 743 3505 Christi
773 3451 806 3504 et
832 3439 968 3527 ecclesie
992 3461 1131 3523 corpore
1154 3461 1228 3505 eam
1251 3444 1445 3506 auctoritate
1468 3443 1642 3526 potestatis
1673 3443 1856 3529 apostolice
1878 3463 1989 3525 segre

303 3550 428 3613 gamus
474 3531 517 3594 Hi
542 3541 660 3608 autem,
690 3531 745 3612 qui
769 3530 815 3593 ob
840 3530 892 3592 dei
916 3531 1127 3612 proximique
1150 3531 1361 3596 dilectionem
1385 3543 1418 3596 et
1446 3533 1534 3596 sedis
1556 3533 1739 3620 apostolice
1767 3533 1989 3596 reverentiam

302 3622 468 3702 predictas
499 3620 617 3684 domos
647 3622 713 3684 suis
744 3620 841 3683 bonis
872 3618 976 3683 ditare
1007 3630 1040 3683 et
1071 3621 1216 3685 exaltare
1247 3625 1438 3699 curaverint,
1471 3623 1523 3686 dei
1556 3621 1849 3706 apostolorumque
1880 3624 1953 3687 eius
1980 3619 1985 3702 Ι

303 3709 534 3775 benedictione
557 3720 591 3774 et
612 3721 825 3793 peccatorum
848 3708 1057 3773 absolutione
1081 3711 1252 3788 donentur,
1276 3733 1342 3794 qua
1358 3713 1459 3776 adiuti
1479 3713 1523 3776 ad
1538 3713 1640 3776 vitam
1655 3713 1851 3795 perveniant
1865 3715 1988 3797 sempi-

302 3809 439 3865 ternum.
485 3800 606 3864 Amen.
630 3835 675 3846 -·
697 3799 787 3864 A·m.
811 3835 855 3846 -
878 3800 997 3863 Amen.
1020 3834 1063 3846 -

516 3887 574 3972 (R)
597 3890 671 3973 Ego
695 3890 862 3972 Eugenius
885 3888 1047 3978 catholice
1071 3890 1206 3978 ecclesie
1230 3891 1407 3975 episcopus
1429 3913 1470 3956 ss.
1495 3887 1561 3978 (M)

515 3976 537 4063 †
559 3976 634 4062 Ego
656 3980 781 4043 Imarus
802 3979 1006 4042 Tusculanus
1030 3981 1206 4064 episcopus
1229 4001 1270 4044 ss.

515 4070 536 4148 †
559 4069 633 4152 Ego
656 4069 814 4133 Nicolaus
837 4067 989 4132 Albanus
1012 4071 1190 4153 episcopus
1213 4091 1254 4134 ss.
1277 4067 1327 4156 (6)

516 4193 552 4204 -
581 4155 602 4240 †
625 4161 698 4241 Ego
723 4159 793 4224 GG.
816 4158 1019 4240 (Gregorius)
1041 4160 1205 4240 presbiter
1226 4160 1399 4225 cardinalis
1421 4161 1470 4224 tit.
1494 4159 1613 4224 Calixti
1637 4179 1678 4222 sa.

514 4248 535 4332 †
557 4248 631 4331 Ego
654 4248 830 4312 Hubaldus
853 4249 1015 4330 presbiter
1037 4251 1211 4313 cardinalis
1234 4251 1282 4314 tit.
1307 4245 1442 4336 [sancte]
1466 4249 1623 4314 Praxedis
1645 4270 1686 4312 ss.

513 4338 535 4416 †
557 4337 631 4420 Ego
656 4337 845 4401 Mansredus
868 4337 1031 4420 presbiter
1052 4339 1225 4403 cardinalis
1248 4341 1296 4402 tit.
1319 4350 1432 4404 sancte
1455 4336 1575 4403 Savine
1598 4359 1639 4401 ss.

514 4423 535 4508 †
558 4428 632 4509 Ego
656 4426 837 4492 ARibertus
860 4427 1022 4510 presbiter
1045 4429 1219 4493 cardinalis
1242 4430 1290 4492 tit.
1314 4439 1427 4493 sancte
1449 4428 1625 4492 Anastasie
1648 4447 1689 4490 ss.

513 4518 535 4596 †
557 4517 630 4599 Ego
655 4516 752 4580 Iulius
775 4516 938 4598 presbiter
961 4517 1134 4582 cardinalis
1157 4520 1205 4582 tit.
1229 4520 1333 4582 sancti
1358 4519 1504 4583 Marcelli
1528 4540 1568 4582 ss.

514 4602 535 4688 †
557 4607 631 4688 Ego
654 4607 827 4671 Hubaldus
849 4607 1011 4689 presbiter
1033 4608 1206 4672 cardinalis
1228 4610 1277 4672 tit.
1300 4620 1413 4672 sancte
1436 4608 1548 4672 Crucis
1572 4609 1605 4670 in
1627 4605 1802 4670 Ierusalem
1824 4627 1866 4669 ss.

513 4691 534 4776 †
556 4696 631 4778 Ego
655 4695 764 4760 Guido
788 4697 951 4779 presbiter
972 4698 1146 4761 cardinalis
1168 4700 1217 4761 tit.
1241 4700 1384 4762 Pastoris
1406 4720 1447 4762 ss.

514 4778 534 4864 †
557 4783 631 4867 Ego
655 4785 819 4850 Gerardus
847 4786 1010 4869 presbiter
1039 4788 1213 4852 cardinalis
1235 4789 1285 4852 tit.
1316 4789 1419 4852 sancti
1443 4787 1604 4870 Stephani
1628 4787 1662 4850 in
1686 4786 1778 4851 Celio
1802 4795 1919 4849 monte
1942 4807 1983 4848 ss.

513 4870 586 4955 -†
610 4874 682 4957 Ego
707 4877 808 4940 Oddo
832 4877 990 4940 diaconus
1013 4877 1186 4941 cardinalis
1209 4879 1314 4943 sancti
1337 4878 1471 4960 Georgii
1495 4879 1538 4940 ad
1560 4876 1681 4942 Velum
1703 4897 1838 4940 aureum
1861 4896 1903 4939 ss.
1929 4879 1943 4952 (
1950 4878 1982 4954 1)

512 4963 533 5044 †
556 4963 630 5046 Ego
652 4964 815 5030 Iohannes
839 4966 995 5030 diaconus
1018 4967 1191 5031 cardinalis
1213 4979 1326 5032 sancte
1350 4969 1454 5032 Marie
1476 4988 1563 5031 nove
1585 4989 1627 5031 ss.

512 5052 533 5136 †
555 5053 629 5135 Ego
653 5053 762 5118 Guido
787 5057 945 5120 diaconus
968 5057 1141 5121 cardinalis
1163 5068 1277 5122 sancte
1300 5058 1404 5122 Marie
1428 5059 1460 5121 in
1483 5057 1614 5121 Porticu
1638 5077 1678 5120 ss.
1701 5053 1749 5143 (1)

512 5143 533 5221 †
556 5144 629 5226 Ego
653 5144 816 5210 lohannes
840 5146 998 5210 diaconus
1021 5147 1194 5210 cardinalis
1216 5159 1406 5212 sanctorum
1428 5148 1533 5230 Sergii
1557 5158 1591 5212 et
1612 5147 1714 5211 Bachi
1737 5165 1779 5210 ss.
1803 5141 1853 5228 (2)

302 5286 349 5292 —..
511 5287 725 5298 ——n———-

459 5355 485 5424 ι)
504 5355 626 5407 Dahinter
641 5359 728 5407 Rasur
816 5359 842 5426 b)
860 5359 894 5408 im
911 5365 987 5410 ersten
1004 5375 1020 5409 n
1037 5359 1153 5426 komgtrt
1241 5363 1266 5425 c)
1287 5377 1314 5412 as
1332 5363 1384 5428 arcs
1396 5364 1482 5412 Rasnr
1498 5376 1547 5410 von
1565 5359 1667 5410 andam
1684 5357 1759 5408 Dirrte
1842 5361 1871 5424 d)
1890 5375 1921 5411 os
1938 5361 1982 5412 wr'e

298 5427 343 5477 das
360 5427 441 5494 vorige
513 5431 538 5486 el
557 5429 594 5479 eis
612 5429 669 5480 mid
688 5429 760 5482 Theil
774 5431 815 5482 des
832 5431 850 5480 d
867 5431 912 5481 wie
929 5433 1026 5482 Ammae
1098 5433 1118 5495 s)
1138 5433 1205 5483 dass
1218 5433 1263 5482 mit
1280 5434 1324 5483 der
1340 5433 1416 5484 Dinia
1433 5450 1481 5484 von
1499 5435 1596 5483 Amm.c
1612 5429 1788 5498 nachgeiragen
1860 5434 1888 5498 g)
1908 5433 1917 5482 i
1936 5451 1982 5483 aus

299 5499 453 5566 akomgirt.
473 5542 524 5550 ἢ..
542 5505 579 5568 ,1)
603 5501 680 5568 Vergl.
701 5503 940 5570 &ugk-Harum&
966 5503 1017 5552 Iter
1039 5503 1154 5554 Italicum
1170 5513 1194 5570 p.
1214 5505 1267 5555 205
1284 5506 1331 5556 Nr.
1351 5506 1411 5557 213.
1522 5511 1548 5570 2)
1571 5504 1743 5564 Umbroncella
1772 5503 1939 5555 Ombroncello
1956 5505 1983 5554 αἳ

301 5571 390 5622 letina
409 5571 479 5633 (detto
502 5573 578 5624 anche
598 5573 665 5624 Gora
689 5575 898 5636 d'Ombroncello‚
922 5592 936 5625 o
957 5575 1024 5626 Gora
1049 5576 1077 5625 di
1096 5575 1172 5644 Gora)
1196 5576 1278 5627 iuna
1295 5577 1429 5628 deviatione
1451 5577 1511 5627 delle
1532 5593 1606 5643 acque
1629 5577 1686 5626 del!
1713 5575 1832 5626 Ombrom
1858 5575 1982 5638 perosae,

299 5643 340 5693 che
356 5645 380 5694 si
386 5646 476 5709 sonna
493 5648 536 5694 nel
551 5645 663 5696 suburbii>
679 5647 851 5699 settentri'onale
869 5649 896 5698 di
915 5646 1012 5708 Pr'stm'a,
1030 5664 1047 5696 a
1065 5648 1130 5697 circa
1152 5649 1199 5698 due
1222 5650 1307 5716 mgna
1325 5652 1394 5701 dalla
1412 5647 1475 5701 cittii.
1512 5650 1588 5700 Dicde
1611 5663 1713 5700 nomeu
1728 5649 1773 5698 κη’
1791 5647 1876 5700 amica
1893 5649 1980 5712 chr‘esq

299 5715 327 5766 S.
345 5715 451 5768 Michele
467 5718 495 5767 in
515 5718 588 5780 Gora,
608 5733 620 5768 e
638 5720 666 5768 al
681 5723 813 5772 romanello
834 5723 900 5772 Gora
918 5719 945 5768 di
965 5719 1031 5770 Gora
1048 5717 1148 5784 (Cesare
1167 5721 1254 5790 Paolr).
