4142 6366
1698 353 1761 416 203

82 521 227 584 maxime
251 542 314 602 pro
339 520 495 602 religione
511 523 685 584 statuenda
700 522 752 585 vel
769 522 951 603 reparanda
965 523 1021 603 pia
1036 531 1069 584 et
1085 523 1269 585 rationabili
1290 518 1296 607 Ι
1316 522 1524 604 providentia
1543 525 1632 601 fiunt,
1657 526 1689 588 in
1705 549 1765 590 sua

80 609 235 673 volumus
247 610 427 674 stabilitate
439 611 612 691 persistere
629 621 670 686 et,
687 620 722 673 ut
735 611 848 674 futuris
861 611 1075 674 observentur
1086 611 1297 693 temporibus,
1317 613 1518 676 auctoritatis
1534 625 1644 678 nostre
1660 618 1763 678 muni-

82 695 198 784 m(in)e
213 701 379 763 roborare.
418 699 589 780 Quocirca,
615 701 733 763 dilecte
749 702 781 763 in
798 700 933 763 domino
950 700 1004 776 fili,
1021 696 1156 784 V(erne)
1180 702 1277 782 prior,
1300 702 1364 764 tuis
1380 702 1470 764 iustis
1486 705 1764 785 postulationibus

82 791 266 871 benignum
283 790 507 871 impertientes
518 809 695 866 assensum,
717 791 965 852 concessionem
979 790 1184 870 baptismalis
1206 791 1342 854 ecclesie
1354 791 1457 854 sancti
1473 791 1609 856 Andree
1630 795 1671 856 de
1688 793 1762 858 Car-

84 881 167 942 raria
184 899 259 942 cum
276 879 412 960 capellis
427 879 501 954 suis,
518 878 682 960 hospitale
700 880 741 943 de
757 889 869 942 monte
881 880 986 943 Furca
1001 899 1075 941 cum
1092 879 1219 961 capella
1234 880 1337 942 sancti
1354 879 1450 962 Syxti
1467 891 1500 944 et
1516 882 1644 964 capella
1658 885 1763 948 sancti

83 970 247 1034 Pancratii
283 979 317 1031 et
344 969 459 1031 ceteris
489 969 694 1049 pertinentiis
722 969 788 1032 suis
825 979 924 1049 atque
955 968 1107 1030 omnibus
1140 968 1236 1032 bonis
1259 979 1293 1032 et
1322 969 1585 1050 possessionibus
1617 973 1763 1036 eiusdem

83 1059 203 1140 plebis,
233 1059 353 1140 quein
377 1058 612 1139 presentiarum
638 1059 721 1122 iuste
744 1068 777 1122 et
801 1059 959 1120 canonice
990 1057 1140 1139 possidet
1167 1059 1279 1120 autin
1303 1057 1444 1121 futurum
1467 1061 1716 1125 rationabilibus
1735 1061 1762 1148 ⁸)

83 1148 193 1211 modis
218 1149 282 1210 deo
306 1147 452 1228 propitio
483 1148 606 1228 poterit
629 1148 776 1229 adipisci,
802 1167 900 1228 quam
924 1146 1128 1211 Gottisredus
1143 1144 1175 1229 ¹),
1201 1148 1369 1228 quondam
1393 1149 1553 1214 Lunensis
1577 1151 1762 1234 episcopus,

83 1239 126 1300 ad
151 1237 420 1318 predecessorem
443 1246 591 1300 nostrum
614 1247 728 1300 sancte
751 1236 985 1300 recordationis
1009 1237 1163 1299 EUGENH
1186 1256 1274 1318 pape
1298 1236 1536 1302 consultatione
1563 1241 1653 1322 prius
1676 1240 1764 1304 facta

82 1339 116 1390 et
134 1323 168 1408 ²),
193 1327 295 1408 ipsius
311 1325 510 1407 precedente
529 1347 671 1402 assensu,
695 1328 800 1400 Petro,
826 1326 994 1408 quondam
1015 1325 1114 1406 priori
1138 1326 1241 1388 sancti
1258 1327 1285 1387 F
1287 1325 1412 1400 ridiani,
1436 1337 1469 1389 et
1489 1348 1549 1409 per
1564 1348 1639 1392 eum
1655 1331 1762 1394 eidem

83 1417 232 1492 ecclesie,
257 1417 308 1478 cui
332 1414 396 1477 deo
419 1426 551 1478 auctore
575 1436 678 1497 prees,
703 1417 868 1497 religionis
892 1415 1008 1478 intuitu
1034 1414 1148 1477 secisse
1172 1424 1205 1477 et
1227 1415 1340 1496 scripti
1368 1416 1416 1478 sui
1440 1418 1562 1498 pagina
1589 1419 1762 1482 roborasse

83 1506 302 1587 dignoscitur,
335 1505 615 1586 quemadmodum
647 1525 667 1568 a
698 1506 762 1568 iam
794 1506 882 1568 dieto
913 1505 1072 1586 episcopo
1104 1504 1316 1566 constitutum
1349 1514 1414 1580 est,
1447 1506 1507 1567 tibi
1538 1507 1667 1588 tuisque
1693 1529 1762 1572 suc·

83 1595 269 1658 cessoribus
300 1594 493 1657 auctoritate
524 1595 612 1658 sedis
642 1592 822 1676 apostolice
851 1594 1082 1656 confirmamus
1115 1602 1149 1655 et
1181 1594 1428 1656 concessionem
1461 1596 1567 1676 ipsam
1597 1599 1762 1679 perpetuis

83 1685 292 1766 temporibus
315 1694 418 1746 ratam
442 1693 475 1746 et
498 1685 722 1747 inconvulsam
746 1684 950 1746 decernimus
974 1702 1175 1764 permanere.
1221 1683 1371 1745 Preterea
1398 1681 1576 1765 hospitale,
1609 1688 1698 1768 quod
1730 1688 1763 1749 in

83 1775 195 1856 capite
219 1774 348 1856 paludis
372 1773 469 1835 situm
493 1784 549 1848 est,
580 1794 655 1836 cum
678 1773 805 1855 capella
828 1773 932 1836 sancti
956 1770 1129 1847 Leonardi,
1163 1771 1298 1834 decimis
1321 1782 1354 1834 et
1377 1773 1447 1836 aliis
1470 1775 1674 1855 pertinentiis
1697 1777 1763 1840 suis

82 1876 116 1928 et
139 1865 256 1945 viginti
282 1865 393 1943 iugera
415 1873 499 1925 terre
523 1864 555 1924 in
580 1857 721 1948 [ealdem
752 1863 883 1944 palude,
913 1881 972 1924 sex
996 1862 1106 1942 iugera
1124 1857 1153 1944 b)
1184 1861 1216 1922 in
1240 1860 1361 1935 Broilo,
1394 1861 1459 1924 duo
1491 1863 1523 1924 in
1546 1864 1762 1940 Lavandari0,

82 1965 115 2016 et
140 1953 315 2034 Cafagium
340 1953 431 2014 iuxta
454 1953 637 2033 predictam
666 1952 808 2033 plebem,
841 1971 905 2032 que
934 1950 976 2012 ad
1005 1951 1053 2012 ius
1086 1960 1120 2012 et
1141 1950 1378 2031 proprietatem
1410 1951 1474 2012 iam
1506 1952 1584 2016 dicti
1614 1955 1762 2036 episcopi

83 2044 284 2125 pertinentia
315 2052 495 2104 memorate
526 2041 616 2123 plebi
645 2042 749 2104 sancti
770 2037 797 2125 c)
820 2039 955 2103 Andre'e
987 2059 1047 2122 pro
1078 2040 1315 2102 sustentatione
1340 2039 1481 2117 fratrum,
1518 2041 1596 2106 inibi
1627 2044 1762 2107 domino

82 2132 322 2206 famulantium,
348 2131 533 2193 devotionis
556 2132 672 2194 intuitu
689 2131 835 2206 contulit,
860 2129 968 2193 eidem
985 2129 1074 2211 plebi
1090 2129 1213 2210 pariter
1233 2127 1473 2210 confirmamus²
1497 2131 1587 2194 salva
1602 2133 1763 2196 Lunensis

82 2222 235 2303 episcopi
253 2219 277 2304 ³)
300 2231 334 2283 et
357 2220 494 2283 ecclesie
517 2241 582 2296 sue,
607 2221 690 2283 sicut
712 2221 745 2283 in
761 2221 884 2301 scripto
901 2219 1048 2282 eiusdem
1063 2218 1210 2300 episcopi
1228 2217 1420 2293 continetur,
1446 2220 1558 2283 debita
1574 2223 1762 2285 reverentia.

82 2312 172 2374 Nulli
204 2330 283 2391 ergo
315 2309 449 2371 omnino
480 2309 650 2372 hominum
682 2309 730 2372 sas
760 2309 817 2384 sit,
850 2309 1097 2372 concessionem
1128 2308 1234 2388 ipsam
1266 2327 1344 2369 ausu
1373 2309 1565 2373 temeritatis
1588 2309 1762 2392 infringere

82 2421 139 2462 seu
165 2398 368 2482 quibuslibet
392 2399 549 2461 molestiis
572 2399 770 2481 perturbare.
817 2397 851 2462 Si
877 2418 942 2479 qua
966 2399 1062 2479 igitur
1084 2397 1117 2458 in
1146 2395 1286 2458 futurum
1318 2397 1539 2462 ecclesiastica
1570 2400 1762 2464 secularisve

82 2509 235 2570 persona,
260 2489 353 2550 liuius
377 2499 487 2552 nostre
511 2487 769 2551 confirmationis
787 2485 817 2572 d)
840 2487 995 2569 paginam
1019 2487 1133 2561 sciens,
1165 2495 1279 2548 eontra
1302 2504 1375 2547 earn
1405 2488 1514 2551 venire
1544 2490 1762 2570 temptaverit,

81 2580 231 2642 secundo
254 2578 392 2641 tertiove
417 2578 628 2654 commonita,
658 2579 718 2641 nisi
741 2578 1024 2659 presumptionem
1047 2595 1139 2638 suam
1163 2594 1307 2655 congrua
1330 2575 1553 2641 satisfactione
1577 2580 1761 2656 correxerit,

80 2669 219 2733 clericus
242 2667 463 2732 ecclesiastico
484 2663 489 2752 l
510 2667 680 2743 beneficio,
704 2668 803 2730 laicus
826 2686 905 2728 vero
929 2662 1105 2728 christiana
1128 2664 1360 2726 communione
1382 2667 1534 2746 privetur.

299 2755 358 2840 (R)
382 2756 455 2838 Ego
478 2757 672 2820 Alexander
694 2756 853 2820 catholice
878 2755 1015 2818 ecclesie
1039 2755 1214 2836 episcopus
1237 2773 1279 2816 ss.
1304 2753 1369 2836 (Μ)

299 2844 320 2928 †
343 2847 416 2928 Ego
440 2846 614 2909 Hubaldus
638 2845 823 2908 Hostiensis
847 2845 1023 2927 episcopus
1047 2864 1087 2906 ss.

298 2937 319 3014 i
342 2937 415 3017 Ego
439 2935 624 2998 Remardus
648 2933 834 2997 Portuensis
858 2941 891 2997 et
914 2945 1026 2997 sancte
1049 2932 1167 2995 Rufine
1190 2932 1367 3014 episcopus
1389 2952 1429 2995 ss.
1453 2929 1500 3018 (3)

300 3059 336 3070 -
364 3026 385 3106 †
408 3026 481 3106 Ego
499 3023 673 3087 Hubaldus
688 3023 850 3106 presbiter
866 3023 1039 3086 cardinalis
1054 3023 1102 3085 tit.
1119 3031 1230 3104 sancte
1247 3020 1359 3084 Crucis
1375 3022 1408 3084 in
1424 3021 1598 3088 Ierusalem
1617 3022 1644 3110 e)
1660 3046 1701 3088 ss.
1717 3022 1763 3112 (1)

299 3112 319 3194 †
342 3115 415 3196 Ego
439 3114 598 3178 Astaldus
621 3113 782 3195 presbiter
805 3113 978 3176 cardinalis
1001 3113 1049 3175 tit.
1074 3120 1187 3175 sancte
1209 3111 1317 3173 Prisce
1340 3131 1380 3173 ss.
1404 3107 1450 3196 (1)

300 3201 320 3287 †
344 3203 416 3286 Ego
440 3203 603 3266 lohannes
626 3204 787 3284 presbiter
810 3203 983 3265 cardinalis
1006 3203 1054 3264 tit.
1078 3210 1190 3285 sancte
1214 3197 1419 3273 ANASTASOE
1445 3222 1485 3264 ss.
1510 3196 1556 3285 (1)

297 3327 342 3338 -
365 3290 386 3373 †
409 3293 482 3374 Ego
507 3293 608 3357 Oddo
632 3293 789 3355 diaconus
812 3292 986 3355 cardinalis
1009 3291 1112 3354 sancti
1136 3289 1270 3371 Georgii
1294 3288 1337 3352 ad
1359 3289 1479 3353 Velum
1503 3311 1636 3356 aureum
1660 3315 1700 3357 ss.

298 3384 320 3460 †
342 3381 416 3464 Ego
440 3382 581 3445 lacintus
605 3382 762 3445 diaconus
781 3379 808 3467 f)
832 3381 1006 3445 cardinalis
1029 3388 1142 3443 sancte
1167 3378 1269 3464 Marie
1293 3379 1326 3441 in
1350 3377 1544 3463 Cosmydyn
1568 3402 1609 3446 ss.

297 3473 319 3548 †
341 3473 415 3554 Ego
437 3471 576 3534 Ardicio
601 3471 757 3534 diaconus
781 3470 954 3534 cardinalis
976 3470 1080 3534 sancti
1103 3466 1272 3531 Theodori
1296 3488 1338 3530 ss.

298 3563 319 3638 †
342 3561 415 3642 Ego
438 3562 551 3624 Petrus
574 3561 731 3623 diaconus
754 3560 928 3623 cardinalis
951 3561 1055 3622 sancti
1072 3557 1239 3622 Eustachii
1264 3556 1356 3619 iuxta
1378 3558 1539 3640 templum
1554 3557 1707 3641 Agrippe
1721 3581 1762 3622 ss.

298 3649 319 3730 †
340 3651 414 3733 Ego
438 3650 599 3713 lohannes
623 3651 780 3713 diaconus
804 3648 977 3713 cardinalis
1000 3659 1111 3732 sancte
1136 3647 1239 3730 Marie
1264 3646 1296 3707 in
1320 3647 1448 3727 porticu
1471 3669 1512 3711 ss.
1536 3643 1582 3731 (1)

245 3740 322 3802 Dat.
345 3738 512 3822 Anagnie,
545 3760 604 3820 per
635 3759 767 3802 manum
790 3739 981 3814 Hermanni,
1014 3747 1126 3802 sancte
1154 3737 1305 3798 Romane
1336 3736 1472 3799 ecclesie
1504 3737 1698 3800 subdiaconi
1729 3747 1763 3799 et

81 3828 213 3891 notarii.
267 3842 318 3892 ΧΠ
348 3828 401 3891 Kl.
433 3829 500 3892 lan.
555 3829 791 3892 incarnationis
820 3828 985 3891 dominice
1016 3847 1103 3890 anno
1134 3836 1241 3888 MCLX.
1295 3825 1506 3889 Pontificatus
1537 3846 1615 3890 vero
1648 3827 1761 3889 domni

81 3915 303 3981 ALEXANDRI
327 3939 384 4000 pp.
410 3919 494 3982 tertii
519 3939 606 3981 anno
630 3917 784 3981 secundo

248 4033 290 4082 Or.
311 4032 575 4098 (Frank-Metellum)
595 4031 632 4090 (S.
652 4031 771 4081 Fredr'ano
789 4034 822 4080 21
842 4031 898 4080 Dic.
921 4031 1009 4089 neor,
1028 4027 1062 4076 im
1081 4029 1194 4078 Archivio
1212 4029 1239 4078 di
1254 4029 1321 4078 State
1338 4029 1428 4078 Lucra.

248 4105 316 4169 Perg.
334 4106 394 4164 ital,
413 4105 449 4154 br.
468 4107 555 4164 0,495,
574 4106 635 4169 lang
651 4106 737 4163 0‚5r5‚
757 4111 831 4153 unten
850 4105 910 4162 aba
930 4101 1117 4166 urrgesrblagen,
1137 4100 1214 4150 durcb
1232 4101 1290 4150 ervei
1305 4101 1399 4150 Lbrber
1411 4101 1474 4166 ging
1491 4100 1528 4150 die
1545 4101 1650 4163 Scbnur,
1677 4101 1762 4150 welche

81 4178 127 4224 mit
143 4176 199 4224 dem
216 4177 342 4242 Bleisiege!
353 4179 471 4226 verloren.
496 4177 603 4241 Fallung
620 4176 663 4224 der
673 4177 770 4225 Bullrn.
806 4174 950 4224 Alexander
963 4173 989 4221 in
1006 4173 1050 4220 der
1067 4180 1141 4221 ersten
1155 4172 1216 4221 Zeile
1230 4172 1356 4237 grstreckie
1372 4173 1530 4233 aucarum,
1550 4173 1635 4221 Vemo
1654 4173 1764 4222 ebendort

81 4248 218 4313 balblonge,
238 4249 344 4312 Eugenii
362 4249 395 4296 im
414 4249 554 4311 Korrscripte
571 4247 631 4296 norb
655 4254 728 4296 ebroas
745 4247 849 4296 br’breere.
881 4245 976 4308 Scbnf!
1000 4251 1073 4293 ebroas
1096 4248 1251 4309 vergebsserte
1274 4245 1500 4305 Brrvcnmirruskrl,
1525 4244 1635 4309 privetur
1658 4245 1764 4294 sclliesst

82 4319 107 4366 r'n
135 4319 227 4368 Mitem
259 4321 302 4367 der
327 4320 412 4379 Linie,
449 4321 525 4368 Amen
555 4319 645 4380 seblcn.
690 4318 828 4384 lr'rirgbreua
858 4318 913 4366 und
937 4317 958 4364 E
984 4317 1044 4364 sind
1063 4331 1110 4364 von
1141 4323 1213 4364 etwas
1242 4315 1344 4365 andem
1368 4317 1443 4365 Dr'nte
1462 4317 1611 4382 gescbn‘ebm
1634 4317 1672 4365 als
1702 4316 1762 4366 Um·

80 4391 169 4455 rclm'fl
185 4391 242 4438 rard
258 4391 382 4456 Inschnfl.
419 4391 547 4457 Datirrmg
562 4407 617 4439 vom
635 4389 888 4452 Korrscriptsckreiber,
908 4388 933 4436 H
951 4388 1091 4436 llermanns
1108 4387 1167 4452 rer’gt
1182 4394 1256 4436 etwas
1273 4387 1525 4438 abaeeicbmdeDinte.
1562 4389 1640 4438 Selten
1658 4387 1762 4437 daudet

81 4464 193 4512 emerim
216 4463 266 4512 sicb
290 4464 328 4512 die
352 4470 428 4513 ersten
453 4463 532 4511 beiden
552 4463 676 4526 Presbyter
698 4463 753 4510 und
775 4462 811 4510 die
828 4465 844 4511 5
862 4459 990 4509 Diakomn
1013 4476 1061 4508 aare
1083 4457 1188 4524 gleicber
1204 4458 1285 4506 Hand
1305 4459 1457 4524 aresgfiibm
1474 4459 1534 4525 fast
1547 4476 1598 4527 gar
1614 4459 1682 4508 nicht
1698 4459 1762 4509 indi·

80 4534 237 4595 vidualisr‘rt3
254 4551 301 4584 von
319 4534 360 4584 ibr
376 4535 471 4584 werden
488 4535 550 4583 aucb
568 4534 605 4582 die
622 4534 756 4584 arrderrrz3
775 4532 921 4599 Signaturm
940 4531 1082 4592 berritbren,
1101 4533 1171 4580 deren
1189 4530 1265 4580 Dinte
1281 4530 1383 4581 dr'eselbr.

829 4816 896 4892 ΝΥ.
927 4820 1013 4892 194.

81 4953 269 5018 Alexander
283 4953 348 5017 III
359 4953 477 5016 nimmt
496 4952 559 5016 das
577 4949 709 5014 Kloster
732 4949 834 5014 Senta
850 4949 965 5014 Maria
987 4950 1074 5014 della
1089 4951 1248 5035 Pomposa
1272 4948 1330 5032 (D.
1359 4949 1563 5035 Comacchio)
1590 4952 1624 5014 in
1638 4961 1761 5035 aposto·

81 5043 202 5109 lisclren
226 5043 344 5107 Schutz
367 5041 440 5106 und
458 5041 609 5126 bestbtrgt
629 5041 716 5104 scine
731 5037 969 5104 Besr'tetbbmer
990 5040 1063 5104 und
1076 5041 1202 5122 Recbte,
1223 5041 1331 5122 wrrfier
1344 5062 1377 5104 es
1383 5039 1533 5126 jblrrlr'clz
1555 5040 1630 5104 drei
1643 5039 1761 5106 Silber·

684 5127 785 5193 solidi
798 5149 838 5193 eu
853 5130 1029 5194 entrr'clcten
1044 5130 1104 5194 bat
1117 5131 1158 5210 ⁴).

649 5249 732 5309 1160
748 5244 924 5309 December
945 5248 999 5310 21.
1039 5245 1180 5330 Anagni.

242 5363 435 5428 Alexander
458 5365 641 5447 episcopus,
666 5383 777 5426 servus
796 5383 963 5425 servorum
980 5363 1041 5440 dei,
1065 5364 1189 5428 dilectis
1205 5363 1278 5426 liliis
1293 5363 1418 5438 Ioanni,
1442 5363 1555 5426 abbati
1572 5365 1760 5428 monasterii

78 5465 213 5520 sanctae
230 5455 364 5529 Mariae,
386 5455 478 5534 quod
495 5455 527 5516 in
543 5453 648 5516 insula
662 5452 842 5534 Pomposia
857 5453 955 5515 situm
972 5463 1029 5528 est,
1054 5454 1274 5535 omnibusque
1290 5452 1449 5529 fratribus,
1470 5462 1539 5516 tam
1554 5453 1761 5535 presentibus

242 5617 268 5678 a)
287 5630 299 5662 r
316 5614 459 5678 ausRarur
529 5613 555 5679 b)
576 5611 759 5678 imekorrigirt
831 5613 856 5672 c)
874 5612 943 5678 iares
956 5615 1041 5662 Rancr
1111 5611 1138 5680 d)
1153 5614 1169 5664 l.
1184 5651 1209 5664 ..
1229 5627 1271 5662 ma
1289 5613 1430 5678 aufRarur
1500 5613 1525 5675 e)
1545 5611 1762 5680 lamekomgin

79 5687 99 5750 l)
119 5686 173 5752 aas
185 5687 387 5752 Rasur.„„.r)
411 5685 537 5750 Gottsried,
557 5684 662 5751 Biscbos
672 5701 720 5735 vim
738 5684 829 5744 Lucra,
850 5685 993 5734 1089-c.
1015 5685 1091 5734 1098.
1154 5689 1192 5752 ¹2)
1217 5686 1295 5750 Vergl.
1317 5683 1397 5752 Jaffr'‚
1415 5688 1474 5751 Rrg.
1494 5685 1571 5734 6681.
1644 5688 1670 5751 3)
1690 5685 1761 5737 Sarrl'

79 5759 179 5809 Andree
193 5757 293 5824 gebbrte
309 5773 364 5806 reem
383 5757 501 5824 Spengel
514 5773 562 5806 von
582 5757 664 5806 Luna
737 5759 765 5822 4)
789 5757 867 5822 Vergl.
886 5755 923 5806 die
944 5756 1003 5806 Urk.
1022 5772 1076 5806 vom
1098 5759 1129 5806 16
1147 5757 1276 5808 December
1295 5759 1367 5808 1143.

1493 5836 1548 5890 26·
