4126 6366
1696 359 1759 426 307

832 527 900 603 Nr.
925 532 1014 604 337.

86 663 206 726 Lucius
223 662 289 726 III
306 659 445 725 schreibt
464 659 539 723 dem
563 659 713 740 Biscleofe
728 659 917 736 Bonifatius
939 680 999 724 von
1015 660 1151 726 Novara
1172 661 1241 726 und
1252 661 1326 726 dem
1341 662 1475 746 Propste
1493 684 1554 726 von
1570 663 1762 740 Moritara),

85 752 164 816 dass
179 751 229 816 sie
243 752 305 816 den
321 748 461 829 Bisthof
467 770 529 813 vore
551 749 585 814 Τ
579 758 688 813 ortona
703 749 919 829 veranlassen,
933 749 1006 813 dem
1023 749 1154 815 Kloster
1163 749 1299 815 Senator
1313 751 1371 833 (D.
1387 752 1509 838 Pania)
1525 750 1687 835 benig-licii
1702 750 1764 814 der

392 837 530 922 Kapelle
543 859 605 902 uon
628 838 776 922 Vogliera
796 838 1037 921 Gerecntigrkeit
1046 839 1274 922 wedersahren
1288 860 1328 905 eu
1344 841 1459 905 lassen.

748 957 834 1017 1183
849 954 927 1029 Juli
940 958 969 1018 9.
1002 953 1110 1038 Segni.

246 1071 367 1135 Lucius
387 1069 415 1157 8)
439 1071 616 1153 episcopus
635 1068 673 1156 8),
697 1092 808 1134 servus
824 1091 990 1134 servorum
1007 1072 1069 1148 dei,
1093 1072 1268 1136 venerabili
1286 1073 1373 1136 fratri
1413 1067 1613 1157 .B(onifatio)
1632 1069 1671 1157 b),
1694 1075 1761 1137 No·

84 1163 226 1226 vaciensi
246 1159 273 1246 c)
298 1162 457 1244 episcopo
477 1157 512 1244 ¹),
537 1170 570 1223 et
593 1161 713 1224 dilecto
737 1160 804 1224 filio
830 1210 836 1223 .
861 1210 867 1224 .
891 1161 990 1243 priori
1013 1159 1097 1244 Mori
1126 1212 1163 1225 ..
1189 1213 1194 1225 .
1220 1159 1277 1246 .¹)‚
1301 1158 1450 1247 salutem]
1482 1174 1515 1225 et
1544 1163 1762 1245 apostolicam

84 1251 362 1315 benedictionem.
407 1249 537 1313 Dilecta
569 1250 601 1313 in
624 1250 755 1314 Christo
786 1249 853 1312 filia
882 1258 994 1313 nostra
1016 1252 1154 1328 Omelia,
1183 1252 1371 1314 monasterii
1394 1251 1561 1314 Senatoris
1585 1253 1761 1328 abbatissa,

83 1338 291 1426 translmissa
314 1341 411 1403 nobis
434 1340 672 1420 conquestione
695 1341 897 1414 monstravit,
922 1339 1013 1420 quod
1036 1340 1195 1422 capellam
1219 1340 1384 1422 quandam
1408 1361 1482 1404 cum
1506 1341 1676 1405 adiacente
1691 1362 1761 1424 par·

83 1432 200 1495 rochia
223 1431 456 1493 monasterium
480 1428 548 1490 eius
572 1429 605 1492 in
629 1429 704 1492 loco
725 1429 892 1510 Voguerie
915 1429 956 1491 ab
982 1429 1117 1510 antiquo
1140 1429 1334 1512 possederit,
1366 1449 1463 1510 quam
1490 1430 1579 1493 bone
1606 1431 1762 1493 memorie

85 1521 250 1595 Obertus,
282 1518 449 1601 quondam
479 1517 702 1580 Tardonensis
734 1518 910 1599 episcopus
928 1514 962 1600 ³),
993 1519 1026 1580 in
1058 1519 1263 1600 questionem
1294 1518 1468 1594 deducens,
1493 1539 1574 1596 eam,
1598 1520 1762 1601 pendente

85 1611 152 1686 lite,
176 1609 310 1692 propria
332 1606 506 1691 parrochia
528 1606 691 1687 spoliavit,
714 1607 746 1668 vi
768 1606 903 1670 tandem
928 1617 960 1669 et
983 1618 1072 1669 metu
1096 1608 1290 1690 intemptate
1313 1608 1577 1672 comminationis
1608 1607 1762 1684 efficiens,

84 1707 120 1762 ut
152 1697 341 1781 capellanus
365 1696 511 1760 eiusdem
535 1695 599 1759 loci
623 1717 690 1759 non
714 1696 775 1759 nisi
800 1696 917 1759 clausis
949 1695 1052 1759 ianuis
1083 1697 1193 1759 divina
1224 1697 1269 1759 ibi
1300 1697 1418 1759 audeat
1450 1697 1559 1760 officia
1591 1697 1762 1760 celebrare.

12 1831 13 1840 .
84 1789 186 1854 Unde
210 1806 280 1862 nos,
304 1805 437 1850 causam
460 1785 567 1868 ipsam
590 1795 697 1848 vestre
720 1784 930 1848 sollicitudini
955 1786 1206 1860 committentes,
1236 1807 1296 1868 per
1318 1786 1501 1868 apostolica
1523 1787 1618 1850 vobis
1642 1786 1764 1868 scripta

12 1885 13 1946 ζ
84 1877 292 1952 mandamus
316 1875 477 1958 quatinus,
499 1874 676 1938 venerabili
692 1874 789 1937 fratre
812 1883 926 1937 nostro
952 1925 957 1936 .
982 1925 988 1937 .
1012 1875 1217 1938 Tardonensi
1241 1875 1400 1957 episcopo
1417 1873 1453 1959 ⁴),
1481 1896 1579 1957 super
1600 1874 1763 1950 violentia,

12 2015 13 2022 .
85 1987 186 2049 quam
217 1966 432 2048 predecessor
464 1964 533 2026 eius
564 1963 701 2040 fecerat,
732 1963 898 2045 requisito,
932 1973 1058 2027 attenta
1081 1984 1154 2026 cum
1186 1961 1404 2026 sollicitudine
1436 1965 1614 2040 moneatis,
1647 1973 1683 2026 ut
1712 1963 1764 2027 vel

12 2089 14 2096 v
84 2054 248 2138 capellam
272 2055 378 2137 ipsam
401 2053 549 2137 predicte
565 2054 733 2117 abbatisse
749 2074 822 2116 cum
840 2053 1024 2134 integritate
1039 2054 1211 2135 parrochie
1227 2053 1260 2116 in
1276 2073 1359 2136 pace
1383 2055 1531 2117 restituat
1554 2053 1605 2116 vel
1622 2053 1764 2118 facturus

85 2155 118 2208 et
142 2153 332 2227 recepturus
350 2143 511 2206 iusticiam
536 2142 579 2205 ad
602 2143 806 2225 presenciam
829 2152 970 2205 vestram
995 2141 1151 2206 canonice
1167 2152 1303 2205 vocatus
1324 2142 1468 2220 accedat,
1493 2144 1556 2225 qui,
1580 2145 1607 2206 si
1631 2141 1764 2223 elegerit

85 2235 192 2317 magis
216 2233 336 2297 iudicio
353 2231 561 2308 contendere,
579 2251 678 2313 quam
694 2232 876 2314 predictam
892 2231 1098 2313 parrochiam
1114 2233 1184 2294 sine
1201 2233 1422 2296 controversia
1438 2232 1609 2313 resignare,
1625 2231 1764 2296 audiatis

12 2339 13 2406 j
85 2343 220 2387 causam
244 2332 286 2398 et,
310 2321 531 2405 appellatione
554 2330 689 2396 remota,
713 2320 778 2383 fine
799 2317 803 2403 Ι
824 2321 984 2383 canonico
1008 2321 1196 2384 terminetis.
1220 2357 1262 2365 —
1286 2321 1363 2385 Dat.
1379 2321 1500 2403 Signia,
1523 2336 1574 2388 V11
1593 2321 1668 2384 Idus
1685 2320 1764 2388 l'ulii.

251 2437 294 2487 Or.
313 2437 347 2486 im
363 2433 478 2486 Archivio
496 2435 524 2484 di
540 2435 608 2484 State
625 2451 656 2483 eu
674 2433 796 2484 Mastane.

249 2509 319 2574 Ρη.
341 2507 401 2568 r‘tal,
427 2507 462 2557 br.
488 2507 576 2567 oasa,
603 2509 666 2571 lang
689 2505 772 2567 0,122,
798 2512 872 2555 nnten
897 2497 974 2564 03015
996 2507 1189 2574 umgeschlagm,
1214 2505 1292 2560 denen
1315 2507 1374 2558 nuci
1395 2507 1488 2560 L‘o'clier
1509 2505 1572 2576 μὴ)
1594 2505 1632 2558 die
1656 2505 1763 2572 Sentitur,

13 2653 14 2656 Ἴ
84 2582 171 2632 necte
188 2579 236 2630 nit
253 2581 306 2631 den
324 2579 450 2646 Bleniegel
463 2579 580 2638 verloren,
600 2579 712 2644 Faltung
727 2578 771 2627 der
787 2579 888 2629 Breum.

834 2971 903 3048 Nr.
928 2976 1018 3048 338.

86 3105 207 3169 Lucius
219 3105 286 3169 III
292 3105 477 3188 beanftragt
486 3105 549 3170 den
561 3104 702 3187 Bz'sclros
705 3105 802 3170 Peter
810 3125 875 3169 uon
891 3104 1003 3186 Gaetu,
1018 3105 1097 3170 dass
1107 3126 1145 3169 er
1157 3127 1266 3188 wegen
1277 3106 1335 3170 des
1346 3105 1480 3171 Streites
1495 3127 1549 3170 um
1562 3107 1623 3171 das
1637 3105 1767 3172 Kloster

85 3192 176 3260 sant
189 3194 330 3259 Erasmo
343 3215 384 3259 eu
400 3192 471 3259 ihm
485 3194 619 3275 keenme,
634 3193 793 3272 berichtet,
806 3195 885 3258 dass
899 3215 937 3258 er
950 3195 1012 3258 den
1023 3194 1088 3258 An
1099 3196 1261 3260 desselben
1275 3195 1358 3261 habe
1372 3194 1490 3262 nilliclz
1501 3196 1633 3279 geloben
1648 3198 1765 3278 lassen,

568 3284 641 3348 ιίεηι
659 3282 790 3348 Kloster
801 3284 894 3348 keine
911 3283 1013 3348 Geiter
1025 3305 1065 3350 nu
1080 3285 1287 3364 entsremden.

698 3401 783 3463 1183
805 3397 938 3465 October
951 3402 982 3464 3.
1014 3400 1155 3482 Anagni.

248 3517 369 3580 Lucius
392 3517 578 3600 episcopus,
609 3537 720 3580 servus
747 3537 914 3580 servorum
945 3516 1007 3594 dei,
1036 3515 1212 3580 venerabili
1245 3516 1334 3580 fratri
1357 3513 1489 3601 P(etro),
1513 3517 1674 3582 Gaietano
1698 3519 1763 3601 epi-

83 3626 192 3688 scopo
208 3601 245 3688 ⁵),
269 3605 456 3669 salutemet
480 3606 697 3688 apostolicam
720 3605 993 3669 benedictionem.
1039 3606 1154 3680 Causa,
1179 3627 1243 3686 que
1265 3607 1350 3669 inter
1364 3607 1519 3669 abbatem
1535 3617 1569 3670 et
1584 3608 1764 3671 monachos

84 3695 191 3759 sancti
216 3695 344 3758 Erasini
368 3697 433 3758 iam
457 3695 577 3758 diutius
601 3704 651 3758 est
674 3704 821 3769 tractata,
851 3696 928 3758 visis
960 3694 1169 3758 fraternitatis
1198 3703 1253 3757 tue
1284 3695 1407 3770 litteris,
1441 3697 1559 3776 quibus
1591 3697 1697 3778 ipsum
1722 3697 1764 3759 ad

83 3793 117 3848 te
142 3784 279 3848 dicebas
303 3786 536 3848 monasterium
567 3785 746 3867 pertinere,
778 3785 929 3867 cupiens,
961 3805 1001 3847 ne
1024 3784 1085 3846 tibi
1107 3784 1321 3866 preiudicium
1352 3784 1452 3859 fieret,
1476 3785 1658 3866 impetrare,
1691 3784 1767 3848 licet

83 3883 189 3936 testes
215 3875 431 3956 receperimus
455 3883 488 3938 et
513 3874 749 3956 inspexerimus
773 3873 996 3949 instrumenta,
1030 3873 1147 3955 quibus
1172 3873 1266 3935 datur
1296 3873 1430 3954 intelligi
1455 3873 1643 3948 manifeste,
1676 3875 1766 3956 quod

84 3963 175 4026 idem
201 3964 434 4027 monasterium
459 3963 502 4026 ad
524 3965 709 4026 Romanam
734 3961 905 4025 ecclesiam
930 3961 1018 4025 nullo
1042 3963 1203 4044 pertineat
1218 3962 1392 4038 mediante,
1415 3962 1475 4025 tibi
1496 3983 1555 4044 per
1570 3964 1765 4026 sententiam

84 4052 303 4135 preludicium
326 4053 472 4133 generari
496 4051 654 4128 nolentes,
688 4050 871 4114 distulimus
894 4052 1069 4114 terminari.
1115 4051 1311 4115 Mandamus
1345 4052 1454 4132 itaque
1486 4050 1677 4114 fraternitati
1701 4063 1766 4128 tue,

85 4151 251 4224 quatenus
274 4151 370 4204 sexto
395 4141 448 4204 die
471 4151 549 4224 post
571 4143 759 4224 proximum
783 4139 902 4203 festum
930 4143 1076 4204 omnium
1100 4139 1297 4204 Sanctorum
1326 4140 1368 4203 ad
1391 4149 1536 4203 nostram
1567 4142 1766 4223 presentiam

84 4230 290 4294 sufficienter
312 4231 487 4293 instructus
512 4230 659 4305 accedas,
684 4239 728 4307 ut,
753 4231 779 4292 si
803 4229 927 4312 poteris
952 4229 1184 4306 demonstrare,
1209 4231 1299 4312 quod
1323 4230 1461 4293 ecclesia
1483 4239 1539 4293 tua
1562 4231 1595 4292 in
1616 4230 1765 4312 predicto

84 4319 290 4383 monasterio
313 4319 433 4383 debeat
458 4319 579 4401 aliquid
603 4320 679 4382 iuris
695 4319 825 4394 habere,
849 4318 928 4381 illud
943 4318 1078 4394 illesum,
1096 4319 1275 4382 secundum
1292 4319 1381 4402 quod
1397 4321 1516 4381 iustum
1533 4319 1636 4395 fuerit,
1659 4320 1766 4382 valeat

84 4410 114 4472 ei
141 4408 272 4471 servari.
317 4408 395 4471 Non
418 4409 506 4472 enirn
529 4408 678 4472 volumus
701 4418 758 4471 tua
781 4409 850 4471 iura
872 4409 1025 4483 minuere,
1049 4408 1108 4470 sed
1132 4407 1308 4471 defendere
1327 4408 1438 4491 potius
1454 4417 1486 4470 et
1503 4428 1628 4489 augere.
1674 4408 1766 4472 Scias

85 4499 198 4572 etiam,
230 4498 320 4578 quod
344 4498 499 4561 abbatem
523 4498 631 4581 ipsum
654 4507 687 4560 et
711 4497 794 4560 duos
818 4518 860 4560 ex
883 4498 1021 4580 predicti
1044 4497 1232 4560 monasterii
1261 4497 1431 4560 monachis
1461 4507 1606 4579 prestare
1630 4497 1767 4560 fecimus

84 4589 315 4662 iuramentum,
347 4587 437 4669 quod
469 4587 710 4669 possessiones,
741 4585 930 4649 thesaurum
961 4597 994 4650 et
1016 4585 1079 4650 alia
1107 4587 1198 4649 bona
1228 4586 1374 4649 eiusdem
1406 4587 1594 4648 monasterii
1625 4587 1766 4650 vendere

12 4673 13 4680 '
85 4697 156 4740 non
179 4687 405 4757 presumerent
428 4696 490 4739 nec
514 4677 623 4759 aliquo
649 4675 744 4739 titulo
761 4676 794 4738 in
810 4675 941 4738 alterius
957 4675 1102 4757 redigere
1117 4685 1325 4757 potestatem,
1350 4675 1411 4738 nisi
1427 4675 1614 4738 victualium
1631 4677 1767 4758 penuria

12 4775 13 4778 ’
85 4765 119 4829 id
146 4765 254 4828 facere
276 4775 409 4846 cogeret
431 4764 485 4829 vel
507 4785 724 4848 expensarum
748 4760 929 4849 defectu(s),
954 4785 1035 4847 quas
1059 4784 1116 4827 eos
1140 4765 1182 4827 ad
1211 4775 1356 4828 nostram
1380 4765 1579 4846 presentiam
1602 4765 1765 4828 veniendo

85 4875 149 4938 pro
173 4874 271 4918 cause
295 4855 462 4918 decisione
485 4855 591 4918 facere
615 4854 791 4937 oportebit.
837 4854 889 4917 Ne
912 4863 1020 4917 autem
1044 4853 1165 4934 aliquid
1194 4854 1227 4916 in
1258 4863 1404 4917 eternum
1425 4862 1623 4935 presumant,
1656 4855 1766 4936 itaque

87 4945 210 5019 omnia,
235 4943 332 5007 rebus
362 4945 409 5007 sic
436 4965 472 5007 se
500 4944 708 5018 habentibus
737 4953 773 5005 ut
796 4965 883 5006 nunc
906 4952 990 5018 sunt,
1020 4962 1122 5024 usque
1147 4942 1189 5005 ad
1211 4943 1395 5026 predictum
1418 4944 1592 5006 terminum
1615 4942 1765 5006 volumus

87 5033 267 5098 observari.
292 5069 335 5078 -
359 5035 483 5096 Datum
506 5033 668 5116 anagnie,
691 5047 716 5096 v
738 5033 853 5096 Nonas
878 5032 1042 5097 Octobris.

250 5147 376 5213 Abscim'st
393 5147 433 5197 des
455 5147 512 5196 Cod.
530 5146 585 5197 XL.
605 5148 650 5207 11,
667 5145 694 5198 in
711 5148 755 5197 der
772 5147 834 5197 Bibl.
854 5146 991 5197 Borbm'na
1008 5161 1038 5196 ru
1055 5147 1125 5196 Rem.

249 5431 275 5497 a)
294 5432 380 5482 Karene
392 5432 470 5480 lesbon
540 5430 566 5494 b)
584 5427 630 5478 mit
640 5428 743 5480 nidner
754 5426 830 5478 Dinte
841 5427 993 5495 eingetragen
1065 5431 1089 5490 c)
1106 5443 1154 5478 von
1159 5429 1280 5494 ji'e'ngerer
1290 5428 1370 5478 Hand
1379 5429 1543 5478 Vercellense
1556 5427 1765 5494 tinguentium

12 5531 13 5552 ;
87 5507 179 5570 -.ι)
198 5504 349 5570 &inferitis
368 5503 473 5568 Birthas
484 5517 532 5552 vnn
550 5502 659 5561 Novana,
679 5501 860 5550 nrt-1191.
934 5507 960 5560 2)
980 5499 1094 5550 Zr'nnliclt
1110 5499 1366 5551 sicterMortariensi.
1404 5499 1524 5560 Monam,
1547 5499 1621 5550 Pron.
1640 5500 1668 5549 di
1680 5501 1765 5560 Pania,

88 5578 193 5628 cirrond.
222 5577 250 5625 di
273 5575 418 5626 Lonullina.
460 5573 538 5640 Vergl.
564 5573 601 5622 die
629 5571 746 5623 Urhende
769 5586 825 5621 vom
844 5575 860 5620 4
881 5572 950 5636 Jnni
975 5574 1048 5621 1192.
1122 5571 1148 5634 3)
1170 5571 1277 5631 Oderint,
1304 5573 1408 5634 Bischof
1424 5587 1472 5621 von
1502 5572 1614 5635 Terrena,
1642 5573 1708 5622 1153
1732 5600 1764 5610 -

86 5665 133 5698 nor
151 5650 221 5700 1183.
298 5653 325 5714 4)
344 5647 451 5697 Danais
467 5662 523 5696 war
543 5645 660 5709 Gmduls
675 5643 777 5708 Birthas
789 5659 837 5692 von
860 5643 971 5694 Terrena.
1046 5647 1072 5708 5)
1094 5643 1187 5705 Petne,
1207 5645 1311 5709 nuens
1324 5660 1372 5694 von
1393 5644 1476 5704 Gneta,
1495 5659 1515 5696 c.
1537 5644 1720 5694 rara-1200.

1499 5853 1555 5920 ³9*
