4142 6366
524 515 578 600 (R)
601 519 674 600 Ego
698 519 863 581 Adrianus
886 518 1048 582 catholice
1071 519 1207 582 ecclesie
1230 521 1406 602 episcopus
1428 541 1469 581 ss.
1494 514 1554 601 (M)

567 607 640 689 Ego
664 607 773 671 Guido
792 605 815 692 ¹)
862 653 1518 672 .............

524 608 544 778 Ι
567 697 640 778 Ego
664 696 825 760 lohannes
842 695 867 782 ²)
917 743 1520 760 ............

524 787 544 868 Ι
567 786 641 866 Ego
698 833 1519 850 ................

524 876 544 957 †
568 874 641 955 Ego
666 869 789 959 [Guido
813 875 975 957 presbiter
998 874 1170 938 cardinalis
1192 872 1252 962 tit]
1276 875 1417 939 Pastoris
1441 894 1482 936 ss.

523 964 544 1048 †
568 958 652 1049 [Ego
679 962 842 1027 Gerardus
865 964 1026 1046 presbiter
1049 964 1218 1028 cardinalis
1241 965 1288 1028 tit.
1311 967 1415 1028 sancti
1439 959 1612 1049 Stephani]
1637 963 1669 1024 in
1686 959 1779 1026 Celio
1804 969 1918 1022 monte
1942 979 1984 1021 ss.

474 1077 517 1126 nr.
536 1077 592 1126 seir
607 1083 705 1128 marm
721 1079 757 1144 (s
778 1078 929 1129 Murrina
947 1079 995 1130 ur.
1015 1081 1069 1146 n),
1089 1079 1123 1128 rm
1139 1079 1253 1129 Arcturo
1270 1063 1428 1128 discursu
1448 1079 1564 1128 patruo.

1053 1259 1120 1335 Nr.
1152 1262 1237 1335 184.

312 1389 471 1454 Hadrian
487 1387 549 1452 IV
566 1390 707 1454 schreibt
730 1391 803 1454 dem
829 1390 1044 1472 Erubr'schosc
1075 1390 1188 1457 Oberto
1214 1413 1273 1456 voh
1293 1391 1463 1470 Mar'lnnd,
1489 1389 1595 1469 dafr'r'r
1615 1409 1655 1452 uu
1675 1407 1805 1469 surgen,
1829 1386 1909 1450 dass
1932 1385 1987 1448 dic

311 1479 635 1562 ungerechtsertr'gten
661 1480 823 1561 Brhrrchc,
857 1481 911 1546 die
936 1480 1004 1546 sich
1031 1480 1315 1651 εῑέἲιᾶεἶζιόεννῖεέἄᾶα
1341 1481 1411 1546 und
1442 1479 1549 1545 Ticino
1579 1476 1832 1560 er'ngcschlr'chcu
1866 1475 1987 1554 hutten,

1036 1679 1256 1742 arse-1159.

470 1791 636 1855 Adrianus
659 1793 842 1875 episcopus,
866 1815 976 1857 servus
991 1814 1157 1858 servorum
1174 1795 1235 1870 dei,
1259 1793 1437 1856 venerabili
1454 1793 1542 1855 fratri
1559 1786 1722 1875 olberto),
1744 1788 1987 1853 Mediolanensi

312 1881 561 1964 archiepiscopo
578 1879 612 1966 ³),
644 1883 838 1946 salutemet
867 1884 1084 1966 apostolicam
1114 1884 1390 1947 benedictionem.
1437 1883 1616 1946 Pessimam
1647 1879 1922 1944 consuetudinem
1955 1886 1989 1939 et

311 1990 477 2032 sacrorum
501 1990 663 2034 canonum
687 1973 847 2036 sanctioni
872 1974 1067 2036 contrariam
1090 1974 1123 2036 in
1140 1971 1422 2054 archiepiscopatu
1438 1983 1495 2036 tuo
1512 1973 1596 2034 inter
1610 1970 1768 2033 Adduam
1783 1977 1818 2032 et
1831 1968 1988 2030 Ticinum

312 2059 485 2123 inolevisse
508 2062 702 2142 accepimus,
727 2063 817 2143 quod
833 2063 986 2126 videlicet
1007 2063 1117 2126 rustici
1141 2063 1183 2126 de
1199 2061 1355 2125 fructibus
1378 2062 1527 2125 laborum
1543 2080 1676 2124 suorum
1690 2078 1803 2122 semen
1819 2067 1853 2120 et
1868 2075 1989 2120 omnes

313 2169 474 2230 expensas
497 2151 587 2231 prius
610 2151 775 2232 accipiunt
798 2158 831 2214 et
852 2153 909 2214 vix
931 2153 973 2214 de
996 2152 1122 2230 reliquo
1153 2153 1297 2214 decimas
1329 2151 1503 2214 exsolvunt
1517 2146 1552 2234 ⁴),
1583 2149 1699 2211 domni
1728 2167 1862 2230 quoque
1893 2146 1988 2209 rusti·

312 2257 424 2301 corum
449 2239 490 2301 de
513 2238 694 2302 redditibus
711 2240 879 2316 fructuum,
904 2262 987 2323 quos
1003 2263 1023 2304 a
1037 2243 1103 2304 suis
1127 2241 1253 2304 colonis
1276 2241 1450 2322 accipiunt,
1474 2240 1618 2302 decimas
1634 2239 1817 2302 nullatenus
1833 2235 1988 2298 reddunt.

312 2323 399 2407 Quia
421 2328 531 2409 itaque
554 2330 768 2409 pernitiosum
791 2340 841 2394 est
863 2331 1017 2412 exemplo
1042 2339 1075 2393 et
1098 2337 1212 2393 contra
1234 2349 1399 2393 sacrorum
1423 2349 1586 2392 canonum
1617 2328 1823 2409 disciplinam
1851 2335 1885 2387 et
1909 2325 1990 2388 inde

311 2416 426 2498 procul
449 2417 551 2479 dubio
571 2419 751 2481 animarum
767 2420 946 2501 periculum
962 2421 1128 2482 incurrunt
1142 2439 1281 2494 suarum,
1306 2419 1496 2482 fraternitati
1520 2427 1575 2480 tue
1591 2437 1650 2498 per
1665 2416 1848 2498 apostolica
1862 2415 1991 2496 scripta

312 2505 512 2582 mandamus,
537 2517 697 2587 quatenus
720 2518 789 2571 tam
812 2530 948 2591 pravam
971 2519 1005 2572 et
1028 2510 1256 2572 detestandam
1280 2509 1549 2571 consuetudinem
1573 2507 1688 2580 modis,
1714 2506 1832 2588 quibus
1850 2505 1989 2585 poteris,

311 2595 443 2657 studeas
466 2596 595 2676 penitus
618 2597 783 2660 eradicare
807 2608 840 2662 et
867 2599 1033 2681 predictos
1065 2599 1206 2661 domnos
1238 2598 1279 2661 de
1311 2598 1492 2660 redditibus
1522 2606 1555 2659 et
1589 2597 1726 2659 rusticos
1757 2595 1799 2656 de
1830 2593 1990 2656 omnibus

314 2683 470 2748 fructibus
492 2684 643 2748 laborum
666 2707 798 2749 suorum
822 2689 965 2750 decimas
989 2688 1125 2750 reddere
1149 2687 1367 2750 ecclesiastica
1390 2687 1593 2749 districtione
1616 2683 1806 2766 compellas.

470 2797 595 2865 Abrrhrift
610 2815 665 2850 vom
683 2800 754 2850 Eride
771 2802 811 2851 des
830 2803 862 2852 12
884 2801 984 2867 Jahrh„
1003 2801 1043 2851 des
1064 2801 1120 2852 cod.
1145 2803 1196 2850 Vnt.
1222 2801 1287 2852 1362
1305 2807 1330 2866 p.
1352 2799 1424 2861 128¹),
1443 2801 1469 2850 in
1487 2800 1530 2849 der
1547 2800 1609 2849 Bibl.
1633 2799 1750 2849 Vaticano
1766 2815 1797 2847 zu
1813 2799 1885 2848 Rom.

1054 3005 1122 3081 Nr.
1155 3009 1239 3082 185.

311 3133 466 3199 Hadrian
483 3133 543 3199 IV
564 3135 691 3214 befiehlt
714 3136 787 3200 dem
814 3135 942 3201 Klostrr
965 3136 1032 3201 San
1060 3137 1201 3201 Russore
1223 3139 1283 3220 (D.
1312 3135 1409 3219 Pisa)
1436 3136 1490 3200 die
1519 3135 1781 3215 Ueterez'nkunfc
1802 3135 1927 3199 welche
1955 3137 1990 3200 in

312 3222 418 3289 scr'rrcr
442 3223 636 3307 Grgenwart
654 3247 763 3308 turgeu
781 3225 838 3290 des
854 3225 987 3291 Strer'tes
1010 3227 1323 3381 rnr'Zudcl’zrcrlchsaner
1336 3225 1548 3308 Domhapr'tel
1563 3225 1725 3312 getrcffrn
1747 3225 1887 3304 worden,
1912 3227 1990 3289 inne

1012 3425 1223 3486 uss-1159
1240 3423 1280 3504 ⁵).

471 3535 636 3602 Adrianus
652 3539 835 3621 episcopus,
852 3561 962 3604 servus
977 3560 1144 3604 servorum
1160 3540 1222 3616 dei,
1240 3539 1366 3603 dilectis
1382 3538 1463 3612 filiis,
1470 3533 1598 3622 V(itali)
1606 3535 1718 3600 abbati
1730 3547 1764 3600 et
1776 3531 1989 3622 [monallchis

312 3625 415 3688 sancti
439 3621 601 3711 Rulxolrii
623 3629 761 3691 salutem
785 3638 818 3692 et
841 3630 1057 3711 apostolicam
1080 3631 1354 3694 benedictionem.
1386 3627 1478 3708 Quot
1501 3628 1595 3702 mala,
1619 3636 1701 3708 quot
1724 3620 1912 3710 dispen[dia
1930 3623 1985 3712 et]‘

313 3714 484 3791 discordia,
509 3711 634 3802 qu[am]
660 3738 733 3780 cum
756 3720 922 3782 canonicis
945 3720 1061 3782 Pisane
1084 3719 1220 3782 ecclesie
1244 3739 1347 3800 usque
1363 3717 1405 3780 ad
1421 3717 1482 3780 hec
1497 3724 1649 3797 tempora
1663 3716 1831 3791 habuistis,
1856 3717 1990 3798 utrique

312 3804 396 3886 parti
412 3805 620 3885 pervenerint
637 3805 673 3888 ²),
696 3828 758 3871 vos
780 3809 841 3890 ipsi
870 3809 983 3872 melius
1007 3809 1207 3890 cognovistis
1222 3819 1255 3871 et
1270 3816 1447 3890 paupertas
1463 3805 1651 3868 monasterii
1666 3805 1773 3879 vestri,
1797 3825 1896 3887 quam
1913 3827 1990 3888 pre·

312 3893 454 3967 tenditis
477 3893 613 3959 deberet
634 3917 694 3960 vos
718 3897 759 3960 ab
783 3896 968 3961 huiusmodi
993 3899 1049 3961 lite
1072 3893 1314 3983 compesclerel.
1353 3895 1552 3977 Accepimus
1576 3905 1694 3970 autem,
1718 3894 1805 3956 unde
1821 3895 1990 3970 miramur,

313 3982 403 4063 quod
432 3981 651 4070 concordiell),
682 4006 746 4069 que
776 3987 942 4068 utriusque
964 3982 1090 4073 p[artis]
1124 4008 1284 4050 consensu
1312 3981 1382 4069 in(?)
1413 3991 1525 4048 nostra
1555 3984 1720 4065 presentia
1751 3978 1884 4068 [erelcta
1915 3983 1989 4060 fuit,

312 4081 398 4134 stare
426 4092 460 4135 re
483 4120 490 4135 .
515 4122 521 4135 .
547 4122 552 4135 .
578 4123 584 4136 .
609 4075 680 4138 tius.
727 4075 813 4156 Quia
835 4096 914 4139 vero
937 4071 1082 4163 s[ervis?]
1108 4078 1160 4140 dei
1184 4077 1310 4158 litigare
1341 4094 1408 4136 non
1442 4073 1603 4149 convenit,
1635 4073 1694 4135 sed
1725 4073 1933 4136 orationibus
1957 4080 1990 4136 et

312 4160 480 4244 obsequiis
504 4163 604 4225 divini
628 4209 957 4228 ...........
992 4167 1068 4243 [Per
1082 4167 1277 4250 apostolica]
1294 4164 1416 4245 scripta
1430 4161 1526 4226 vobis
1542 4161 1757 4244 precipiendo
1774 4162 1989 4239 mand[amus

314 4299 692 4316 .............
731 4252 841 4316 biliter
876 4254 1093 4334 obser[v]etis.
1144 4255 1303 4336 Alioquin
1334 4302 1340 4316 .
1366 4298 1373 4313 .
1397 4299 1405 4313 .
1428 4298 1435 4314 .
1460 4300 1467 4314 .
1493 4298 1531 4314 ..
1562 4299 1569 4314 .
1595 4298 1602 4313 .
1628 4301 1634 4314 .
1657 4298 1663 4312 .
1690 4247 1782 4332 .Ι..
1809 4299 1816 4314 .
1851 4261 1990 4316 maneat

313 4339 482 4422 impunita.
506 4375 548 4386 -
572 4343 640 4404 Dat
642 4389 842 4405 .......

474 4454 517 4504 Or.
537 4455 583 4504 Nr.
605 4456 663 4516 515,
679 4457 713 4506 im
730 4455 844 4506 Archivio
865 4457 998 4522 Caprlolare
1013 4473 1043 4505 uc
1063 4458 1127 4508 Pisa.

473 4527 543 4591 Pcrg.
562 4527 621 4586 irat,
640 4527 676 4576 br.
695 4529 765 4588 0,12,
784 4530 844 4594 lang
861 4531 945 4589 0,105,
970 4535 1044 4578 umen
1061 4532 1122 4589 0,02
1140 4527 1328 4594 umgeschlaguu
1353 4525 1431 4576 durch
1454 4525 1511 4574 ervei
1527 4525 1619 4574 L'o'cher
1632 4526 1694 4592 girrg
1711 4526 1748 4575 die
1765 4524 1872 4584 Schrrur,
1897 4524 1989 4574 welche

312 4595 358 4645 mit
374 4596 426 4646 dem
444 4597 568 4663 Blcr'rr'rgel
582 4600 696 4648 verloren.
734 4600 841 4666 Faltung
857 4601 900 4649 der
916 4602 1018 4650 Breven.
1055 4601 1101 4650 Die
1124 4600 1239 4650 Urkuude
1262 4600 1293 4650 ist
1316 4597 1393 4650 durch
1412 4596 1573 4664 Feuchtr'ghrit
1589 4599 1642 4662 nus
1655 4597 1699 4646 der
1716 4596 1810 4648 rechten
1831 4596 1988 4662 Urrtrrhdhlte

309 4685 373 4734 gans
389 4674 487 4719 ursthrt
502 4669 558 4718 und
572 4669 615 4719 hut
630 4671 694 4720 auch
711 4679 776 4722 ronst
792 4672 858 4722 stark
872 4674 974 4738 grlr'ttrn.
1311 4689 1313 4694 ·

1054 4849 1121 4925 Nr.
1153 4853 1239 4926 186.

312 4977 466 5043 Hadrian
490 4979 513 5042 J
520 4977 551 5042 V
572 4979 728 5063 bewilh'gt
755 4982 816 5047 der
845 4980 1117 5066 Kollegr'athr'rche
1149 4980 1219 5048 San
1245 4981 1407 5045 Fredr'ano
1431 4977 1470 5041 di
1494 4979 1600 5042 Lucra
1626 4977 1679 5042 dr'c
1715 4977 1985 5064 Verghnstr'gung,

311 5067 390 5132 dass
419 5065 573 5132 neemand
601 5066 635 5133 r'rt
665 5070 727 5134 den
758 5073 812 5137 ihr
842 5073 1076 5225 unterstclltcga
1077 5073 1253 5242 garizi}
1266 5067 1304 5134 K
1305 5069 1414 5135 irchcn
1444 5067 1524 5132 ohne
1560 5067 1632 5131 ihre
1665 5065 1909 5152 Eirnvr'llrguug
1934 5092 1983 5134 er·

866 5269 1076 5331 1157-1159
1092 5267 1168 5330 Mar·
1181 5269 1236 5329 24,
1274 5266 1423 5329 Lateran.

471 5399 635 5464 Adrianus
658 5403 841 5486 episcopus,
865 5424 975 5466 servus
998 5421 1164 5466 servorum
1188 5401 1249 5476 dei,
1279 5399 1405 5463 dilectis
1428 5397 1509 5474 filiis,
1542 5398 1654 5461 Vemo
1679 5397 1780 5478 priori
1803 5405 1837 5459 et
1868 5399 1985 5461 ceteris

470 5529 495 5584 a)
514 5527 689 5588 provenerint?
723 5564 761 5569 -
780 5527 816 5592 J)
835 5523 965 5588 Presbyter
990 5523 1123 5572 cardinalis
1147 5521 1184 5572 tit.
1204 5521 1293 5570 Calixti
1310 5522 1368 5570 oder
1384 5519 1409 5569 S.
1429 5517 1576 5584 Grisogoni.
1650 5521 1676 5584 2)
1694 5519 1827 5582 Presbyter
1846 5518 1982 5568 cardinalis

312 5599 348 5651 til.
366 5597 392 5649 S.
420 5598 574 5659 Anastasiae,
602 5597 659 5646 oder
685 5596 803 5646 Iohannis
830 5603 855 5644 et
881 5596 957 5658 Pauli,
984 5596 1041 5644 oder
1066 5593 1177 5642 Silvestri
1198 5599 1222 5642 et
1244 5593 1352 5642 Martini.
1459 5591 1486 5654 3)
1509 5592 1603 5649 Ohrrto,
1632 5589 1776 5653 Enbischos
1788 5605 1837 5638 vore
1855 5589 1981 5648 Mniluud,

314 5671 495 5719 1146-1166.
568 5667 597 5734 4)
621 5669 697 5734 Vergl.
714 5667 777 5717 auch
795 5668 831 5716 die
852 5665 912 5716 Urh.
929 5683 984 5716 uoru
1003 5667 1035 5715 22
1054 5665 1187 5729 September
1204 5667 1276 5716 1145.
1351 5666 1376 5730 5)
1396 5663 1449 5714 Zur
1475 5662 1683 5728 Zeithrstimmrmg
1700 5662 1765 5712 dicut
1781 5660 1819 5711 die
1840 5661 1900 5713 Urk.
1926 5678 1981 5710 vom

313 5744 328 5791 9
350 5742 508 5808 Jrrnt1156.
550 5741 628 5806 Vrrgl.
645 5741 683 5789 die
703 5740 762 5789 Urh.
781 5754 837 5789 vom
856 5741 871 5788 6
893 5739 953 5805 Juli
970 5739 1152 5788 rito-1176.
