4090 6358
303 315 346 379 26

301 505 343 567 de
367 501 505 580 Solaco,
538 503 620 566 sicut
650 522 710 585 per
741 501 916 568 iamdictos
946 501 1084 565 vicarios
1115 501 1285 565 definitum
1319 510 1386 577 est,
1417 522 1437 564 a
1466 507 1599 565 sanctae
1631 500 1744 565 Crucis
1774 501 1977 564 monasterio

301 594 409 674 quiete
433 596 465 656 in
489 600 685 676 perpetuum
710 592 880 675 possideri.
926 592 969 655 Et
992 612 1033 655 ne
1056 591 1213 674 deinceps
1237 591 1360 654 clamor
1382 591 1498 671 aliquis
1520 591 1677 666 audiatur,
1709 579 1978 653 corroboratione

301 685 481 765 praesentis
504 685 644 764 paginae
667 681 890 765 prohibemus

460 772 584 835 Datum
607 771 769 848 Laterani,
799 785 849 835 v11
872 771 949 833 Idus
972 769 1179 846 Novembris,
1210 789 1269 851 per
1300 789 1430 832 manum
1459 768 1619 842 Iohannis
1651 775 1782 830 sanctae
1805 770 1977 832 Romanae

300 861 458 925 ecclesiae
475 861 604 924 diaconi
628 881 666 925 ac
689 859 940 924 bibliothecarii.
972 859 1113 922 Annov
1137 859 1347 942 pontificatus
1371 851 1679 922 domni'Paschalis
1711 855 1895 922 Indictione
1918 871 1978 921 xit.

300 949 400 1012 Anno
425 951 611 1014 dominicae
634 952 863 1014 incarnationis
887 962 998 1012 MC1111.

460 1065 584 1130 Abschrr'st
600 1066 640 1114 des
658 1065 808 1114 illonasncon
827 1065 1016 1124 Berudicrinum,
1037 1063 1094 1114 MS.
1113 1065 1155 1113 lat.
1178 1065 1263 1113 12666
1274 1063 1325 1127 sol.
1348 1065 1417 1122 trib,
1437 1061 1462 1112 in
1481 1063 1523 1112 der
1541 1063 1603 1114 Bibl.
1622 1062 1750 1112 Nationale
1766 1079 1797 1110 zu
1818 1062 1897 1112 Pare.

1057 1502 1124 1577 Nr.
1156 1505 1217 1577 31.

301 1653 472 1719 Paschalis
490 1654 533 1718 II
545 1653 693 1738 bestdtigt
707 1654 769 1718 den
784 1653 925 1733 Bisclrof
933 1654 1086 1806 Largbert
1099 1674 1160 1717 von
1175 1653 1282 1805 Αννιέ
1298 1654 1331 1716 in
1348 1653 1471 1716 seinem
1487 1649 1582 1714 Amte
1601 1650 1671 1714 und
1681 1651 1794 1715 dessen
1808 1649 1979 1731 Hoclrstrst

923 1744 968 1806 im
1013 1741 1108 1808 esitae
1122 1744 1230 1807 seimr
1277 1748 1355 1806 riter.

916 1905 999 1966 1104
1023 1901 1122 1966 Mdrz
1135 1905 1165 1966 5.
1211 1903 1361 1966 Lateran.

458 2061 623 2126 Paschalis
640 2063 823 2146 episcopus,
840 2083 953 2126 servus
969 2083 1136 2126 servorum
1154 2063 1215 2139 dei,
1232 2058 1435 2148 ve[ne]rabili
1452 2064 1542 2127 fratri
1557 2063 1745 2138 Lamberto‚
1762 2060 1975 2126 Atrebatensi

300 2155 476 2235 episcopo,
513 2155 646 2232 eiusque
679 2152 923 2215 successoribus
955 2153 1109 2216 canonice
1140 2153 1386 2235 promovendis,
1420 2156 1451 2216 in
1484 2163 1688 2237 perpetuum.
1734 2151 1825 2216 Sicut
1862 2151 1976 2214 iniusta

299 2242 509 2325 poscentibus
534 2241 636 2305 nullus
661 2249 711 2304 est
734 2241 924 2305 tribuendus
947 2241 1092 2318 effectus,
1115 2243 1160 2304 sic
1185 2242 1345 2324 legittima
1368 2243 1622 2306 desiderantium
1645 2263 1711 2305 non
1729 2249 1778 2304 est
1794 2240 1977 2304 differenda

298 2333 426 2414 peticio.
472 2332 523 2394 Te
545 2333 655 2412 igitur,
681 2331 888 2394 dilectissime
911 2352 949 2395 ac
974 2332 1241 2394 reverendissime
1272 2332 1378 2408 irater,
1410 2352 1508 2413 quem
1543 2335 1574 2394 in
1599 2331 1812 2395 Atrebatensi
1836 2330 1975 2394 ecclesia

298 2422 512 2503 predecessor
528 2427 646 2496 noster,
666 2421 803 2484 domino
827 2422 1027 2497 restituente,
1051 2424 1227 2496 constituit,
1251 2441 1312 2484 nos
1328 2441 1460 2502 quoque
1477 2443 1550 2484 cum
1569 2422 1677 2497 divinq
1693 2420 1814 2484 favoris
1831 2420 1974 2502 presidio

297 2513 328 2573 in
353 2508 548 2593 episcopalis
572 2511 739 2592 dignitatis
762 2509 929 2574 functione
952 2509 1127 2573 firmamus.
1174 2507 1339 2592 Quicquid
1369 2519 1477 2574 autem
1510 2512 1659 2592 predicte
1691 2508 1826 2572 ecclesie
1859 2509 1975 2572 heatus

298 2599 465 2682 Remigius
489 2599 634 2674 contulit,
659 2599 811 2681 quicquid
834 2600 973 2680 antiquis
995 2599 1208 2681 temporibus,
1233 2600 1311 2662 dum
1336 2600 1515 2682 episcopali
1538 2601 1698 2681 dignitate
1722 2599 1870 2682 polleret,
1903 2618 1974 2661 eam

299 2690 469 2772 possidere
502 2689 713 2764 constituerit,
745 2686 842 2751 salvis
865 2688 1026 2771 legalibus
1060 2691 1214 2752 institutis
1245 2697 1277 2751 et
1301 2687 1450 2752 Romane
1484 2688 1621 2752 ecclesie
1653 2689 1838 2770 privilegiis
1870 2697 1974 2750 ratum

298 2778 356 2841 tibi
379 2799 418 2841 ac
433 2776 677 2841 successoribus
700 2779 764 2840 tuis
788 2798 981 2860 permanere
1004 2779 1173 2841 sancimus
1204 2778 1240 2840 ln
1258 2778 1375 2857 quibus
1393 2779 1585 2841 nominatim
1602 2777 1832 2840 confirmamus
1849 2776 1977 2859 prefate

299 2867 433 2930 ecclesie
455 2867 564 2930 villam
582 2867 707 2930 Maroel
732 2875 765 2929 et
780 2865 911 2930 Estrom
937 2877 970 2930 et
993 2868 1179 2932 molendina
1201 2867 1277 2944 duo,
1302 2867 1440 2930 alterum
1464 2869 1547 2930 intra
1568 2887 1694 2931 murum
1711 2866 1974 2938 Atrebatensem

299 2955 435 3019 alterum
454 2957 544 3038 quod
557 2955 714 3019 Escholol
731 2957 857 3032 dicitur,
874 2954 1052 3038 Squaviam
1070 2977 1144 3020 cum
1161 2964 1273 3019 monte
1289 2959 1393 3019 sancti
1404 2955 1508 3039 Eligii,
1524 2956 1635 3019 silvam
1652 2956 1754 3018 sancti
1770 2955 1976 3037 Leodegarii,

298 3045 566 3121 Rodulficurtem,
591 3046 714 3108 Medini
737 3044 856 3122 villam,
884 3055 1033 3109 sanctum
1059 3048 1244 3120 Martinum,
1268 3045 1413 3122 Valcurt,
1436 3046 1604 3122 Lambres,
1628 3047 1788 3108 decimam
1813 3043 1974 3118 laviniaci,

297 3135 389 3198 villas
414 3155 546 3217 quoque
569 3137 601 3198 in
618 3135 844 3198 cameracensi
868 3134 1058 3217 episcopatu
1082 3137 1284 3211 constitutas,
1308 3133 1438 3199 Orchos
1463 3144 1495 3198 et
1511 3133 1756 3208 Sambucetum,
1780 3153 1862 3214 quas
1885 3135 1973 3197 idem

299 3225 414 3288 beatus
442 3225 609 3306 Remigius
633 3245 676 3286 ex
699 3223 788 3287 dono
811 3224 1003 3301 Loudovici,
1031 3227 1117 3306 regis
1141 3223 1349 3302 Francorum,
1382 3225 1518 3288 contulit
1541 3227 1572 3287 in
1595 3224 1757 3288 alimoniis
1782 3222 1973 3286 clericorum

298 3313 511 3377 Atrebatensi
553 3313 692 3377 ecclesie
738 3322 771 3377 et
814 3321 1014 3377 testamento
1059 3333 1119 3377 suo
1159 3313 1309 3378 firmavit.
1369 3312 1586 3396 Quecumque
1630 3320 1779 3397 preterea
1817 3312 1907 3376 bona
1946 3313 1974 3373 in

299 3405 532 3485 presentiarum
565 3403 693 3485 prefata
724 3403 860 3466 ecclesia
890 3405 974 3466 iuste
1004 3405 1150 3487 possidet
1181 3405 1250 3466 sive
1280 3407 1312 3467 in
1343 3405 1485 3467 futurum
1522 3405 1736 3467 concessione
1772 3401 1973 3486 pontificum,

299 3493 492 3556 liberalitate
520 3493 703 3575 principum
728 3491 780 3555 vel
809 3492 976 3556 oblatione
1006 3492 1150 3556 fidelium
1182 3493 1265 3556 iuste
1295 3503 1328 3556 et
1358 3496 1515 3557 canonice
1547 3494 1667 3575 poterit
1696 3493 1849 3574 adipisci,
1882 3490 1974 3553 firma

298 3581 358 3644 tibi
382 3584 512 3662 tuisque
542 3581 784 3644 suecessoribus
815 3590 848 3644 et
879 3581 1004 3646 illibata
1033 3592 1255 3665 permaneant.
1301 3583 1516 3647 Decernimus
1547 3603 1634 3665 ergo,
1666 3590 1702 3644 ut
1733 3579 1807 3643 nulli
1840 3581 1972 3643 omnino

298 3669 467 3733 hominum
499 3671 602 3747 liceat,
636 3671 773 3734 eandem
807 3670 976 3735 ecclesiam
1010 3680 1134 3735 temere
1163 3672 1362 3754 perturbare,
1393 3681 1449 3735 aut
1481 3672 1548 3734 eius
1579 3672 1807 3755 possessiones
1840 3669 1972 3742 auferre,

298 3761 348 3823 vel
381 3760 506 3825 ablatas
538 3763 685 3836 retinere,
717 3762 864 3824 minuere
893 3761 944 3824 vel
975 3761 1156 3825 temerariis
1178 3762 1406 3825 vexationibus
1437 3760 1588 3843 fatigare,
1619 3762 1678 3823 sed
1710 3761 1819 3823 omnia
1850 3761 1976 3841 integra

300 3858 541 3924 conserventur,
564 3859 632 3914 tam
656 3849 726 3924 tuis,
751 3869 849 3930 quam
874 3851 1066 3914 clericorum
1091 3859 1124 3913 et
1148 3871 1329 3933 pauperum
1355 3851 1465 3914 usibus
1489 3849 1667 3933 profutura.
1713 3849 1865 3912 Preterea
1888 3848 1975 3912 beati

301 3936 438 4002 Preiecti
469 3941 620 4020 martyris
655 3939 902 4014 monasterium,
939 3940 1029 4021 quod
1062 3942 1093 4002 in
1128 3941 1336 4004 Betuniensis
1369 3940 1493 4004 castelli
1523 3941 1688 4002 territorio
1719 3936 1927 4021 parrochiam
1948 3935 1976 4019 ει)

300 4026 491 4090 Fuscharies
515 4030 612 4092 situm
637 4036 695 4104 est,
718 4028 780 4091 sub
803 4036 860 4091 tuo
884 4049 923 4091 ac
946 4048 1173 4092 successorum
1196 4038 1325 4093 tuorum
1343 4032 1411 4092 iure
1427 4051 1484 4092 seu
1501 4029 1715 4112 dispositione
1731 4030 1763 4090 in
1780 4034 1975 4110 perpetuum

301 4137 431 4180 manere
447 4120 619 4180 sancimus.
651 4117 694 4180 Et
710 4119 878 4199 proprium
896 4118 1059 4202 deinceps
1084 4118 1241 4200 largiente
1258 4119 1404 4194 domino,
1425 4118 1579 4182 abbatem
1596 4120 1688 4181 iuxta
1703 4117 1791 4181 beati
1806 4115 1976 4181 Benedicti

300 4207 443 4288 regulam
468 4205 590 4270 habere
606 4207 820 4281 decernimus,
845 4207 901 4288 qui
917 4207 959 4270 ab
975 4209 1134 4290 episcopo
1151 4207 1364 4271 Atrebatensi
1388 4208 1649 4271 benedictionem
1673 4207 1821 4289 accipiat.
1852 4201 1888 4268 Si
1914 4225 1975 4288 qua

299 4315 377 4358 sane
391 4295 610 4359 ecclesiastica
621 4295 814 4358 secularisve
825 4315 975 4378 persona,
991 4295 1076 4359 hanc
1092 4305 1204 4360 nostre
1220 4299 1461 4361 constitutionis
1477 4299 1630 4380 paginam
1647 4297 1759 4372 scienS,
1777 4304 1892 4358 contra
1904 4313 1974 4358 eam

299 4393 424 4447 temere
447 4388 558 4448 venire
580 4385 796 4467 temptaverit,
830 4385 976 4449 secundo
1006 4388 1152 4450 terciove
1184 4390 1398 4463 commonita,
1429 4391 1455 4450 si
1488 4406 1554 4448 non
1586 4386 1808 4450 satisfactione
1832 4402 1975 4467 congrua

300 4474 533 4548 emendaverit,
556 4477 730 4557 potestatis
745 4472 945 4556 honorisque
960 4477 1009 4538 sui
1027 4475 1187 4557 dignitate
1203 4485 1320 4552 careat,
1345 4494 1501 4556 reamque
1517 4495 1553 4539 se
1568 4476 1680 4538 divino
1696 4476 1817 4538 iudicio
1835 4476 1975 4536 existere

300 4563 342 4625 de
366 4570 554 4645 perpetrata
577 4564 744 4645 iniquitate
768 4573 954 4644 cognoscat,
980 4573 1012 4626 et
1035 4585 1054 4627 a
1077 4565 1297 4628 sacratissimo
1321 4586 1461 4649 corpore
1484 4584 1523 4627 ac
1546 4565 1701 4647 sanguine
1725 4564 1777 4626 dei
1794 4571 1828 4625 et
1843 4561 1974 4634 domini,

300 4652 520 4734 redemptoris
544 4653 644 4715 nostri
667 4651 762 4715 Ihesu
787 4651 914 4728 Christi,
942 4653 1133 4728 alienafiat,
1165 4663 1264 4735 atque
1288 4657 1319 4717 in
1344 4665 1495 4718 extremo
1519 4655 1669 4717 examine
1692 4655 1840 4717 districte
1864 4651 1973 4716 ultioni

299 4741 475 4804 subiaceat.
531 4741 661 4804 Cunctis
704 4751 829 4817 autem,
870 4743 978 4805 eidem
1021 4742 1097 4806 loco
1131 4745 1214 4806 iusta
1253 4746 1476 4820 servantibus,
1519 4745 1561 4805 sit
1606 4763 1673 4826 pax
1713 4742 1834 4805 domini
1874 4740 1974 4804 nostri

300 4830 395 4893 lhesu
412 4828 541 4904 Christi,
566 4833 715 4912 quatinus
738 4839 772 4893 et
795 4829 848 4894 hic
864 4831 1003 4896 fructum
1028 4832 1116 4895 bone
1132 4834 1267 4896 actionis
1285 4835 1466 4917 percipiant
1482 4839 1515 4896 et
1530 4832 1619 4914 apud
1636 4833 1815 4894 districtum
1833 4831 1974 4894 iudicem

300 4922 426 5003 premia
458 4927 569 4982 eterne
599 4922 689 5003 pacis
721 4923 893 4984 inveniant.
939 4920 1061 4984 Amen.
1094 4957 1138 4968 —-
1168 4920 1332 5006 Scriptum
1365 4943 1426 5006 per
1456 4942 1587 4985 manum
1618 4921 1776 4996 Rainerii‚
1811 4920 1974 4992 scriniarii,

299 5011 473 5091 regionarii
496 5017 530 5072 et
552 5013 669 5072 notarii
693 5013 775 5073 sacri
800 5010 922 5093 palatii.

459 5098 582 5162 Datum
598 5098 759 5175 Laterani,
783 5115 821 5163 111
836 5098 950 5164 Nonas
966 5100 1083 5176 Martii,
1107 5119 1166 5182 per
1189 5119 1320 5163 manum
1345 5101 1481 5180 Equicii,
1506 5102 1634 5183 agentis
1653 5102 1757 5163 vicem
1784 5097 1973 5162 cancellarii.

298 5187 481 5251 indictione
495 5203 555 5252 ΧΠ.
601 5188 836 5253 Incarnationis
860 5190 1026 5253 dominice
1050 5210 1136 5253 anno
1157 5201 1270 5254 Mclnl.
1315 5187 1526 5254 Pontificatus
1549 5199 1659 5253 autem
1681 5189 1794 5252 domni
1813 5187 1973 5252 Paschalis

299 5277 432 5340 secundi
456 5298 543 5361 pape
566 5291 598 5341 V.

457 5393 581 5460 Absclm'ft
597 5409 651 5444 vom
667 5395 699 5444 13
713 5394 806 5460 Jahrb.
826 5393 867 5443 des
888 5391 997 5444 elanus.
1016 5393 1129 5454 Atrebas,
1150 5391 1206 5442 MS.
1219 5395 1262 5442 lat.
1280 5395 1372 5455 17737,
1384 5395 1434 5458 fol.
1448 5393 1505 5455 55¹³,
1525 5395 1551 5443 r'n
1570 5393 1612 5444 der
1624 5393 1686 5444 Bibl.
1705 5393 1875 5443 Nationaleau
1897 5389 1971 5443 pant.

459 5575 484 5640 n)
511 5573 582 5622 Wokl
596 5579 619 5622 el
639 5573 663 5622 in
682 5573 815 5638 parrochia
833 5589 863 5621 au
881 5575 951 5622 leam.
