4090 6358
1072 476 1140 552 Nr.
1172 478 1233 550 35.

318 630 482 696 Honorius
498 630 542 694 II
552 629 702 712 heste'z'tr'gt
714 627 787 691 dem
805 626 942 711 Kapitel
952 648 1013 691 von
1029 626 1090 691 Sr-
1102 623 1285 690 Vr'ncent'de
1300 625 1410 689 Senlr‘s
1424 626 1511 688 seim
1530 624 1631 689 Ghter
1646 625 1714 689 und
1726 625 1781 687 die
1796 622 1984 707 Augrcstimr

729 716 832 801 Regel
844 717 914 781 und
926 719 1044 781 nimmt
1056 738 1091 780 es
1107 717 1140 780 in
1160 715 1391 800 apostolischen
1407 714 1525 778 Schutz
1543 718 1581 796 ¹).
2034 713 2041 721 '⁴

906 854 991 915 1125
1009 849 1155 914 Fehruar
1169 852 1217 912 11.
1251 850 1402 913 Lateran.

478 1003 642 1068 Honorius
674 1004 860 1087 episcopus,
890 1023 1001 1066 servus
1033 1020 1201 1065 servorum
1226 999 1287 1073 dei,
1322 999 1450 1063 dilectis
1482 999 1512 1062 in
1544 1002 1681 1063 domino
1714 999 1794 1074 liliis,
1828 996 1983 1062 Balduino
2035 1019 2041 1078 ῃ

318 1093 429 1157 abbati
452 1101 484 1156 et
508 1092 629 1157 clericis
659 1095 693 1157 in
725 1093 862 1156 ecclesia
892 1094 996 1155 sancti
1019 1091 1200 1165 Vincencii,
1225 1110 1289 1171 que
1319 1089 1350 1151 in
1381 1090 1539 1153 suburbio
1571 1088 1807 1154 Silvanectensi
1841 1089 1903 1150 sita
1934 1095 1983 1161 est
2034 1133 2041 1170 2

318 1182 499 1265 regularem
530 1184 630 1246 vitam
664 1182 837 1265 professis,
878 1190 945 1245 tam
977 1180 1184 1264 presentibus
1215 1199 1313 1260 quam
1353 1179 1481 1253 suturis,
1518 1179 1550 1242 in
1582 1187 1787 1261 perpetuum.
1842 1175 1899 1239 Ad
1930 1175 1983 1238 hoc
2034 1223 2041 1259 3

317 1273 506 1335 universalis
536 1272 671 1335 ecclesie
704 1292 780 1334 cura
812 1271 907 1335 nobis
938 1294 957 1335 a
987 1272 1158 1353 provisore
1189 1271 1334 1332 omnium
1370 1268 1532 1331 bonorum
1564 1268 1629 1330 deo
1660 1269 1837 1331 commissa
1868 1274 1927 1342 est,
1959 1273 1985 1328 ut
2036 1314 2041 1347 Ξ

317 1360 484 1444 religiosas
508 1360 679 1444 diligamus
702 1381 859 1444 personas
883 1370 916 1424 et
931 1360 1204 1442 beneplacentem
1221 1358 1285 1420 deo
1301 1355 1491 1440 religionem
1508 1359 1699 1420 studeamus
1716 1357 1824 1420 modis
1840 1355 1984 1418 omnibus
2035 1401 2041 1439 ,

317 1471 515 1533 propagare;
540 1471 600 1514 nec
620 1452 706 1514 enim
731 1451 795 1513 deo
819 1459 929 1532 gratus
952 1449 1130 1530 aliquando
1154 1446 1327 1510 famulatus
1349 1447 1556 1530 impenditur,
1580 1447 1703 1509 nisiex
1727 1446 1868 1508 caritatis
1885 1446 1984 1508 radice
2036 1492 2041 1528 Ξ

316 1540 501 1622 procedens
532 1562 552 1603 a
584 1540 724 1622 puritate
761 1539 924 1621 religionis
961 1538 1056 1602 fuerit
1087 1545 1307 1601 conservatus.
1364 1533 1577 1619 Quapropter
1616 1536 1747 1611 vestris,
1788 1537 1819 1598 in
1859 1535 1984 1597 domino
2035 1581 2041 1616 ,

317 1629 471 1692 carissimi
485 1627 547 1704 lilii,
559 1629 650 1692 iustis
666 1629 879 1712 petitionibus
895 1649 1060 1692 assensum
1074 1627 1259 1710 prebentes,
1273 1625 1444 1689 ecclesiam
1457 1625 1544 1688 beati
1555 1625 1726 1689 Vincencii
1741 1623 1984 1688 Silvanectensis
2037 1669 2041 1707 ἰ

318 1721 349 1780 in
384 1718 494 1782 alodio
528 1719 626 1800 regali
649 1739 669 1781 a
693 1737 770 1800 rege
793 1718 994 1782 Francorum
1017 1717 1144 1799 Philipo
1161 1717 1188 1795 ²)
1219 1724 1253 1778 et
1284 1723 1387 1778 matre
1418 1735 1476 1778 sua
1500 1715 1597 1778 Anna
1613 1714 1639 1795 ³)
1673 1714 1855 1790 fundatam,
1888 1712 1985 1776 multis
2037 1760 2041 1796 ·:

318 1808 578 1889 possessionibus
600 1807 749 1871 dotatam
773 1816 805 1870 et
823 1810 910 1871 omni
926 1807 1066 1871 libertati
1082 1807 1124 1870 ad
1140 1807 1239 1868 instar
1255 1805 1465 1868 ecclesiarum
1483 1804 1675 1887 regularium
1693 1810 1805 1866 sancte
1823 1801 1984 1866 Genoveie
2039 1849 2041 1886 3

316 1896 503 1959 Parisiensis
517 1899 688 1977 sanctique
704 1896 895 1960 Trambaldi
908 1895 1161 1961 Silvanectensis
1173 1895 1330 1958 donatam
1346 1893 1569 1976 cognovimus,
1581 1892 1713 1957 —hanc
1729 1901 1838 1956 autem
1856 1893 1985 1957 ecclesia
2039 1967 2041 1974 Α

314 1985 512 2068 negligencia
544 1985 764 2050 habitancium
799 1986 841 2050 ad
874 2007 1036 2050 summam
1069 1986 1197 2068 penitus
1228 1985 1391 2048 miseriam
1422 1983 1693 2046 deductam—in
1717 1991 1868 2065 tempore
1893 1985 1985 2045 nostri
2037 2029 2041 2044 .

314 2076 519 2158 apostolatus
543 2074 637 2139 oculo
661 2077 793 2159 pietatis
817 2085 850 2139 et
874 2075 1097 2139 misericordie
1122 2073 1338 2156 respicientes,
1370 2073 1432 2136 sub
1464 2071 1579 2136 tutella
1602 2072 1690 2136 beati
1715 2072 1801 2135 Petri
1825 2081 1859 2134 et
1883 2081 1986 2135 nostra

314 2165 507 2247 suscipimus
531 2172 564 2228 et
578 2163 646 2241 has,
671 2186 751 2248 quas
768 2167 851 2229 iuste
869 2166 1005 2240 obtinet,
1029 2173 1065 2227 ut
1080 2183 1211 2246 semper
1228 2163 1385 2238 obtineat,
1401 2161 1577 2237 libertates
1601 2165 1795 2225 auctoritate
1812 2161 1985 2246 apostolice

314 2254 481 2338 dignitatis
504 2253 743 2342 confirmamus,
768 2256 919 2336 quatinus
942 2254 1058 2317 eadem
1083 2253 1221 2316 ecclesia
1245 2255 1277 2315 in
1301 2254 1391 2315 omni
1407 2250 1558 2315 libertate
1574 2272 1649 2314 cum
1665 2251 1828 2327 domibus,
1853 2251 1985 2314 claustro

315 2352 347 2405 et
370 2347 453 2408 atrio
482 2350 674 2427 permaneat
696 2353 729 2407 et
762 2353 886 2408 uttam
911 2345 1138 2427 possessiones
1166 2349 1199 2405 et
1221 2342 1318 2418 bona,
1348 2361 1448 2421 quam
1480 2341 1590 2404 clerici
1622 2350 1655 2404 et
1687 2341 1864 2404 servientes
1896 2349 1986 2424 atque

314 2432 465 2509 scolares
496 2433 551 2516 qui
583 2433 625 2496 ad
656 2433 704 2495 ius
736 2433 863 2516 prefate
895 2433 1033 2496 ecclesie
1065 2433 1230 2514 pertinere
1263 2440 1449 2506 noscuntur,
1480 2431 1541 2494 sub
1575 2431 1677 2512 ipsius
1707 2430 1844 2494 ecclesie
1877 2429 1984 2513 prelati

314 2531 477 2605 potestate
500 2524 679 2586 consistant
707 2530 740 2586 et
764 2524 806 2587 ab
830 2524 875 2586 eis
905 2522 1104 2596 oblaciones,
1132 2521 1278 2584 decimas
1302 2529 1335 2584 et
1358 2541 1474 2583 omnes
1498 2521 1547 2582 sui
1570 2519 1644 2582 iuris
1667 2521 1815 2583 redditus
1839 2528 1984 2603 repetens

314 2611 420 2675 officia
443 2610 689 2688 christianitatis
713 2613 860 2676 eiusdem
884 2611 1022 2676 ecclesie
1046 2611 1154 2674 clerici
1178 2609 1317 2674 honeste
1334 2630 1372 2673 ac
1393 2610 1607 2692 solempniter
1630 2610 1783 2673 omnibus
1800 2611 1984 2694 impendere

313 2701 476 2779 studeant,
499 2701 530 2764 in
554 2701 670 2765 eadem
696 2704 798 2765 eciam
822 2701 969 2776 ecclesia,
993 2709 1028 2763 ut
1051 2701 1159 2765 clerici
1188 2700 1351 2782 regulares
1379 2700 1441 2763 sub
1470 2698 1673 2781 prefessione
1705 2700 1794 2763 beati
1817 2700 1984 2782 Augustini

315 2791 549 2874 perpetualiter
579 2791 644 2854 deo
676 2789 877 2867 deserviant,
910 2791 1118 2874 precipimus.
1164 2791 1208 2853 Et
1241 2810 1282 2852 ne
1314 2790 1387 2871 quis
1418 2790 1526 2870 ipsum
1558 2789 1709 2852 ordinem
1737 2791 1911 2852 immutare
1940 2787 1985 2852 vel

316 2880 498 2943 disturbare
522 2889 697 2963 presumat,
728 2881 789 2944 sub
812 2879 1021 2943 anathemate
1043 2879 1275 2944 interdicimus.
1308 2877 1421 2954 Porro,
1447 2897 1654 2960 quecumque
1678 2879 1888 2942 concessione
1912 2899 1985 2962 pon·

314 2968 445 3044 tificum,
475 2968 634 3033 liberalite
657 2989 779 3051 regum,
811 2969 980 3051 largitione
1004 2969 1195 3052 principum,
1227 2965 1395 3032 oblatione
1418 2966 1562 3030 fidelium
1585 2975 1642 3030 aut
1665 2967 1734 3031 aliis
1763 2967 1853 3031 iustis
1886 2969 1986 3032 modis

315 3058 552 3140 presentialiter
574 3059 752 3142 possidetis
773 3059 841 3122 sive
864 3061 895 3121 in
919 3058 1061 3122 futurum
1086 3060 1291 3138 iuste·atque
1307 3057 1462 3120 canonice
1478 3056 1653 3139 acquirere,
1678 3058 1814 3121 domino
1836 3058 1986 3131 donante,

315 3148 473 3230 poteritis,
497 3147 606 3228 quieta
629 3147 722 3210 vobis
746 3155 779 3211 et
802 3150 994 3213 inconcussa
1017 3155 1231 3230 permaneant
1255 3193 1454 3210 .......

474 3240 598 3300 Datum
610 3236 773 3314 Laterani,
790 3258 848 3320 per
865 3258 995 3301 manum
1008 3235 1174 3312 Aimerici,
1186 3245 1298 3300 sancte
1308 3237 1460 3299 Romane
1477 3234 1612 3298 ecclesie
1630 3235 1757 3298 diaconi
1774 3237 1946 3299 cardinalis
1958 3241 1987 3298 et

315 3325 508 3389 cancellarii.
532 3341 570 3389 111
584 3326 661 3389 Idus
677 3327 856 3390 Februarii.
880 3327 1119 3391 indictionem.
1149 3326 1384 3390 Incarnationis
1401 3324 1563 3387 dominice
1579 3345 1663 3388 anno
1681 3324 1986 3389 millesimocxxlln.

317 3414 530 3479 Pontificatus
553 3424 662 3479 autem
687 3417 799 3479 domui
822 3415 959 3480 Honorii
982 3416 1116 3480 secundi
1141 3436 1228 3499 pape
1252 3437 1336 3478 anno
1359 3415 1477 3498 primo.

474 3529 598 3594 Absehrifl
613 3546 668 3580 vom
689 3531 770 3596 Jahre
784 3531 858 3590 1424,
876 3530 909 3580 im
929 3531 1222 3596 Departemmealarchive
1238 3547 1268 3580 au
1287 3530 1414 3580 Benuvar's.

476 3601 507 3651 In
525 3602 577 3651 dem
591 3601 698 3670 gler'chen
716 3603 819 3652 Archiae
840 3603 946 3668 hefinden
963 3602 1013 3651 sich
1037 3603 1101 3651 auch
1118 3603 1177 3651 noch
1195 3603 1254 3652 zwer'
1268 3603 1361 3650 auehere
1379 3602 1471 3666 Kopien
1494 3617 1541 3650 vore
1562 3601 1764 3665 Papslurhuerden
1775 3601 1829 3664 sie'r
1846 3603 1892 3650 das
1905 3600 1988 3664 gleichr

315 3674 381 3738 Stist,
401 3674 450 3722 eine
467 3674 582 3722 Imrocerra
600 3673 700 3723 Ilvam
718 3677 734 3723 9
754 3674 886 3723 November
904 3676 968 3724 1131
989 3675 1044 3722 und
1059 3674 1108 3723 eine
1126 3675 1226 3740 Eugens
1246 3674 1294 3722 ΙΙΙ
1304 3690 1358 3722 vom
1378 3677 1394 3720 6
1413 3673 1469 3722 Mai
1489 3675 1562 3722 1147.
1606 3674 1684 3738 Vergl.
1704 3672 1843 3722 Inveneaire
1861 3671 1988 3722 Sommar're

315 3745 343 3794 de
359 3745 434 3795 lOire
448 3752 475 3811 p.
495 3747 551 3794 117.
587 3745 650 3794 Eine
666 3760 888 3812 vormgegangene
910 3745 1028 3796 Urhunde
1052 3746 1144 3796 Calirts
1162 3745 1191 3794 ΙΙ
1204 3746 1314 3796 theudori
1330 3745 1386 3794 und
1405 3743 1483 3812 Jaffe',
1503 3747 1561 3810 Reg.
1580 3748 1658 3794 4941.

1072 4137 1139 4211 Nr.
1169 4140 1232 4211 36.

317 4287 479 4352 Honorius
496 4287 540 4351 II
555 4288 672 4351 nimmt
693 4287 754 4350 den
772 4285 1094 4352 Kanomherhonvent
1113 4307 1174 4351 von
1190 4286 1303 4350 Narni
1323 4290 1356 4351 in
1377 4289 1608 4373 apostolisehen
1623 4287 1741 4352 Schutz
1756 4287 1829 4351 und
1841 4287 1991 4370 bestatrgt

920 4377 1007 4442 seine
1025 4375 1127 4440 Gr'e'ter
1139 4376 1208 4440 und
1222 4376 1339 4441 Rechte
1354 4379 1394 4459 ⁴).

930 4513 1015 4574 1129
1030 4509 1133 4594 April
1143 4512 1191 4574 10.
1226 4510 1377 4576 Lateran.

477 4643 643 4707 Honorius
676 4645 861 4728 episcopus,
892 4665 1004 4710 servus
1034 4666 1202 4709 servorum
1234 4645 1295 4721 dei,
1327 4645 1454 4710 dilectis
1485 4645 1569 4722 filiis,
1603 4647 1790 4731 Pomponio
1822 4647 1923 4728 priori
1954 4665 1989 4706 ac

318 4735 455 4796 caeteris
479 4735 641 4796 canonicis
665 4734 823 4799 ecclesiae
838 4738 943 4800 sancti
959 4735 1127 4812 luvenalis,
1151 4744 1218 4798 tam
1235 4737 1460 4817 praesentibus
1476 4756 1575 4816 quam
1590 4736 1714 4811 futuris,
1738 4739 1770 4798 in
1787 4743 1989 4818 perpetuum.

318 4819 458 4903 Quoties
488 4821 566 4885 illud
590 4824 726 4887 anobis
751 4825 893 4907 [petitur,
925 4826 1027 4908 quod]
1052 4826 1231 4889 secundum
1257 4827 1416 4888 rationem
1442 4826 1602 4909 pertinere
1633 4827 1851 4909 cognoscitur,
1883 4825 1989 4886 animo

318 4933 379 4975 nos
403 4911 499 4974 decet
522 4911 637 4976 libenti
660 4914 845 4978 concedere
869 4923 902 4978 et
923 4923 1071 4998 optatum
1093 4915 1250 4997 impertiri
1265 4915 1464 4998 suffragium.
1503 4915 1658 4995 ideoque,
1682 4914 1791 4978 dilecti
1807 4915 1839 4976 in
1856 4913 1989 4977 domino

318 4999 383 5076 filii,
405 5001 519 5064 vestris
543 5001 789 5067 rationabilibus
813 5003 1089 5086 postulationibus
1113 5012 1299 5078 annuentes,
1323 5012 1464 5068 vestram
1481 5004 1695 5068 Narniensem
1716 5003 1819 5068 sancti
1835 5001 1990 5065 luvenalis

319 5089 490 5155 ecclesiam
520 5091 608 5155 beati
633 5091 720 5156 Petri
752 5095 959 5176 protectione
990 5095 1161 5156 munimus.
1207 5091 1404 5168 Statuentes‚
1437 5101 1481 5169 ut,
1512 5113 1736 5174 quascumque
1760 5093 1990 5175 possessiones,

1977 5199 1986 5224 0

2039 4355 2041 4400 l

481 5339 505 5404 1)
524 5341 572 5390 Die
583 5341 708 5406 Abschrrfl
716 5342 791 5392 dieser
805 5341 921 5392 Urhunde
939 5341 1058 5392 verdanhe
1070 5339 1109 5389 ich
1120 5341 1205 5390 Herm
1216 5340 1340 5389 Archivar
1357 5341 1389 5390 E.
1407 5341 1429 5391 C
1428 5339 1556 5390 ricard-L
1562 5357 1579 5390 u
1581 5357 1617 5407 ys
1634 5358 1664 5390 su
1676 5341 1804 5392 Bemmari.
1889 5344 1916 5400 2]
1937 5339 1990 5390 Phi·

316 5412 399 5477 hppl,
419 5412 451 5460 K
449 5429 506 5478 orug
521 5429 569 5462 vore
586 5412 742 5473 Franhreich,
763 5415 947 5474 rouo-1108,
965 5413 1018 5462 hier
1027 5411 1096 5476 fehlt
1112 5415 1163 5462 also
1181 5413 1218 5461 die
1235 5411 1402 5472 Memoratien,
1421 5412 1458 5461 die
1475 5413 1532 5461 aber
1547 5412 1665 5462 viellcicht
1681 5429 1732 5462 nur
1748 5414 1775 5462 in
1792 5414 1836 5462 der
1851 5413 1990 5463 verhiinten

317 5482 444 5548 Abschrr'ft
465 5484 630 5551 weggehh‘eben
654 5484 690 5534 rit.
810 5487 837 5550 3)
856 5486 930 5534 Anna
937 5521 944 5545 ,
975 5485 1074 5533 Tochter
1101 5484 1239 5550 Jarosloews
1264 5499 1312 5532 von
1335 5483 1473 5542 Russlm,
1506 5485 1634 5534 Gernahh'n
1661 5484 1825 5535 Ihhrriehsl
1846 5484 1890 5534 seit
1917 5486 1990 5533 1051.

319 5557 346 5617 4)
366 5556 413 5604 Dr'e
429 5557 553 5622 Abschnfl
574 5557 649 5606 dieser
669 5556 786 5607 Urhunde
808 5557 929 5606 verdenke
952 5555 989 5604 ich
1012 5557 1089 5605 durch
1113 5557 1196 5622 ghtige
1219 5556 1389 5621 Vermittelung
1411 5556 1455 5604 der
1477 5555 1573 5606 Herren
1590 5557 1675 5606 Baron
1698 5557 1728 5606 A.
1748 5555 1822 5606 Sami
1845 5557 1900 5606 md
1926 5555 1994 5620 Graj

321 5628 348 5676 P.
369 5627 492 5677 Manassen·
509 5629 561 5678 dem
584 5629 643 5676 Can.
664 5629 721 5678 Don
739 5629 826 5677 Remea
839 5627 965 5693 Fagiolr'
982 5627 1007 5676 in
1026 5627 1115 5677 Numi.
1127 5655 1159 5664 -
1176 5627 1325 5677 Cathedrah‘s
1343 5627 1486 5677 Narniensis
1503 5627 1597 5694 citoque
1615 5628 1717 5692 capituli
1732 5636 1754 5678 et
1770 5629 1939 5679 canonicorum
1950 5634 1990 5676 erc.

318 5715 382 5748 mon.
411 5699 496 5749 Numi
514 5702 590 5759 1770,
606 5707 632 5764 p.
654 5703 677 5749 6.
721 5701 806 5764 herge,
822 5697 901 5764 Jaffe',
919 5703 978 5766 Reg.
999 5701 1069 5750 3444
1088 5701 1144 5750 und
1159 5699 1195 5748 die
1217 5698 1334 5749 Urkunde
1350 5714 1404 5750 vom
1423 5701 1457 5750 29
1480 5697 1577 5750 October
1594 5702 1670 5750 1139.
