4126 6356
305 317 368 394 136

303 501 482 565 Salvatoris
505 521 661 563 concessa
685 509 743 577 est,
767 521 840 562 cum
866 499 1017 564 omnibus
1037 501 1102 562 suis
1123 500 1334 582 pertinentiis,
1359 499 1504 561 decimas
1520 497 1616 560 etiam
1634 497 1676 560 de
1696 495 1796 560 fundo
1817 496 1979 560 Lovelleti

302 593 344 655 ad
369 592 507 654 eandem
531 591 702 652 ecclesiam
727 591 937 672 pertinentes,
965 591 1048 653 sicut
1070 593 1195 672 integre
1219 589 1425 652 habebantur
1448 608 1468 649 a
1490 586 1636 661 Casotto,
1666 586 1798 666 quando
1824 586 1979 648 refutavit

302 702 356 743 eas
380 683 413 743 in
438 701 533 743 manu
557 677 717 754 Landulfi,
741 680 957 742 Ferrariensis
980 682 1129 761 episcopi
1149 677 1181 762 ¹),
1210 677 1318 740 Murla
1341 698 1415 740 cum
1440 676 1592 740 omnibus
1615 677 1681 739 suis
1705 675 1916 757 pertinentiis,
1940 696 1980 737 ac

303 771 457 852 quicquid
482 769 607 832 habetis
630 767 793 850 Lungithe
816 776 849 830 et
866 765 1042 832 Guindelfo
1066 771 1134 830 sive
1149 767 1338 841 Collomari,
1363 787 1423 830 nec
1446 786 1519 840 non,
1544 768 1599 847 qui
1622 765 1739 828 dicitur
1758 766 1978 828 Parmuniano

301 862 370 922 sive
393 858 597 932 Coldisacco,
621 856 790 920 ecclesiam
814 857 915 919 sancti
937 858 1037 934 Pauli,
1061 878 1124 944 que
1147 865 1198 920 est
1219 858 1304 919 inter
1325 855 1434 918 villam
1460 852 1623 918 Oventani
1647 864 1680 918 et
1695 852 1810 916 Altum
1832 873 1977 936 passum,

303 968 377 1011 cum
401 948 551 1010 omnibus
575 948 616 1008 ad
642 949 748 1028 ipsum
772 945 879 1009 locum
904 947 1159 1028 pertinentibus
1195 948 1228 1009 in
1262 945 1401 1027 campis,
1432 947 1534 1020 terris,
1556 944 1665 1020 vineis,
1697 944 1806 1025 pratis,
1837 945 1979 1025 pascuis,

302 1037 407 1112 silvis,
439 1037 653 1110 molendiniS,
684 1036 863 1111 montibus,
894 1035 1047 1112 vallibus,
1080 1035 1291 1119 planitiebus,
1322 1034 1509 1116 paludibuS,
1541 1033 1788 1116 piscationibus
1819 1032 1914 1096 cultis
1945 1041 1980 1095 et

302 1126 437 1201 incultis,
469 1124 632 1207 hospitale
662 1126 705 1186 de
729 1123 859 1187 Cavena
890 1146 995 1208 prope
1026 1126 1165 1208 burgum
1196 1127 1301 1187 sancti
1326 1121 1453 1186 Genesii
1483 1124 1591 1199 situm,
1620 1142 1693 1185 cum
1726 1123 1880 1186 omnibus
1910 1124 1979 1184 suis

301 1215 512 1297 pertinentiis.
558 1215 660 1276 Porro
684 1215 828 1277 decimas
856 1215 898 1277 ab
927 1215 1080 1279 omnibus
1114 1213 1249 1297 ecclesie
1271 1221 1379 1297 vestre
1412 1211 1618 1294 parochianis
1650 1213 1731 1274 citra
1763 1231 1978 1293 personarum

301 1304 446 1367 omnium
470 1304 692 1366 infestationes
715 1302 810 1366 vobis
833 1306 1015 1383 vestrisque
1037 1304 1290 1378 successoribus
1321 1303 1352 1364 in
1385 1303 1499 1364 eadem
1533 1300 1689 1383 religione
1718 1301 1980 1383 persistentibus

301 1393 449 1476 accipere
484 1401 518 1455 et
555 1395 587 1455 in
618 1412 694 1454 usus
726 1394 901 1456 canonicos
931 1394 1119 1475 dispensare
1151 1393 1363 1456 concedimus
1396 1399 1429 1454 et
1461 1393 1621 1473 presentis
1652 1391 1775 1453 decreti
1806 1392 1980 1453 sanctione

301 1481 492 1546 stabilimus.
538 1480 667 1561 Equum
684 1483 770 1544 enim
787 1490 846 1557 est,
868 1490 903 1544 ut
927 1483 1045 1563 quibus
1061 1481 1240 1565 spiritualia
1254 1483 1430 1555 seminatis,
1447 1500 1559 1543 eorum
1576 1479 1718 1542 camalia
1734 1499 1807 1541 cum
1823 1480 1979 1561 apostolo

302 1572 439 1634 metatis
487 1568 642 1635 Obeunte
665 1591 743 1633 vero
765 1578 808 1645 te,
831 1592 918 1633 nunc
941 1573 1086 1635 eiusdem
1110 1571 1173 1634 loci
1196 1571 1313 1653 priore,
1337 1571 1389 1633 vel
1412 1579 1542 1632 tuorum
1568 1568 1719 1650 quolibet
1740 1588 1978 1644 successorum,

302 1660 406 1723 nullus
431 1660 475 1722 ibi
499 1660 645 1740 qualibet
668 1662 879 1742 surreptionis
902 1663 1020 1723 astutia
1043 1660 1094 1724 vel
1117 1661 1271 1723 violentia
1301 1667 1511 1742 preponatur,
1543 1658 1601 1721 nisi
1624 1677 1723 1738 quem
1748 1658 1862 1721 fratres
1886 1679 1978 1720 com·

303 1752 391 1813 muni
414 1769 573 1812 consensu
595 1749 647 1811 vel
671 1748 805 1812 fratrum
829 1769 904 1831 pars
928 1751 1052 1813 consilii
1075 1750 1219 1824 sanioris,
1242 1750 1423 1812 secundum
1447 1749 1501 1811 dei
1523 1749 1675 1810 timorem
1699 1747 1753 1810 vel
1775 1748 1819 1809 de
1841 1767 1902 1810 suo
1923 1746 1979 1810 vel

302 1839 344 1901 de
360 1838 474 1915 alieno,
497 1839 523 1901 si
547 1837 736 1920 expedierit,
759 1838 926 1924 discipline
950 1839 1106 1921 regularis
1130 1838 1270 1920 collegio
1295 1839 1498 1921 providerint
1520 1836 1722 1919 eligendum;
1747 1835 1835 1899 salva
1851 1836 1978 1900 Lucani

302 1929 451 2010 episcopi
475 1927 629 1991 canonica
651 1930 839 2002 reverentia,
862 1930 888 1990 si
914 1929 1047 2010 quidem
1071 1927 1248 1992 catholicus
1272 1926 1368 1990 fuerit
1391 1935 1424 1988 et
1439 1929 1578 2008 gratiam
1593 1933 1694 2007 atque
1709 1927 1978 1989 communionem

302 2016 483 2100 apostolice
506 2018 594 2079 sedis
616 2015 776 2091 habuerit,
800 2037 901 2098 aquo
917 2019 1066 2080 nimirum
1090 2020 1216 2092 crisma,
1240 2016 1350 2080 oleum
1366 2025 1524 2091 sanctum,
1548 2015 1811 2080 consecrationes
1826 2015 1978 2078 altarium

302 2127 359 2169 seu
383 2107 600 2180 basilicarum,
624 2106 844 2168 ordinationes
868 2106 1058 2169 clericorum
1083 2107 1257 2188 accipietis,
1280 2108 1306 2168 si
1332 2125 1370 2168 ea
1394 2106 1492 2188 gratis
1515 2112 1549 2167 et
1571 2104 1639 2167 sine
1662 2106 1823 2186 pravitate
1838 2105 1981 2167 voluerit

303 2195 474 2273 exhibere;
513 2195 656 2277 alioquin
687 2194 785 2259 liceat
814 2197 925 2272 vobis,
963 2217 982 2258 a
1013 2215 1223 2276 quocumque
1256 2194 1432 2258 malueritis
1463 2194 1627 2258 catholico
1658 2196 1826 2276 episcopo,
1858 2195 1979 2257 eadem

302 2293 505 2349 sacramenta
519 2285 692 2366 suscipere,
717 2286 781 2365 qui,
798 2284 978 2366 apostolice
1001 2285 1089 2348 sedis
1111 2284 1208 2348 fultus
1231 2287 1433 2361 auctoritate,
1464 2284 1554 2364 quod
1578 2282 1770 2365 postulatur,
1799 2283 1980 2365 indulgeat.

302 2373 375 2438 Nec
398 2376 505 2437 eidem
529 2374 687 2457 episcopo
715 2374 821 2448 liceat,
851 2375 959 2437 locum
983 2375 1090 2456 ipsum
1121 2383 1177 2436 aut
1207 2373 1322 2437 fratres
1345 2373 1530 2437 habitantes
1553 2372 1673 2436 ibidem
1704 2392 1766 2454 pro
1790 2380 1979 2435 nostrarum

302 2464 549 2527 concessionum
581 2462 776 2526 emulatione
808 2464 1092 2526 excommunicare
1118 2461 1171 2525 vel
1200 2464 1403 2538 interdicere,
1434 2464 1493 2526 nisi
1528 2482 1588 2545 pro
1622 2463 1718 2525 certis
1750 2460 1863 2542 culpis,
1894 2481 1979 2544 quas
2047 2505 2050 2510 -

301 2551 427 2639 (iiidem
451 2554 576 2628 fratres,
598 2553 753 2615 canonice
776 2553 942 2629 admoniti,
965 2554 1141 2616 emendare
1164 2561 1441 2634 contempserunt.
1481 2552 1638 2634 Baptismi
1662 2571 1755 2614 usum
1779 2553 1811 2612 in
1835 2551 1981 2615 sabbato

301 2651 416 2706 sancto
439 2649 653 2724 pentecosten
672 2643 699 2723 a)
715 2663 734 2704 a
750 2643 911 2723 preteritis
934 2643 1140 2724 temporibus
1163 2640 1304 2705 habituri
1322 2637 1360 2726 b),
1383 2644 1428 2704 ita
1443 2651 1551 2704 vestre
1571 2640 1707 2703 ecclesie
1731 2642 1980 2722 inperpetuum

303 2732 542 2806 confirmamus,
567 2739 602 2792 ut
625 2731 720 2793 nullis
737 2732 842 2812 possit
858 2731 1107 2795 emulationibus
1123 2730 1175 2793 vel
1189 2731 1311 2795 insidiis
1327 2730 1501 2812 prohiberi.
1539 2728 1627 2792 Sane
1642 2738 1762 2806 autem,
1785 2730 1812 2792 si
1830 2731 1980 2792 canonici

302 2822 405 2886 sancti
428 2820 558 2883 Martini
581 2823 672 2882 iuxta
696 2820 860 2901 antiquam
888 2821 1157 2884 consuetudinem
1182 2821 1223 2883 ad
1248 2820 1420 2883 ecclesiam
1440 2822 1544 2882 sancti
1561 2820 1703 2882 Fridiani
1720 2820 1754 2881 in
1769 2820 1825 2881 die
1846 2819 1980 2883 sabbati

302 2913 404 2974 sancti
426 2905 453 2993 c)
476 2917 690 2991 pentecosten
716 2929 776 2991 pro
801 2909 966 2990 baptismo
983 2909 1181 2974 celebrando
1204 2910 1314 2972 venire
1338 2909 1508 2984 noluerint,
1528 2907 1755 2971 nichilominus
1779 2907 1898 2971 eodem
1924 2910 1982 2971 die

304 3001 457 3081 baptismi
481 2998 670 3061 celebrandi
693 2998 857 3060 licentiam
882 2997 1040 3061 habeatis.
1085 2998 1173 3062 Nulli
1198 3008 1307 3062 autem
1331 2998 1523 3062 secularium
1547 3005 1748 3080 potestatum
1771 2996 1854 3060 infra
1877 3000 1981 3060 vestri

304 3089 435 3153 cenobii
458 3089 634 3151 claustrum
656 3086 754 3150 liceat
776 3087 943 3170 hospitari,
969 3108 1010 3152 ne
1032 3086 1167 3150 fratrum
1191 3088 1385 3170 regularium
1410 3089 1503 3168 quies
1526 3088 1713 3150 huiusmodi
1729 3089 1982 3168 presumptione

303 3180 460 3242 turbetur.
505 3175 603 3238 Nulla
627 3178 771 3258 quietern
794 3184 936 3240 vestram
960 3177 1206 3260 processionum
1230 3186 1286 3240 aut
1316 3177 1505 3240 letaniarum
1529 3177 1581 3239 vel
1611 3175 1852 3257 sepulturarum
1885 3185 1982 3239 extra

304 3276 445 3331 vestram
487 3265 675 3347 parochiam
715 3273 829 3328 contra
859 3274 1001 3328 vestram
1040 3268 1311 3330 consuetudinem
1352 3267 1523 3349 perturbet
1560 3266 1704 3328 indictio.
1756 3263 1982 3329 Parochianos

304 3367 440 3432 vestros,
465 3356 522 3419 nisi
546 3355 631 3417 forte
655 3355 789 3436 publico
814 3357 948 3418 crimine
971 3364 1150 3432 teneantur,
1175 3355 1288 3432 nullus,
1312 3357 1420 3418 invitis
1443 3355 1536 3419 vobis
1560 3364 1600 3418 et
1615 3354 1813 3428 inconsultis,
1844 3375 1981 3418 excom·

306 3449 470 3510 municare
493 3452 548 3507 aut
571 3445 614 3506 ad
644 3444 852 3526 penitentiam
884 3453 1053 3527 presumat
1083 3445 1264 3508 admittere.
1310 3443 1442 3507 Nullum
1473 3453 1655 3508 vestrorum
1688 3443 1982 3526 parrochianorum

306 3539 457 3619 cuiquam
488 3534 722 3596 monachorum
753 3533 932 3597 aliorumve
965 3534 1156 3598 clericorum
1180 3534 1276 3597 liceat
1307 3555 1423 3615 urgere
1461 3533 1513 3596 vel
1544 3541 1705 3596 mortuum
1743 3533 1884 3616 sepelire
1919 3555 1982 3596 nec

306 3628 405 3689 etiam
430 3626 460 3687 ei
484 3623 694 3705 penitentiam
719 3623 797 3686 dare
821 3624 947 3704 absque
970 3632 1080 3686 vestro
1108 3644 1278 3699 consensu,
1309 3631 1359 3685 set
1381 3644 1440 3685 vos
1471 3622 1533 3707 hec
1564 3625 1673 3686 omnia
1705 3631 1815 3704 preter
1845 3622 1982 3686 alicuius

305 3715 547 3778 infestationem
579 3710 673 3774 huius
696 3719 807 3797 sancte
830 3713 918 3774 sedis
951 3711 1023 3775 freti
1046 3715 1240 3775 auctoritate
1263 3714 1419 3794 peragite.
1467 3710 1596 3787 Oleum,
1626 3713 1754 3784 crisma,
1784 3730 1848 3793 que
1872 3721 1983 3775 vestra

306 3805 438 3884 antiqua
462 3802 698 3864 consuetudine
721 3801 822 3863 habet
852 3802 996 3875 ecclesia,
1030 3803 1161 3864 maioris
1191 3803 1330 3886 ecclesie
1362 3801 1467 3864 clerici
1500 3801 1562 3864 hac
1585 3801 1681 3864 vobis
1712 3801 1886 3864 occasione
1915 3823 1983 3864 non

305 3893 452 3958 auferant
474 3910 580 3970 neque
604 3889 740 3952 clericos
763 3898 889 3952 vestros
913 3892 1065 3953 ordinare
1089 3890 1294 3973 prohibeant.
1340 3891 1456 3953 Liceat
1478 3911 1611 3972 quoque
1634 3890 1738 3964 vobiS,
1768 3889 1907 3953 clericos
1940 3893 1983 3953 de

305 3983 417 4046 seculo
452 3980 612 4062 fugientes
644 3989 722 4061 post
749 3979 883 4061 petitam
908 3981 950 4042 ab
982 3982 1147 4062 episcopis
1174 3981 1239 4043 suis
1271 3981 1432 4042 licentiam
1465 3981 1507 4043 ad
1538 3982 1785 4043 conversionem
1816 3979 1984 4062 suscipere

307 4080 340 4135 et
363 4074 394 4134 in
418 4079 527 4133 vestro
552 4067 690 4150 collegio
714 4070 861 4132 retinere.
908 4068 1120 4131 Prohibemus
1145 4070 1251 4143 etiam,
1285 4077 1320 4132 ut
1342 4069 1447 4131 nullus
1472 4089 1627 4148 umquam
1650 4069 1880 4131 canonicorum
1905 4077 1985 4150 post

306 4161 427 4224 factam
453 4159 529 4222 inibi
553 4157 789 4238 professionem
814 4157 940 4236 absque
964 4157 1068 4220 libera
1091 4160 1206 4239 prioris
1231 4167 1264 4222 et
1294 4158 1428 4221 fratrum
1460 4158 1598 4233 licentia,
1629 4157 1770 4237 quandiu
1804 4160 1984 4221 canonicus

307 4251 351 4313 ibi
376 4250 460 4312 ordo
483 4246 670 4322 servabitur,
699 4245 871 4309 ecclesiam
896 4247 1048 4310 deserere
1070 4255 1104 4309 et
1126 4248 1168 4310 ad
1193 4247 1290 4310 alium
1317 4248 1460 4310 eiusdem
1485 4248 1536 4310 vel
1561 4247 1690 4310 alterius
1722 4247 1846 4309 ordinis
1870 4247 1984 4310 locum

306 4340 427 4402 audeat
450 4337 652 4420 pertransire.
699 4335 755 4397 Ad
788 4334 849 4420 hec
883 4335 1056 4411 adicimuS,
1089 4345 1126 4398 ut
1155 4337 1231 4398 nulli
1261 4335 1430 4399 hominum
1464 4335 1513 4399 fas
1545 4338 1595 4413 sit,
1629 4339 1661 4399 in
1684 4344 1792 4399 vestra
1825 4336 1985 4416 parochia

307 4428 434 4508 absque
465 4427 583 4508 prioris
614 4431 647 4487 et
678 4424 811 4487 fratrum
844 4445 977 4487 assensu
1008 4433 1109 4505 atque
1140 4428 1324 4488 coniventia
1355 4425 1524 4488 ecclesiam
1555 4425 1709 4488 edificare
1732 4424 1786 4487 vel
1817 4425 1985 4508 hospitale

308 4526 504 4580 construere.
550 4513 708 4576 Iudicium
732 4534 818 4589 sane,
849 4515 938 4593 quod
973 4515 1119 4577 eiusdem
1151 4515 1215 4577 loci
1246 4516 1337 4596 prior
1363 4515 1406 4577 de
1430 4515 1539 4594 aliquo
1563 4516 1709 4598 ipsorum
1733 4513 1870 4577 fratrum
1894 4535 1985 4578 com·

309 4609 397 4669 muni
428 4605 479 4667 vel
511 4603 646 4666 sanioris
680 4604 779 4684 partis
814 4603 950 4666 consilio
983 4602 1216 4666 rationabiliter
1247 4604 1378 4678 fecerit,
1412 4603 1487 4666 nulli
1521 4610 1696 4667 retractare
1727 4603 1780 4666 vel
1810 4603 1985 4667 immutare

308 4697 411 4770 liceat,
437 4693 527 4756 salva
550 4693 700 4753 nimirum
716 4693 748 4754 in
774 4693 923 4755 omnibus
945 4691 1128 4774 apostolice
1150 4694 1237 4756 sedis
1260 4693 1453 4756 auctoritate
1475 4701 1508 4756 et
1532 4695 1719 4757 reverentia.
1766 4692 1986 4756 Decernimus

309 4804 398 4866 ergo,
421 4791 457 4846 ut
479 4780 555 4844 nulli
580 4780 711 4843 omnino
735 4779 901 4844 hominum
927 4781 1031 4856 liceat,
1056 4781 1215 4863 prefatam
1247 4783 1418 4845 ecclesiam
1444 4833 1450 4846 .
1476 4833 1481 4845 .
1507 4833 1513 4846 .
1538 4784 1650 4847 usibus
1680 4783 1878 4847 omnimodis
1910 4805 1986 4866 pro-

309 4873 423 4937 futura.
469 4869 504 4934 Si
529 4891 594 4953 qua
618 4871 716 4951 igitur
740 4919 747 4932 .
773 4918 779 4931 .
804 4921 810 4933 .
836 4869 1113 4934 Conservantibus
1137 4881 1245 4934 autem
1264 4921 1270 4934 .
1289 4921 1295 4934 .
1312 4919 1319 4933 .
1336 4871 1506 4935 inveniant.
1546 4871 1664 4936 Amen.
1687 4872 1778 4935 A-m.
1803 4873 1926 4935 Amen.
1942 4911 1986 4920 —

522 4961 577 5038 (R)
601 4960 675 5040 Ego
699 4957 894 5022 Anastasius
918 4960 1078 5044 catholice
1102 4961 1238 5047 ecclesie
1262 4963 1438 5044 episcopus
1461 4982 1501 5023 ss.
1526 4961 1589 5041 (Μ)

523 5045 543 5130 †
567 5048 641 5130 Ego
662 5049 805 5112 Ymarus
828 5050 1031 5113 Tusculanus
1056 5050 1231 5133 episcopus
1253 5071 1294 5112 ss

523 5134 543 5219 †
566 5137 640 5219 Ego
662 5135 762 5219 Hugo
788 5137 948 5202 Ostiensis
971 5140 1146 5221 episcopus
1169 5160 1210 5203 ss.

522 5229 543 5306 †
566 5227 639 5309 Ego
663 5225 799 5290 Cencius
822 5230 1009 5291 Portuensis
1034 5236 1066 5291 et
1089 5237 1202 5291 sancte
1225 5227 1341 5312 Rufine
1365 5228 1540 5308 episcopus
1563 5245 1605 5288 ss
1631 5221 1677 5310 (8)

522 5353 566 5363 -
588 5315 608 5398 †
631 5317 705 5397 Ego
731 5314 907 5399 Gregorius
931 5318 1093 5399 presbiter
1117 5317 1286 5381 cardinalis
1310 5320 1357 5378 tit.
1382 5315 1500 5379 Calixti
1523 5334 1563 5377 ss

522 5405 543 5487 †
566 5404 638 5486 Ego
663 5401 773 5468 Guido
797 5407 959 5488 presbiter
982 5406 1151 5470 cardinalis
1175 5409 1222 5469 tit.
1247 5407 1348 5469 sancti
1373 5403 1547 5486 Grisogoni
1570 5423 1611 5466 ss.
1637 5401 1683 5490 (1)

523 5494 543 5576 †
566 5494 639 5577 Ego
663 5495 853 5559 Manfredus
877 5497 1039 5579 presbiter
1062 5496 1232 5559 cardinalis
1255 5499 1304 5559 tit.
1328 5503 1439 5558 sancte
1463 5494 1582 5558 Savine
1605 5513 1647 5555 ss.

470 5639 495 5703 a)
518 5637 552 5686 ob
569 5637 595 5686 in
616 5635 758 5701 ordnung?
780 5641 943 5700 pentecosten
962 5639 999 5686 atr
1020 5635 1127 5701 Genitis?
1241 5637 1267 5702 b)
1286 5637 1362 5687 besser
1378 5635 1515 5686 habiturum
1618 5636 1642 5700 c)
1662 5641 1749 5684 sancto
1771 5635 1850 5700 vergi.
1869 5635 1944 5684 Αηεκ.
1963 5651 1986 5683 n.

311 5749 362 5757 ,-
381 5711 418 5777 .ι)
439 5709 567 5776 hardulf,
586 5707 689 5774 Biscltos
704 5723 752 5758 von
771 5709 884 5768 finam,
906 5710 1086 5759 rior-1138.
1862 5709 1864 5712 ’
