4090 6358
1708 319 1749 390 35

68 490 306 566 commonitus
329 487 355 551 si
379 508 445 552 non
470 496 596 553 reatum
619 508 713 552 suum
737 509 881 572 congrua
903 489 1130 555 satisfactione
1154 492 1340 568 correxerit,
1363 495 1535 577 potestatis
1550 493 1750 579 honorisque

66 581 119 646 sui
143 580 306 664 dignitate
329 586 437 642 careat
459 598 617 660 reumque
639 597 676 642 se
692 577 801 641 divino
818 580 937 644 iudicio
953 581 1094 644 existere
1111 581 1153 644 de
1170 589 1359 664 perpetrata
1375 585 1545 665 iniquitate
1561 597 1749 670 cognoscat,

67 681 175 752 atque
205 673 238 734 in
270 675 421 734 extremo
452 669 604 731 examine
635 667 781 731 districte
812 669 925 733 ultioni
956 669 1133 734 subiaceat.
1181 669 1456 738 Conservantibus
1484 684 1594 739 autem
1616 679 1659 741 sit
1682 698 1751 760 pax

66 761 200 824 domini
223 760 327 824 nostri
350 757 423 821 Iesu
447 756 576 833 Christi,
607 764 767 838 quatenus
798 766 831 821 et
854 758 908 822 hic
932 759 1072 824 fructum
1102 760 1190 822 bone
1213 762 1350 824 actionis
1381 766 1565 848 percipiant
1595 775 1629 830 et
1659 769 1749 850 apud

66 851 256 916 districtum
289 847 431 911 iudicem
461 849 588 930 premia
610 853 722 910 eterne
745 849 837 929 pacis
860 851 1034 913 inveniant.
1080 849 1200 912 Amen.
1223 848 1343 914 Amen.
1366 850 1486 918 Amen.

288 934 346 1016 (Rl
368 936 442 1020 Ego
465 937 674 1000 Innocentius
695 935 858 1001 catholice
881 939 1020 1002 ecclesie
1043 940 1221 1022 episcopus
1244 959 1286 1004 ss.
1310 937 1372 1025 (Μ)

288 1023 309 1110 †
332 1025 406 1109 Ego
430 1024 613 1089 Wilielmus
635 1027 844 1090 Prenestinus
867 1028 1041 1111 episcopus
1063 1048 1104 1090 ss.

286 1151 331 1162 -
355 1113 375 1199 †
398 1115 471 1198 Ego
494 1114 601 1178 Lucas
623 1115 784 1197 presbiter
807 1116 977 1180 cardinalis
1000 1117 1047 1181 tit.
1070 1124 1257 1180 sanctorum
1281 1115 1434 1181 Iohannis
1458 1128 1492 1183 et
1514 1121 1603 1186 Pauli
1627 1143 1668 1186 ss.

286 1241 331 1252 —
354 1202 374 1289 †
397 1204 471 1286 Ego
495 1205 673 1286 Gregorius
697 1204 851 1270 diaconus
875 1206 1046 1270 cardinalis
1068 1214 1256 1270 sanctorum
1280 1204 1387 1289 Sergii
1411 1216 1445 1271 et
1468 1211 1570 1275 Bachi
1594 1232 1635 1275 ss.

287 1292 308 1379 †
332 1294 405 1376 Ego
430 1293 633 1377 Grisogonus
658 1294 813 1357 diaconus
837 1295 1006 1360 cardinalis
1028 1303 1142 1360 sancte
1166 1296 1269 1360 Marie
1293 1297 1325 1359 in
1348 1297 1479 1362 Porticu
1503 1320 1545 1366 ss,

233 1383 322 1448 Data
345 1383 435 1460 Pisis,
465 1403 525 1466 per
556 1403 687 1446 manum
711 1382 892 1460 A1MERICI,
922 1394 1036 1450 sancte
1067 1385 1216 1450 Romane
1247 1384 1383 1449 ecclesie
1415 1387 1541 1454 diaconi
1575 1391 1746 1454 cardinalis

66 1482 104 1538 et
127 1472 321 1538 cancellarii.
360 1471 446 1537 Non.
470 1472 678 1537 Novembris.
715 1473 898 1539 Indictione
912 1489 984 1540 xm.
1023 1475 1256 1539 incarnationis
1280 1475 1443 1540 dominice
1465 1498 1551 1544 anno
1576 1479 1747 1544 millesimo

65 1565 254 1628 centesimo
276 1564 446 1646 trigesimo
469 1572 575 1627 sexto.
621 1563 834 1628 Pontificatus
856 1583 935 1629 vero
959 1566 1071 1629 domni
1093 1565 1276 1629 innocentii
1302 1563 1361 1629 ΡΡ.
1385 1581 1410 1630 11
1433 1585 1520 1631 anno
1544 1581 1591 1633 vi.

237 1679 280 1729 Or.
297 1678 331 1728 im
348 1677 463 1728 Archivio
483 1677 617 1742 Capenate
634 1695 664 1727 ru
681 1678 783 1729 Rimr'nr'.

235 1751 305 1816 Perg.
324 1750 385 1810 r'taL,
404 1751 439 1800 br.
459 1752 546 1810 0,265,
565 1751 627 1816 lang
643 1752 712 1811 0,46,
731 1758 805 1801 uram
823 1753 901 1813 0,025
917 1753 1105 1819 ungescfilagen,
1124 1752 1203 1801 durch
1219 1751 1278 1802 ervei
1294 1753 1386 1803 Licher
1398 1752 1461 1820 ging
1477 1754 1515 1803 dic
1532 1753 1637 1814 Sclmur,
1664 1756 1749 1806 welche

66 1823 113 1876 mr't
131 1821 185 1874 deni
205 1822 331 1890 Blcisiegcl
343 1824 460 1886 veriorem
479 1822 587 1889 Faltrorg
604 1823 647 1872 der
664 1823 760 1873 Bulltn
799 1825 861 1876 Rota
879 1824 921 1874 Nr
938 1825 963 1880 3.
1000 1825 1170 1890 Monogramm
1187 1825 1254 1875 wohl
1268 1825 1310 1875 Nr
1326 1827 1358 1876 ab
1376 1826 1422 1875 mit
1439 1825 1567 1875 schmalem
1586 1827 1688 1891 Ko'rpcr.

792 2099 793 2104 ¹
830 2106 897 2183 Nr.
927 2110 989 2183 41.

68 2261 229 2328 Innocens
244 2258 290 2322 II
307 2257 457 2342 bestdtigt
477 2256 551 2321 dem
573 2257 653 2322 Abte
675 2257 792 2322 Albert
813 2279 873 2323 von
889 2258 958 2324 San
974 2259 1082 2322 Pietro
1104 2258 1142 2321 di
1162 2257 1317 2322 Cremona
1339 2259 1394 2322 die
1417 2259 1656 2325 ,Besitzrhemer
1681 2261 1750 2326 und

186 2348 304 2416 Recita
317 2345 422 2416 sennes
439 2345 586 2412 Klosters
601 2357 695 2412 unter
707 2347 877 2434 Erlegnng
889 2350 980 2413 einer
984 2347 1174 2434 jdlrrliclren
1188 2347 1318 2432 Abgabe
1333 2369 1394 2413 von
1410 2351 1453 2413 12
1468 2349 1627 2414 Denaren.

685 2485 769 2546 1139
784 2481 886 2566 April
899 2486 951 2547 12.
983 2483 1133 2547 Lateran.

232 2617 439 2683 innocentius
454 2619 640 2701 episcopus,
656 2637 768 2680 servus
783 2637 952 2682 servorum
968 2618 1031 2695 dei,
1048 2615 1169 2681 dilecto
1185 2615 1251 2680 filio
1267 2617 1417 2694 Alberto,
1432 2619 1543 2682 abbati
1559 2621 1747 2684 monasterii

67 2709 172 2772 sancti
197 2710 285 2773 Petri
307 2709 397 2790 apud
421 2707 627 2782 Cremonam,
651 2707 784 2788 eiusque
806 2708 1053 2773 successoribus
1075 2707 1264 2790 regulariter
1279 2709 1513 2772 substituendis
1528 2721 1567 2772 IN
1583 2721 1660 2775 ΡΡΜ.
1678 2745 1717 2756 --
1739 2707 1743 2794 l

68 2797 226 2881 Suscepti
250 2799 415 2881 regiminis
439 2818 516 2860 cura
531 2817 591 2860 nos
607 2805 784 2872 ammonet,
808 2818 870 2880 pro
887 2798 1098 2861 ecclesiarum
1113 2805 1199 2860 statu
1216 2803 1351 2880 patema
1366 2796 1585 2862 sollicitudine
1601 2799 1746 2880 cogitare

69 2907 195 2968 casque
217 2896 333 2954 contra
355 2907 529 2970 pravorum
553 2885 723 2952 hominum
746 2888 906 2967 nequitias
929 2894 1044 2970 optate
1068 2885 1268 2950 defensionis
1291 2883 1459 2972 suffraigio
1484 2887 1670 2964 confovere,
1702 2896 1746 2964 ut,

69 2977 355 3058 quemadmodum
388 2985 498 3059 patres
528 2977 559 3039 in
589 2977 643 3040 dei
676 2975 803 3060 populo
835 2977 986 3052 dicimur,
1018 2978 1063 3039 ita
1093 2996 1154 3059 per
1185 2976 1240 3039 dei
1272 2979 1409 3060 gratiam
1441 2997 1548 3040 rerum
1576 2976 1746 3042 effectibus

69 3067 337 3150 comprobemur.
369 3067 542 3148 Quocirca,
557 3066 677 3130 dilecte
693 3069 725 3130 in
742 3066 878 3130 domino
894 3065 1129 3144 fili,ALBERTE
1145 3065 1257 3143 abbas,
1281 3069 1344 3129 tuis
1360 3068 1451 3130 iustis
1467 3066 1745 3149 postulationibus

68 3155 257 3239 apostolica
280 3156 483 3239 benignitate
505 3155 760 3220 accomodamus
784 3175 960 3230 assensum,
984 3165 1018 3219 et
1040 3155 1130 3219 beati
1153 3155 1239 3219 Petri
1263 3158 1505 3232 monasterium,
1537 3159 1588 3219 cui
1612 3165 1745 3220 auctore

68 3247 136 3310 deo
151 3265 287 3329 preesse
302 3246 490 3320 dinosceris,
513 3265 588 3309 cum
604 3245 754 3309 omnibus
770 3245 812 3308 ad
828 3246 934 3329 ipsum
951 3245 1189 3328 pertinentibus
1204 3246 1246 3309 ad
1263 3245 1453 3329 exemplum
1473 3247 1745 3329 predecessorum

68 3343 259 3400 nostrorum
282 3343 416 3400 sanctae
438 3336 674 3400 recordationis
697 3336 848 3418 Gregorii
872 3347 923 3398 vll
941 3335 974 3416 ¹),
1005 3332 1169 3398 Paschalis
1192 3349 1217 3398 11
1240 3343 1338 3416 atque
1362 3334 1491 3411 Calixti,
1520 3336 1743 3400 Romanorum

69 3424 274 3509 pontificum,
303 3425 483 3512 apostolice
505 3425 592 3488 sedis
620 3423 787 3507 privilegio
811 3425 1060 3488 communimus.
1106 3421 1305 3501 Statuentes,
1337 3433 1380 3503 ut,
1413 3445 1637 3508 quascumque
1669 3447 1745 3508 pos·

67 3517 242 3591 sessiones,
265 3535 471 3596 quecumque
495 3516 610 3595 [bona]
635 3515 751 3578 eadem
776 3514 914 3578 ecclesia
936 3516 969 3577 in
992 3515 1231 3597 presentiarum
1255 3517 1338 3577 iuste
1361 3521 1395 3578 et
1417 3517 1575 3578 canonice
1596 3515 1746 3597 possidet

69 3614 126 3670 aut
149 3605 179 3670 ei
201 3604 356 3689 legitimis
379 3604 525 3669 fidelium
541 3605 772 3668 donationibus
788 3606 963 3688 pertinent,
988 3623 1194 3685 quecumque
1209 3605 1308 3667 etiam
1326 3603 1515 3669 infuturum
1532 3605 1744 3670 concessione

70 3695 280 3778 pontificum,
309 3694 503 3759 liberalitate
531 3715 644 3777 regum
669 3694 721 3758 vel
752 3694 941 3777 principum,
973 3691 1141 3756 oblatione
1172 3692 1320 3756 fidelium
1346 3713 1404 3757 seu
1427 3693 1498 3757 aliis
1521 3695 1614 3757 iustis
1638 3695 1744 3758 modis

66 3786 133 3850 deo
157 3785 303 3869 propitio
327 3786 451 3867 poterit
473 3784 620 3867 adipisci,
645 3783 738 3847 firma
759 3785 819 3848 tibi
842 3785 973 3865 tuisque
988 3781 1233 3846 successoribus
1257 3790 1290 3846 et
1305 3783 1430 3846 illibata
1446 3791 1669 3866 permaneant.
1708 3783 1745 3848 In

68 3875 189 3958 quibus
211 3873 274 3939 hec
290 3876 432 3957 propriis
447 3875 602 3952 duximus
616 3873 784 3937 vocabulis
799 3873 1003 3937 annotanda:
1039 3871 1153 3936 cellam
1169 3872 1325 3936 videlicet
1345 3875 1448 3937 sancti
1464 3872 1561 3947 Pauli,
1585 3872 1744 3956 capellam

66 3965 219 4029 videlicet
241 3972 376 4027 sanctae
393 3965 504 4051 Marie,
527 3963 627 4026 sancti
651 3961 819 4027 Michaelis
843 3971 877 4025 et
898 3964 1002 4026 sancti
1024 3963 1183 4038 Bassiani,
1213 3963 1358 4026 decimas
1385 3981 1518 4042 quoque
1541 3962 1585 4026 de
1609 3957 1744 4050 [sancta]

68 4053 233 4136 Galdinga
255 4062 289 4116 et
311 4053 353 4117 de
370 4053 486 4118 Castro
501 4054 613 4118 veteri.
652 4049 863 4135 Sepulturam
884 4072 963 4115 sane
986 4051 1134 4115 eiusdem
1157 4050 1219 4115 loci
1241 4054 1376 4115 omnino
1392 4051 1528 4116 liberam
1545 4072 1617 4115 esse
1633 4053 1744 4116 decer·

68 4145 183 4220 nimus,
206 4151 243 4206 ut
266 4163 389 4219 eorum,
413 4143 468 4225 qui
491 4141 555 4205 illic
570 4141 699 4225 sepeliri
714 4141 973 4218 deliberaverint,
998 4141 1166 4204 devotioni
1183 4149 1216 4204 et
1231 4150 1379 4206 extreme
1394 4141 1560 4217 voluntati,
1583 4141 1642 4204 nisi
1658 4142 1744 4206 sorte

68 4232 343 4298 excommunicati
366 4234 438 4308 sint,
467 4231 570 4295 nullus
594 4231 740 4295 obsistat
787 4229 943 4296 Obeunte
965 4251 1044 4294 vero
1067 4238 1109 4306 te,
1140 4251 1226 4294 nunc
1256 4232 1403 4295 eiusdem
1435 4229 1499 4294 loci
1529 4230 1660 4308 abbate,
1690 4231 1744 4296 vel

67 4332 197 4388 tuorum
223 4321 374 4404 quolibet
395 4341 631 4398 successorum,
659 4319 765 4384 nullus
787 4321 831 4384 ibi
855 4319 1003 4401 qualibet
1024 4320 1246 4403 subreptionis
1269 4323 1388 4384 astutia
1410 4340 1469 4383 seu
1490 4320 1648 4384 violentia
1672 4342 1743 4403 pre·

68 4421 219 4496 ponatur,
242 4413 303 4474 nisi
327 4431 425 4494 quem
449 4411 565 4474 iratres
589 4413 754 4474 communi
777 4429 938 4476 consensu
955 4419 1012 4473 aut
1027 4409 1162 4473 sratrum
1178 4430 1254 4492 pars
1270 4410 1397 4474 consilii
1411 4410 1547 4473 sanioris
1562 4413 1744 4476 secundum

68 4503 118 4568 dei
130 4503 284 4566 timorem
297 4509 332 4564 et
343 4501 432 4565 beati
443 4501 614 4564 Benedicti
630 4501 777 4582 regulam
793 4498 963 4583 elegerint;
987 4498 1111 4586 electus
1126 4505 1235 4563 autem
1251 4501 1434 4564 aRomano
1446 4508 1574 4564 tantum
1586 4499 1744 4583 pontifice

68 4600 285 4656 consecretur.
302 4590 436 4666 Crisma,
461 4591 570 4654 oleum
586 4597 745 4670 sanctum,
770 4589 1032 4652 consecrationes
1047 4587 1194 4651 altarium
1211 4609 1268 4652 seu
1284 4588 1500 4665 basilicarum,
1523 4590 1745 4656 ordinationes

68 4680 306 4746 monachorum
321 4679 374 4745 vel
397 4679 597 4755 clericorum,
621 4679 729 4742 eidem
754 4680 953 4743 monasterio
970 4677 1211 4762 pertinentium,
1234 4699 1254 4741 a
1269 4679 1460 4760 dyocesano
1475 4681 1661 4761 suscipietis
1677 4682 1743 4763 epi·

67 4792 180 4854 scopo,
211 4770 375 4852 siquidem
400 4771 538 4853 gratiam
561 4777 660 4851 atque
683 4771 949 4833 communionem
973 4765 1153 4856 apostolice
1176 4768 1264 4831 sedis
1287 4767 1438 4832 habuerit
1460 4787 1566 4851 eaque
1588 4769 1688 4851 gratis
1711 4779 1745 4833 et

66 4861 133 4926 sine
147 4861 311 4944 pravitate
326 4858 466 4923 voluerit
489 4857 663 4935 exhibere;
697 4857 840 4938 alioquin
863 4855 1070 4933 catholicum,
1092 4877 1192 4939 quem
1217 4857 1402 4936 malueritis,
1425 4857 1524 4922 liceat
1538 4858 1632 4922 vobis
1655 4859 1745 4924 adire

67 4951 271 5024 antististem,
295 4955 329 5012 et
351 4948 394 5012 ab
419 4951 486 5029 [eo]
503 4949 784 5012 consecrationum
801 4955 1006 5011 sacramenta
1029 4947 1206 5028 suscipere.
1253 4948 1307 5012 De
1323 4956 1445 5024 cetero,
1468 4947 1588 5012 nullam
1604 4947 1744 5033 amplius

68 5039 298 5124 episcopusin
333 5038 453 5102 eodem
476 5039 674 5102 monasterio
704 5036 825 5102 habeat
855 5043 1055 5120 potestatem
1085 5054 1194 5116 neque
1226 5037 1531 5102 excommunicandi
1562 5047 1618 5102 aut
1647 5039 1745 5103 inter·

66 5130 198 5194 dicendi
221 5136 278 5191 aut
301 5127 344 5190 ad
366 5128 532 5210 synodum
554 5128 704 5191 vocandi.
743 5127 800 5191 Ad
823 5127 972 5191 inditium
995 5133 1104 5190 autem
1129 5135 1286 5209 percepte
1307 5126 1400 5190 huius
1423 5148 1443 5190 a
1465 5135 1578 5192 sancta
1593 5128 1743 5193 Romana

68 5218 203 5284 ecclesia
240 5217 397 5281 libertatis
434 5217 611 5282 duodecim
641 5217 793 5281 denarios
825 5215 1079 5280 Mediolanensis
1108 5224 1241 5280 monete
1270 5216 1482 5281 Lateranensi
1513 5217 1638 5301 palatio
1670 5239 1744 5302 per·

67 5309 200 5374 solvetis
223 5305 355 5390 singulis
383 5309 483 5371 aunis.
529 5307 617 5370 Nulli
650 5327 730 5390 ergo
760 5307 930 5371 hominum
961 5306 1009 5370 las
1041 5307 1098 5382 sit,
1127 5307 1312 5388 predictum
1343 5308 1518 5371 cenobium
1551 5327 1651 5391 super
1681 5307 1743 5372 hac

66 5407 176 5464 nostra
200 5398 434 5462 constitutione
456 5405 580 5460 temere
604 5396 797 5480 perturbare
820 5405 876 5460 aut
900 5396 967 5460 eius
989 5396 1216 5479 possessiones
1239 5395 1367 5461 auferre
1381 5397 1433 5460 vel
1449 5396 1576 5461 ablatas
1596 5399 1743 5473 retinere,

67 5488 209 5554 minuere
232 5485 285 5551 vel
316 5487 495 5550 temerariis
525 5485 753 5550 vexationibus
784 5486 936 5570 fatigare,
967 5486 1027 5550 sed
1059 5487 1169 5550 omnia
1198 5487 1325 5570 integra
1356 5495 1589 5550 conserventur
1619 5508 1742 5565 eorum,

67 5599 126 5662 pro
149 5595 291 5662 quorum
314 5577 548 5640 sustentatione
571 5584 605 5640 et
627 5576 865 5659 gubematione
894 5595 1052 5641 concessa
1084 5583 1167 5654 sunt,
1197 5577 1310 5640 usibus
1334 5577 1533 5641 omnimodis
1564 5577 1743 5660 profutura.

228 5752 255 5823 ι)
277 5753 341 5803 Oben
358 5751 396 5803 die
417 5753 533 5805 Urkunde
551 5769 606 5804 vom
625 5757 660 5804 10
678 5753 751 5804 Mdn
770 5755 848 5805 1078.
1520 5831 1536 5865 fl

1497 5842 1511 5899 5
