4126 6366
327 351 389 417 3¹2

326 527 368 589 ad
400 525 564 608 predictas
595 520 748 584 ecclesias
775 518 1029 602 pertinentibus,
1062 521 1223 600 capellam
1246 531 1358 584 sancte
1381 519 1486 584 Marie
1515 519 1549 583 in
1571 520 1686 598 Leura,
1718 541 1782 603 que
1813 519 2001 602 specialiter

324 616 413 678 beati
438 611 521 676 Petri
545 619 579 674 et
602 611 703 673 nostri
728 611 804 672 iuris
827 610 945 685 existit,
970 629 1045 672 cum
1068 609 1221 673 omnibus
1245 610 1340 674 bonis
1362 621 1397 674 et
1419 609 1682 692 possessionibus
1705 612 1779 687 suis,
1803 611 1865 673 sub
1891 630 1999 672 annuo

325 725 423 768 censu
439 703 536 766 trium
551 699 731 763 solidorum
741 700 899 762 Lucensis
915 709 1047 762 monete
1063 699 1257 763 auctoritate
1269 700 1453 782 apostolica
1465 700 1618 763 duximus
1630 699 1725 763 vobis
1737 699 1999 763 concedendum.

324 792 460 876 Insuper
488 800 631 853 castrum
668 789 789 852 montis
826 789 959 851 Floride
989 807 1064 851 cum
1097 790 1301 871 pertinentiis
1330 791 1412 866 suis,
1445 788 1670 852 molendinum
1703 789 1793 871 quod
1826 798 1879 852 est
1909 789 2000 852 iuxta

324 884 460 945 domum
483 879 717 943 canonicorum
739 887 773 941 et
796 877 1064 942 molendinellum
1087 879 1179 942 iuxta
1201 879 1281 942 illud
1304 880 1458 961 positum,
1481 887 1516 942 et
1538 879 1627 942 aliud
1651 879 1876 942 molendinum
1893 886 1999 941 totum

323 991 399 1035 cum
422 969 588 1052 aquimolo
612 987 681 1043 suo,
706 968 797 1048 quod
820 978 872 1031 est
893 969 1038 1051 positum
1061 969 1094 1031 in
1117 969 1201 1045 loco,
1226 969 1282 1050 qui
1306 969 1424 1032 dicitur
1439 968 1582 1044 Mirasol,
1606 979 1640 1032 et
1662 968 1750 1031 aliud
1774 967 2000 1031 molendinum

324 1062 356 1123 in
381 1060 482 1123 lundo
505 1058 652 1139 Aquarie
675 1057 828 1138 positum,
852 1067 885 1120 et
908 1057 1132 1120 molendinum
1155 1078 1231 1120 cum
1245 1059 1341 1121 vinea
1363 1067 1397 1120 et
1419 1077 1498 1138 agro
1522 1058 1556 1120 in
1579 1057 1654 1120 loco
1678 1058 1733 1139 qui
1749 1057 1871 1120 dicitur
1891 1057 2000 1119 Ponti·

324 1149 432 1225 cellus,
456 1158 490 1211 et
512 1157 578 1210 tres
601 1166 732 1208 mansos
755 1147 788 1208 in
812 1147 982 1228 integrum,
1006 1148 1133 1227 positos
1156 1149 1189 1210 in
1212 1147 1315 1209 fundo
1339 1147 1482 1228 Viginti;
1520 1147 1739 1229 proprietates
1762 1166 1890 1221 omnes,
1917 1165 2001 1227 quas

324 1239 416 1302 dedit
439 1236 659 1300 Armenaldus
689 1233 906 1298 Ariminensis
936 1237 1094 1299 canonice
1132 1246 1165 1299 et
1195 1237 1283 1312 illas,
1318 1256 1399 1317 quas
1429 1235 1521 1298 dedit
1551 1256 1635 1298 uxor
1663 1237 1732 1299 eius
1755 1235 1939 1298 Benedicta
1968 1236 2000 1296 in

324 1329 456 1391 civitate
486 1335 520 1388 et
549 1335 657 1400 extra,
688 1333 837 1406 quartam
868 1335 996 1407 partem
1027 1326 1098 1407 ripe
1129 1345 1204 1389 cum
1236 1326 1374 1408 ripatico
1405 1345 1464 1388 suo
1492 1335 1623 1389 etcum
1647 1325 1800 1388 omnibus
1824 1325 1866 1387 ad
1891 1325 2000 1405 ipsum

323 1414 570 1500 pertinentibus,
602 1413 737 1495 plebem
759 1414 862 1476 sancti
886 1415 1052 1478 Laurentii
1086 1416 1119 1477 in
1149 1425 1262 1478 monte
1284 1415 1432 1477 Podiano
1465 1434 1540 1477 cum
1571 1414 1725 1478 omnibus
1755 1413 1937 1477 mobilibus
1969 1423 2002 1476 et

323 1504 547 1569 immobilibus
570 1503 613 1565 ad
637 1522 709 1564 eam
734 1503 980 1584 pertinentibus
1004 1504 1175 1567 ecclesiam
1198 1515 1311 1567 sancte
1334 1504 1438 1566 Marie
1466 1505 1499 1566 in
1521 1504 1671 1580 Paterno,
1701 1505 1735 1567 in
1757 1503 1877 1567 eadem
1900 1502 2002 1585 plebe

324 1594 496 1658 ecclesiam
518 1601 631 1655 sancte
654 1590 784 1666 Coline,
817 1593 989 1655 ecclesiam
1020 1594 1062 1656 de
1091 1591 1280 1676 Bulgazano
1310 1603 1345 1656 et
1367 1593 1577 1656 medietatem
1610 1593 1839 1656 decimationis
1861 1593 2003 1656 ecclesie

322 1684 426 1747 sancti
449 1680 630 1744 Fortunati.
676 1682 891 1745 Decernimus
907 1701 995 1764 ergo,
1019 1692 1055 1744 ut
1071 1683 1148 1745 nulli
1164 1683 1300 1745 omnino
1314 1682 1485 1745 hominum
1500 1681 1606 1758 liceat,
1626 1681 1809 1764 praelatam
1825 1681 2003 1745 ecclesiam

325 1823 330 1836 .
349 1823 355 1836 .
371 1820 378 1834 .
395 1773 507 1835 usibus
522 1769 722 1833 omnimodis
738 1770 915 1852 profutura,
939 1772 1029 1835 salva
1044 1772 1132 1835 sedis
1148 1772 1330 1854 apostolice
1346 1773 1540 1835 auctoritate
1563 1781 1597 1834 et
1611 1771 1827 1836 Ariminensis
1849 1771 2002 1854 episcopi

324 1862 436 1925 debita
458 1859 646 1923 reverentia.
684 1859 719 1923 Si
737 1880 802 1942 qua
817 1861 944 1943 igitur.
971 1910 978 1924 .
1002 1909 1009 1922 .
1033 1859 1166 1924 Cunctis
1188 1871 1299 1924 autem
1324 1910 1330 1924 .
1353 1908 1360 1922 .
1385 1909 1392 1922 .
1417 1861 1592 1924 inveniant.
1630 1860 1750 1924 Arnen.
1773 1859 1851 1924 Am
1875 1857 2000 1922 Amen.

535 1944 590 2032 (R)
613 1949 686 2030 Ego
710 1949 829 2012 Lucius
852 1949 1014 2012 catholice
1037 1951 1172 2014 ecclesie
1196 1952 1372 2033 episcopus
1394 1970 1435 2012 ss.
1458 1945 1521 2035 (M)

534 2038 555 2116 †
578 2038 651 2118 Ego
675 2038 867 2102 Theodinus
889 2040 1075 2102 Portuensis
1099 2050 1133 2103 et
1154 2051 1267 2103 sancte
1289 2039 1408 2102 Rufine
1430 2040 1518 2102 sedis
1541 2039 1717 2121 episcopus
1740 2059 1782 2101 ss.

535 2124 555 2208 ’γ
578 2126 651 2208 Ego
675 2127 835 2190 Henricus
857 2127 1057 2192 Albanensis
1080 2131 1256 2212 episcopus
1279 2150 1320 2192 ss.

534 2213 555 2297 †
578 2216 651 2298 Ego
675 2217 792 2280 Paulus
816 2215 1032 2280 PRenestinus
1056 2220 1232 2300 episcopus
1255 2239 1296 2281 ss.

535 2339 578 2350 -
601 2305 621 2386 †
644 2306 718 2387 Ego
740 2305 904 2370 lohannes
927 2308 1088 2389 presbiter
1111 2309 1283 2371 cardinalis
1306 2309 1353 2370 tit.
1378 2305 1481 2370 sancti
1507 2307 1608 2371 Marci
1631 2326 1671 2370 ss.

534 2391 554 2475 †
577 2395 651 2476 Ego
673 2395 787 2458 Petrus
805 2393 834 2480 ⁸)
857 2396 1018 2478 presbiter
1040 2397 1212 2460 cardinalis
1236 2398 1284 2461 tit.
1307 2406 1421 2460 sancte
1444 2392 1593 2459 Susanne
1616 2417 1657 2459 ss.

534 2480 651 2564 †Eg0
674 2482 833 2550 Vivianus
855 2486 904 2548 tit.
927 2487 1031 2549 sancti
1055 2486 1215 2569 Stephani
1247 2487 1279 2549 in
1303 2484 1394 2549 Celio
1426 2496 1540 2548 monte
1569 2485 1731 2567 presbiter
1753 2481 1931 2546 cardinalis
1955 2502 1998 2543 ss.

534 2568 554 2654 †
577 2573 650 2654 Ego
673 2572 844 2637 Laborans
866 2575 1029 2657 presbiter
1050 2576 1223 2639 cardinalis
1245 2585 1358 2639 sancte
1380 2575 1484 2637 Marie
1507 2575 1727 2638 transtiberim
1750 2573 1799 2635 tit
1817 2569 1940 2634 Calixti
1957 2591 1998 2633 ss.

533 2695 577 2707 -
598 2662 620 2740 †
642 2663 716 2744 Ego
739 2663 899 2727 lacinctus
922 2665 1079 2728 diaconus
1103 2665 1275 2728 cardinalis
1299 2675 1411 2727 sancte
1435 2664 1538 2727 Marie
1561 2663 1595 2728 in
1618 2662 1795 2727 Cosmedin
1819 2681 1860 2723 ss.

532 2751 553 2829 †
576 2751 649 2833 Ego
673 2751 768 2814 Bobo
793 2752 950 2816 diaconus
973 2754 1145 2818 cardinalis
1167 2755 1271 2818 sancti
1294 2753 1416 2835 Angeli
1439 2774 1481 2816 ss.

533 2837 553 2921 †
576 2841 650 2922 Ego
673 2839 841 2904 Soffredus
863 2853 974 2906 sancte
997 2844 1100 2905 Marie
1122 2845 1156 2906 in
1179 2842 1243 2906 Via
1266 2843 1332 2906 lata
1356 2844 1513 2906 diaconus
1535 2841 1707 2905 cardinalis
1730 2861 1772 2903 ss.

480 2930 556 2993 Dat.
572 2925 759 3013 (Anagnie),
785 2951 844 3012 per
859 2950 992 2994 manum
1007 2932 1146 3009 Alberti,
1170 2943 1282 2996 sancte
1298 2934 1449 2995 Romane
1473 2931 1610 2994 ecclesie
1624 2929 1795 3012 presbiteri
1820 2927 1998 2992 cardinalis

321 3029 354 3082 et
377 3019 569 3082 cancellarii.
614 3031 639 3080 X
661 3017 715 3082 Kl.
738 3019 885 3083 Ianuarii.
931 3021 1114 3085 indictione
1136 3035 1170 3084 Π.
1216 3022 1453 3085 lucamationis
1484 3021 1649 3083 dominice
1680 3039 1767 3082 anno
1795 3029 1998 3082 MCLXXXHI.

319 3108 531 3171 Pontificatus
552 3128 631 3172 vero
655 3108 769 3171 domni
791 3108 894 3172 LUCII
917 3131 974 3192 pp.
997 3124 1036 3173 111
1059 3130 1146 3174 anno
1169 3125 1217 3175 111.

483 3221 526 3273 Or.
544 3223 578 3270 im
595 3223 709 3272 Archirn'o
730 3223 863 3286 Capitolare
880 3239 911 3272 ru
929 3224 1029 3274 Rr'rm'ni.

484 3292 553 3357 Perg.
571 3293 632 3354 ital,
651 3294 688 3344 br.
707 3295 758 3353 0,5,
777 3297 838 3360 lang
854 3296 923 3354 O‚67,
947 3303 1022 3345 urim
1041 3295 1102 3355 0‚03
1124 3297 1313 3360 umgesrlrlagen,
1341 3296 1420 3346 durch
1446 3295 1504 3344 swei
1525 3295 1616 3345 delter
1637 3297 1696 3359 gelre
1720 3293 1757 3342 die
1779 3310 1835 3343 rosa
1857 3295 1915 3344 rard
1930 3295 1999 3360 μὰ

319 3363 501 3424 Seeblenscltmrr,
520 3380 605 3414 emron
622 3366 668 3414 dos
686 3365 813 3430 Blebiegel,
831 3365 942 3432 Faltung
958 3368 1002 3416 der
1019 3367 1117 3418 Bullen.
1148 3369 1195 3416 Die
1207 3367 1306 3418 birmen
1326 3369 1433 3418 rederium
1451 3383 1498 3416 von
1511 3367 1690 3418 verschsedrnen
1701 3364 1810 3416 Hrinden
1821 3367 1997 3417 mrem

1062 3651 1129 3727 Nr.
1156 3656 1245 3728 343.

320 3781 439 3848 Lucius
451 3783 516 3848 III
523 3783 673 3866 besterzgrt
678 3784 751 3848 dem
760 3783 987 3863 Biscltofeund
992 3783 1266 3868 Domkapr'telvon
1285 3783 1391 3849 Veroli
1398 3781 1541 3848 Kirchen
1550 3805 1611 3848 von
1619 3784 1727 3848 tonte
1737 3781 1806 3847 San
1818 3781 1996 3858 Grovanni,

894 3871 1157 3956 Strongulagallr'
1170 3875 1239 3938 und
1257 3872 1414 3938 Croitella.
1470 3874 1475 3882 '

958 3991 1042 4052 1184
1058 3989 1135 4053 Mai
1147 3992 1203 4054 23.
1245 3988 1357 4052 Veroli.

477 4105 611 4168 LUCIUS
627 4105 810 4186 episcopus,
834 4123 945 4166 servus
960 4125 1127 4168 servorum
1144 4107 1205 4180 dei,
1221 4106 1399 4169 venerabili
1417 4105 1514 4181 fratri,
1552 4099 1767 4188 .A(mbr0sio)
1782 4104 1948 4184 episcopo
1964 4101 1996 4186 ¹),

319 4201 352 4258 et
381 4194 508 4257 dilectis
539 4193 628 4269 filiis,
660 4193 826 4255 canonicis
854 4191 1042 4269 Verulanis‚
1080 4196 1218 4258 salutem
1250 4205 1283 4258 et
1315 4191 1545 4280 apostolilcam
1576 4192 1852 4258 benedictionem.
1900 4191 1997 4255 Iustis

318 4284 501 4365 petentium
533 4282 701 4345 desideriis
732 4280 860 4344 facilem
890 4302 952 4345 nos
982 4286 1136 4347 convenit
1165 4285 1303 4367 prebere
1334 4303 1527 4347 consensum
1566 4293 1600 4345 et
1628 4302 1682 4358 ea,
1715 4302 1779 4363 que
1810 4303 1830 4344 a
1858 4281 1997 4343 rationis

319 4373 447 4435 tramite
470 4391 537 4434 non
560 4371 757 4445 discordant,
789 4370 906 4433 effectu
930 4385 1150 4453 prosequente
1173 4374 1349 4456 complere.
1395 4375 1589 4455 Eapropter,
1619 4373 1733 4434 vestris
1764 4372 1858 4434 iustis
1882 4381 1995 4452 postu·

318 4461 494 4524 lationibus
516 4471 612 4541 grato
635 4469 863 4522 concurrentes
887 4480 1028 4536 assensu,
1059 4464 1221 4539 ecclesias,
1253 4483 1334 4545 quas
1365 4463 1533 4526 incastris
1565 4460 1686 4524 montis
1709 4461 1813 4524 sancti
1837 4458 1996 4523 lobannis

317 4557 351 4613 et
373 4549 624 4631 Strangulagalli
641 4550 715 4636 iure
738 4548 915 4612 diocesano
939 4551 1065 4627 tenetis,
1097 4553 1268 4616 ecclesiam
1299 4571 1431 4634 quoque
1463 4551 1566 4615 sancti
1590 4550 1742 4614 Nicholai
1766 4551 1807 4614 de
1833 4549 1995 4624 Civitella,

318 4659 417 4721 quam
430 4641 496 4702 iure
509 4639 698 4713 fundatoris,
709 4638 792 4700 sicut
804 4659 846 4700 ex
857 4638 990 4720 publico
1007 4641 1222 4705 instrumento
1239 4652 1271 4705 et
1287 4642 1462 4704 multorum
1478 4642 1656 4703 iuratorum
1668 4640 1799 4703 testium
1812 4639 1996 4702 assertione

318 4749 429 4792 coram
452 4728 573 4790 dilecto
596 4727 664 4789 filio
687 4726 859 4803 Rainald0,
890 4728 1092 4793 subdiacono
1120 4741 1242 4806 nostro,
1272 4751 1292 4793 a
1321 4731 1418 4808 nobis
1449 4730 1491 4792 ad
1522 4729 1586 4792 hoc
1619 4729 1781 4811 delegato,
1813 4729 1995 4810 probatum

318 4827 376 4892 est,
408 4817 593 4900 possidetis,
622 4816 664 4879 ab
695 4817 784 4878 omni
809 4817 982 4880 exactione
1005 4819 1057 4882 vel
1080 4820 1288 4883 ordinatione
1312 4820 1467 4883 laicorum
1491 4819 1611 4882 liberas
1634 4839 1706 4882 esse
1729 4818 1939 4881 decernimus
1962 4826 1995 4878 et

318 4907 450 4970 easdem
478 4906 631 4970 ecclesias
660 4924 734 4968 cum
765 4907 1027 4987 possessionibus
1059 4919 1093 4972 et
1123 4909 1327 4984 hominibus,
1358 4930 1440 4990 quos
1471 4909 1505 4971 in
1535 4919 1675 4990 utroque
1707 4917 1815 4971 castro
1848 4907 1994 4990 legitime

317 4996 502 5078 possidetis,
525 4994 620 5058 vobis
643 5005 677 5057 et
699 4994 941 5058 successoribus
964 4997 1078 5060 vestris
1101 4999 1294 5061 auctoritate
1317 4999 1500 5080 apostolica
1523 4998 1755 5061 confirmamus
1778 5007 1812 5060 et
1831 4995 1993 5079 presentis

317 5085 428 5167 scripti
459 5085 642 5166 patrocinio
675 5085 923 5147 communimus.
973 5085 1061 5148 Nulli
1093 5107 1172 5168 ergo
1204 5087 1338 5149 omnino
1370 5087 1541 5149 hominum
1574 5087 1685 5162 liceat,
1718 5086 1804 5148 hanc
1835 5087 1993 5168 paginam

317 5184 427 5236 nostre
458 5173 714 5236 confirmationis
745 5172 919 5254 infringere
941 5173 993 5236 vel
1024 5175 1052 5238 ei
1082 5196 1161 5238 ausu
1194 5176 1367 5239 temerario
1398 5177 1567 5238 contraire.
1614 5175 1649 5239 Si
1682 5177 1754 5256 quis
1785 5183 1899 5238 autem
1930 5175 1993 5236 hoc

317 5273 477 5326 attentare
513 5263 761 5344 presumpserit,
799 5263 1056 5343 indignationem
1091 5265 1327 5346 omnipotentis
1359 5265 1412 5327 dei
1443 5273 1476 5328 et
1505 5265 1678 5327 beatorum
1708 5264 1795 5327 Petri
1829 5275 1864 5326 et
1894 5262 1992 5337 Pauli,

316 5352 543 5434 apostolorum
564 5347 568 5436 Ι
590 5353 665 5428 eius,
690 5371 725 5414 se
748 5352 875 5414 noverit
898 5353 1107 5418 incursurum.
1131 5389 1175 5399 -
1197 5353 1273 5419 Dat.
1295 5352 1433 5430 Verulis,
1457 5367 1482 5416 x
1504 5353 1558 5416 Kl.
1581 5353 1671 5416 Iunii.

479 5465 521 5515 Or.
539 5465 573 5514 im
591 5465 705 5515 Archivrb
726 5465 859 5528 capitolare
876 5481 906 5514 ru
929 5465 1012 5516 Veroli.

478 5537 548 5602 Perg.
567 5537 627 5597 rial,
646 5537 682 5587 br.
701 5538 786 5596 0,t15‚
804 5539 867 5601 long
882 5537 968 5600 0,193,
987 5547 1062 5589 unten
1080 5541 1141 5601 0,02
1160 5542 1350 5607 unigerclilagem
1378 5541 1457 5590 durch
1475 5542 1491 5590 2
1511 5539 1679 5603 recingere
1701 5537 1738 5586 die
1762 5553 1819 5586 rosa
1846 5537 1905 5588 und
1926 5536 1992 5602 geht

316 5608 499 5669 Seidmscknur,
518 5624 603 5658 weron
621 5608 667 5657 dur
683 5608 810 5673 Bler'rr'egel
824 5610 907 5674 lrd'rrgr,
926 5607 1036 5677 Fauor(
1052 5611 1095 5661 der
1111 5612 1215 5662 Breven.

475 5765 501 5826 a)
521 5761 648 5824 Pepetros.
669 5801 673 5804 .
709 5761 769 5826 ..1)
790 5759 936 5820 Ambrosius,
956 5761 1059 5824 Birthas
1071 5777 1119 5812 von
1142 5763 1225 5823 Veroli,
1245 5779 1265 5813 c.
1284 5763 1459 5813 1181-1188.
