4142 6366
298 321 362 401 298

296 517 525 574 concurrentes
548 525 694 586 assensu,
725 508 960 572 monasterium
982 517 1142 584 vestrum,
1174 508 1207 571 in
1233 527 1299 590 quo
1323 507 1435 570 divino
1466 505 1544 571 estis
1567 507 1730 589 obsequio
1753 508 1971 590 mancipatae,

297 620 371 664 cum
387 599 647 680 possessionibus
662 605 697 661 et
711 599 865 661 omnibus
880 599 986 674 bonis,
1012 619 1097 680 quae
1113 599 1145 660 in
1161 597 1417 678 praesentiarum
1435 599 1520 660 iusto
1536 598 1681 661 noscitur
1695 598 1790 661 titulo
1803 598 1973 679 possidere

295 689 347 752 vel
371 689 405 750 in
428 688 570 751 futurum
592 689 675 752 iuste
698 689 821 770 poterit
844 687 990 769 adipisci,
1021 687 1081 750 sub
1113 688 1202 751 beati
1225 688 1311 751 Petri
1335 696 1368 749 et
1396 696 1508 750 nostra
1539 689 1746 767 protectione
1768 687 1972 768 suscipimus.

296 777 490 860 Specialiter
513 787 622 840 autem
637 777 748 840 villam
772 779 879 860 ipsam
903 777 945 840 de
961 776 1187 852 Molenbecke‚
1213 796 1312 858 quam
1328 775 1437 838 bonae
1460 777 1638 839 memoriae
1653 775 1840 857 Hildeburg
1860 777 1974 840 mulier

297 875 330 931 et
353 867 488 929 Folkart
511 866 679 948 presbiter,
710 886 786 929 cum
810 868 917 948 ipsum
941 867 1175 929 monasterium
1199 865 1425 940 fundaverunt,
1459 866 1488 927 ei
1521 866 1579 947 pia
1611 865 1788 928 devotione
1813 866 1974 929 dederunt

297 977 372 1019 cum
395 956 547 1018 omnibus
571 957 775 1036 pertinentiis
798 957 872 1018 suis.
919 955 1088 1018 Praeterea
1120 956 1264 1019 decimas
1288 955 1330 1017 de
1361 961 1495 1016 centum
1525 962 1559 1016 et
1589 955 1704 1036 viginti
1736 955 1861 1032 aratris,
1896 975 1974 1036 quas

295 1046 405 1109 bonae
437 1045 615 1108 memoriae
641 1046 772 1126 Drogo,
805 1045 972 1127 quondam
998 1044 1179 1108 Mindensis
1202 1045 1378 1127 episcopus
1397 1041 1428 1127 ¹),
1459 1044 1501 1106 de
1524 1063 1657 1107 assensu
1681 1045 1815 1126 capituli
1840 1044 1890 1106 sui
1916 1046 1974 1108 sub

296 1136 457 1216 pensione
488 1136 632 1216 quinque
662 1135 844 1197 solidorum
876 1133 1152 1197 exsolvendomm
1183 1134 1275 1197 altari
1299 1132 1498 1213 episcopalis
1521 1133 1679 1196 ecclesiae
1710 1135 1883 1196 annuatim
1915 1135 1974 1215 ipsi

295 1224 496 1287 monasterio
520 1225 705 1304 assignavit,
737 1224 798 1300 ita,
831 1223 922 1304 quod
950 1224 1050 1286 semel
1075 1223 1107 1286 in
1132 1243 1219 1286 anno
1243 1243 1284 1286 eo
1309 1221 1410 1284 modo
1441 1222 1626 1304 episcopus,
1659 1223 1713 1305 qui
1738 1243 1799 1304 pro
1824 1235 1975 1305 tempore

297 1313 400 1388 fuerit,
425 1313 457 1375 in
481 1312 646 1376 Mindensi
670 1312 807 1376 ecclesia
830 1313 1004 1394 recipiatur
1027 1312 1161 1388 ibidem,
1193 1331 1259 1394 quo
1283 1313 1316 1374 in
1340 1311 1475 1374 caeteris
1499 1311 1579 1374 locis
1606 1331 1684 1374 suae
1708 1313 1851 1375 diocesis
1875 1315 1975 1394 recipi

295 1403 388 1478 solet,
413 1412 447 1465 et
468 1401 555 1465 idem
578 1403 754 1484 episcopus
777 1403 819 1465 sit
841 1412 1003 1482 perpetuo
1019 1401 1258 1465 mundiburdos
1273 1401 1375 1482 ipsius
1391 1400 1553 1476 coenobii,
1577 1401 1638 1464 nisi
1655 1401 1833 1484 episcopus
1849 1403 1976 1464 mundi·

295 1492 414 1555 burdio
439 1492 511 1573 ipso
535 1492 568 1554 in
593 1490 803 1572 dispendium
826 1489 978 1554 coenobii
1002 1491 1149 1555 videatur
1172 1491 1271 1566 abuti,
1301 1490 1378 1572 quia
1399 1501 1478 1553 tunc
1502 1490 1613 1553 liceret
1636 1491 1683 1554 eis
1705 1491 1977 1554 mundiburdium

296 1582 396 1644 alium
419 1580 572 1655 invenire,
596 1580 686 1643 salva
709 1581 870 1644 electione
892 1579 1090 1656 abbatissae,
1115 1599 1215 1661 quam
1239 1589 1418 1643 conventus
1444 1579 1544 1643 debet
1568 1579 1669 1643 libere
1693 1580 1869 1657 celebrare,
1895 1581 1978 1644 sicut

295 1670 534 1733 rationabiliter
555 1679 713 1732 statutum
736 1677 786 1733 est
809 1679 842 1732 et
864 1669 1022 1732 hactenus
1051 1668 1261 1732 observatum
1291 1678 1391 1749 atque
1421 1669 1454 1730 in
1484 1669 1607 1750 scripto
1637 1669 1795 1750 praedicti
1825 1671 1976 1752 episcopi

296 1769 330 1822 et
345 1760 416 1823 aliis
432 1759 654 1822 instrumentis
670 1759 771 1840 ipsius
787 1758 944 1821 ecclesiae
968 1759 1096 1841 plenius
1112 1760 1304 1832 continetur,
1327 1759 1521 1820 auctoritate
1542 1759 1727 1839 apostolica
1742 1759 1977 1822 confirmamus

297 1858 330 1912 et
353 1848 534 1929 praesentis
562 1849 673 1929 scripti
707 1847 891 1930 patrocinio
922 1849 1172 1911 communimus.
1218 1846 1425 1921 Statuentes,
1458 1856 1494 1909 ut
1526 1848 1603 1910 nulli
1637 1848 1772 1911 omnino
1803 1849 1978 1912 hominum

296 1937 401 2010 liceat,
424 1936 509 2000 hanc
528 1937 685 2019 paginam
702 1947 832 2000 nostrae
849 1938 1064 2018 protectionis
1080 1946 1114 2000 et
1128 1937 1386 2000 confirmationis
1402 1935 1578 2018 infringere
1592 1938 1644 2000 vel
1661 1938 1689 2000 ei
1707 1958 1785 2001 ausu
1801 1939 1977 2002 temerario

297 2027 467 2090 contraire.
513 2026 549 2090 Si
573 2027 646 2107 quis
670 2037 780 2089 autern
811 2026 875 2088 hoc
905 2035 1067 2090 attentare
1094 2027 1333 2109 praesumserit,
1364 2026 1626 2107 indignationem
1659 2027 1901 2107 omnipotentis
1925 2029 1977 2090 dei

296 2126 330 2179 et
352 2117 525 2179 beatorum
540 2116 625 2179 Petri
650 2122 682 2178 et
703 2116 803 2191 Pauli,
827 2116 1054 2198 apostolorum
1078 2117 1156 2194 eius,
1180 2135 1216 2179 se
1239 2113 1366 2180 noverit
1388 2115 1599 2179 incursurum.
1623 2149 1667 2161 -
1689 2115 1814 2179 Datum
1830 2115 1978 2190 Velletri,

296 2219 358 2269 xv]
381 2203 517 2268 Calend.
540 2204 674 2286 Aprilis.

453 2317 579 2383 Abscloifl
595 2317 629 2368 rin
647 2317 828 2369 Staatsarchiue
844 2333 875 2368 su
892 2317 1044 2384 Brickeburg.

1039 2496 1106 2572 Nr.
1135 2501 1223 2573 32⁷.

297 2605 417 2670 Lucius
432 2602 499 2667 III
518 2601 668 2687 bestitigt
691 2602 765 2667 dem
787 2601 918 2667 Klostrr
932 2602 1000 2667 San
1016 2604 1184 2668 Benedetto
1200 2605 1245 2668 Po
1260 2605 1321 2688 (D.
1338 2605 1510 2690 Mantoua)
1535 2604 1590 2669 die
1605 2606 1827 2690 Besitrungen‚
1854 2607 1977 2672 welche

298 2695 367 2759 ihm
381 2715 454 2758 vom
470 2690 683 2757 Patmorchen
698 2691 860 2757 Heinrich
874 2714 936 2756 von
954 2692 1066 2757 Grada
1086 2695 1156 2758 und
1176 2693 1250 2758 drm
1266 2694 1420 2775 Bischose
1436 2696 1604 2760 Leonardo
1625 2717 1685 2760 von
1699 2696 1823 2760 Altino·
1833 2696 1977 2761 Torcello

502 2803 607 2866 gegen
621 2783 683 2846 den
699 2781 841 2868 Bischof
851 2780 1087 2847 Preshiterinus
1101 2805 1162 2848 von
1174 2783 1318 2848 Ferrara
1332 2784 1515 2850 zuerharmt
1527 2785 1658 2850 worden
1672 2787 1757 2851 sind.

842 2891 1060 2953 1182-1183
1075 2890 1174 2955 Mh'rz
1188 2893 1244 2954 24.
1286 2888 1422 2957 Velletn'.

455 2995 589 3058 LUCIUS
620 2995 803 3078 episcopus,
836 3016 947 3059 servus
977 3016 1144 3059 servorum
1168 2996 1235 3072 dei,
1270 2996 1397 3062 dilectis
1426 2999 1500 3063 filiis
1524 3049 1531 3063 .
1555 3048 1562 3062 .
1585 3000 1699 3064 abbati
1732 3010 1766 3064 et
1796 3003 1975 3065 conventui

295 3084 398 3148 sancti
420 3079 424 3166 Ι
444 3083 615 3147 Benedicti
639 3105 738 3166 super
759 3084 893 3160 Padum,
922 3085 1059 3148 salutem
1083 3095 1117 3149 et
1139 3085 1357 3168 apostolicam
1380 3089 1657 3153 benedictionem.
1703 3088 1977 3172 Significantibus

295 3173 391 3236 vobis
415 3173 457 3236 ad
481 3169 696 3256 audientilam
721 3175 925 3255 apostolatus
948 3175 1050 3237 nostri
1074 3176 1231 3256 pervenit,
1256 3176 1355 3256 quod,
1380 3199 1455 3241 cum
1478 3179 1563 3242 inter
1577 3200 1637 3242 vos
1653 3190 1687 3243 et
1708 3179 1798 3242 bone
1814 3182 1977 3244 memorie

295 3258 591 3345 .P(resbiterinum)‚
626 3263 795 3344 quondam
823 3263 1060 3326 Ferrariensem
1084 3265 1277 3346 episcopum
1294 3262 1328 3349 ²),
1361 3288 1459 3349 super
1481 3268 1679 3350 quibusdam
1709 3270 1976 3351 possessionibus

295 3351 518 3414 controversia
541 3353 732 3426 emersisset,
756 3361 870 3414 sancte
893 3353 1129 3416 recordationis
1152 3354 1345 3418 Alexander
1366 3377 1464 3438 papa,
1497 3357 1711 3439 predecessor
1734 3365 1855 3432 noster,
1877 3379 1976 3422 vene·

295 3440 453 3503 rabilibus
484 3438 635 3502 iratribus
668 3442 786 3504 nostris
832 3437 1011 3525 .H(enrico)
1032 3440 1067 3527 8),
1099 3443 1258 3507 Gradensi
1289 3446 1473 3526 patriarche
1489 3443 1523 3530 ⁸),
1555 3456 1588 3510 et
1610 3444 1811 3532 Meonmdo)
1832 3445 1869 3532 a),
1893 3448 1975 3511 Tor·

296 3529 423 3593 cellano
447 3529 607 3609 episcopo
623 3525 657 3614 ⁴),
690 3530 821 3593 sublato
849 3531 1080 3613 appellationis
1110 3532 1290 3608 obstaculo,
1325 3535 1498 3616 delegavit.
1543 3534 1609 3617 Ipsi
1632 3556 1720 3613 vero,
1754 3538 1916 3619 episcopo
1939 3558 1976 3600 se

295 3639 355 3700 per
378 3619 617 3682 contumaciam
649 3618 851 3694 absentante,
884 3631 998 3683 contra
1021 3641 1097 3683 eum
1119 3623 1315 3685 sententiam
1339 3624 1596 3706 promulgarunt.
1642 3627 1830 3708 Episcopus
1855 3639 1975 3702 autem,

294 3707 371 3771 licet
395 3727 454 3788 per
477 3726 597 3769 annum
621 3715 655 3770 et
678 3708 816 3790 amplius
839 3720 916 3790 post
938 3711 1134 3773 sententiam
1157 3711 1283 3788 vixerit,
1307 3714 1465 3776 satisdare
1489 3715 1643 3796 neglexit.
1690 3715 1771 3779 lnde
1794 3726 1855 3792 est,
1884 3715 1976 3798 quod

293 3797 408 3860 vestris
442 3796 720 3878 postulationibus
757 3809 953 3874 annuentes,
994 3799 1252 3892 possessionem,
1284 3801 1380 3865 vobis
1411 3803 1648 3881 adiudicatam,
1681 3805 1772 3867 salva
1804 3807 1980 3886 questione

294 3886 514 3968 proprietatis,
546 3887 740 3949 auctoritate
770 3887 866 3950 vobis
897 3888 1081 3969 apostolica
1113 3888 1344 3953 confirmamus
1381 3899 1413 3954 et
1453 3895 1615 3973 presentis
1644 3894 1758 3974 scripti
1790 3897 1978 3976 patrocinio

294 3975 542 4037 communimus.
588 3973 786 4050 Statuentes,
818 3986 854 4038 ut
876 3977 954 4039 nulli
979 3979 1115 4040 omnino
1138 3976 1310 4041 hominum
1333 3980 1436 4056 liceat,
1467 3981 1552 4045 hanc
1582 3984 1740 4065 paginam
1764 3995 1877 4047 nostre
1902 4005 1978 4048 con-

295 4063 486 4128 firmationis
509 4063 685 4144 infringere
707 4065 759 4126 vel
783 4066 812 4127 ei
837 4085 916 4128 ausu
940 4068 1113 4129 temerario
1139 4069 1310 4131 contraire.
1356 4066 1391 4131 Si
1417 4070 1489 4150 quis
1513 4081 1623 4134 autem
1639 4072 1704 4134 hoc
1719 4079 1883 4136 attentare
1908 4095 1977 4155 pre

294 4153 477 4233 sumpserit,
511 4152 771 4234 indignationem
796 4155 1033 4236 omnipotentis
1064 4155 1116 4219 dei
1148 4163 1181 4219 et
1213 4156 1386 4221 beatorum
1409 4159 1494 4222 Petri
1525 4171 1559 4224 et
1580 4162 1680 4238 Pauli,
1712 4164 1945 4244 apostolorum
1971 4160 1974 4234 l

295 4243 372 4317 eius,
396 4261 432 4304 se
455 4241 584 4304 noverit
607 4242 817 4304 incursurum.
841 4279 885 4287 -
908 4242 984 4306 Dat.
1007 4242 1155 4321 Velletri,
1179 4256 1256 4308 vnn
1279 4247 1334 4309 Kl.
1358 4246 1465 4328 April.
1971 4241 1973 4246 ’

457 4342 499 4393 Or.
517 4344 550 4393 im
567 4345 683 4396 Archim'o
700 4346 727 4394 di
744 4346 811 4395 Staio
829 4363 859 4395 ni
877 4346 1000 4398 Mailand.

455 4415 525 4480 Perg.
545 4415 606 4476 ital,
625 4417 663 4465 br.
683 4419 708 4479 0,
714 4419 771 4479 157,
790 4419 851 4483 lang
868 4420 954 4480 0,158,
974 4427 1048 4470 urum
1064 4420 1142 4480 0,013
1158 4421 1350 4487 umgeschlagm,
1376 4422 1455 4473 durch
1473 4423 1531 4474 mori
1546 4425 1639 4476 Lo'cher
1651 4425 1717 4492 ging
1733 4426 1770 4476 die
1788 4427 1897 4492 Schriur,
1922 4431 1977 4480 roel-

294 4486 334 4537 chc
351 4484 397 4536 oni
413 4486 466 4537 dem
484 4486 611 4554 Bleisr'egel
625 4489 742 4550 verlorm,
761 4489 871 4555 Falturrg
887 4489 931 4540 der
948 4490 1051 4542 Brevin.
1231 4495 1235 4510 ⁸

295 4761 419 4829 Luchrs
435 4764 501 4828 III
510 4764 701 4850 beauftragt
713 4767 776 4832 den
790 4767 854 4835 Abi
868 4792 929 4835 von
944 4771 1013 4835 San
1029 4667 1248 4840 Iihhhohizgrid
1267 4777 1329 4840 den
1345 4777 1446 4841 Prior
1464 4799 1526 4842 von
1542 4777 1609 4844 San
1628 4780 1794 4846 Giovanni
1809 4784 1844 4846 in
1859 4783 1976 4862 Monte,

294 4851 649 4938 drechhtmhssigheit
662 4857 723 4920 der
737 4856 939 4924 bestrittenen
948 4861 1125 4948 Erheburg
1138 4867 1225 4930 eines
1235 4864 1414 4950 Kapellans
1428 4889 1489 4932 von
1497 4865 1595 4935 Santo
1611 4870 1744 4951 Stesano
1756 4871 1786 4956 ⁵)
1802 4893 1877 4935 zum
1895 4871 1975 4937 Err-

825 4951 972 5032 priester
984 4973 1045 5016 von
1060 4953 1143 5017 Sala
1156 4975 1197 5018 su
1212 4955 1424 5021 entscheiden.

869 5059 1087 5121 1182-1183
1102 5059 1179 5123 Mai
1192 5062 1223 5124 4.
1266 5059 1401 5126 Velletri.

452 5157 572 5221 Lucius
588 5159 774 5241 episcopus,
790 5183 900 5226 servus
915 5185 1082 5228 servorum
1098 5167 1159 5243 dei,
1184 5167 1311 5232 dilectis
1328 5168 1400 5233 filiis
1438 5171 1487 5236 .G.
1506 5169 1536 5255 b)
1552 5169 1666 5236 abbati
1686 5174 1791 5236 sancti
1808 5175 1940 5239 Proculi
1952 5167 1974 5256 ε)

295 5251 413 5350 e—t-L.
438 5247 536 5327 priori
558 5245 584 5332 c)
615 5249 716 5312 sancti
746 5249 890 5316 Victoris
917 5249 922 5338 Ι
948 5254 1180 5332 Bononiensis,
1214 5257 1352 5320 salutem
1384 5267 1417 5323 et
1448 5262 1666 5342 apostolicam
1694 5262 1972 5329 benedictionem·

324 5437 330 5451 .
453 5371 480 5433 a)
498 5369 550 5418 Mit
566 5370 669 5420 medem
685 5371 762 5422 Dinh
778 5373 928 5440 eingrtragrn
1005 5375 1033 5439 b)
1052 5377 1097 5426 πίε
1113 5377 1244 5428 drmhlerrr
1261 5378 1337 5428 Dinte
1354 5379 1505 5448 eingetragm
1593 5388 1618 5450 c)
1636 5383 1680 5432 der
1696 5386 1780 5434 Rana
1797 5387 1915 5437 weicheri
1932 5389 1974 5438 dat

293 5438 373 5489 beiden
393 5438 506 5492 Punkrm
523 5441 555 5490 ist
563 5441 739 5508 sreigebliebm,
759 5460 785 5494 rr
800 5446 866 5494 sollte
882 5447 990 5511 offendor
1006 5447 1042 5496 die
1059 5448 1248 5498 Nomeninitrirh
1266 5451 1420 5516 aufnrhmen.
1441 5492 1468 5498 -
1480 5493 1493 5499 -
1513 5457 1548 5514 ,1)
1567 5455 1659 5520 Drogo,
1679 5455 1782 5520 Br'schos
1795 5473 1845 5508 von
1864 5457 1972 5518 Munda,

293 5513 442 5564 886-902.
517 5516 544 5577 2)
565 5513 744 5575 habuimus,
758 5517 862 5582 Br'schos
875 5533 922 5568 von
934 5518 1049 5580 birram,
1070 5523 1250 5571 1175-1181.
1322 5536 1349 5587 3)
1369 5525 1485 5574 Her'mich
1511 5527 1634 5585 Dandolo,
1661 5526 1791 5578 Patriorch
1814 5546 1864 5580 von
1886 5531 1972 5589 Grada,

294 5583 470 5635 rtur-1186.
547 5589 575 5647 4)
594 5586 744 5646 Lemardrcs,
763 5588 867 5653 Bischos
879 5606 927 5640 von
944 5591 1154 5652 Altino-Torcello,
1175 5594 1371 5646 nrt-cuso.
1444 5599 1471 5660 5>
1488 5599 1543 5647 Alle
1561 5599 1613 5648 drei
1628 5599 1655 5647 in
1673 5599 1790 5664 Bologna.
1876 5603 1904 5664 6)
1924 5603 1972 5652 Sar

296 5652 402 5713 Procolo,
415 5655 547 5718 parrochia
565 5657 604 5706 dei
618 5658 758 5709 baudarius·
772 5661 832 5709 neri.
870 5662 910 5710 Lu
927 5663 1004 5712 chiesa
1022 5679 1064 5712 era
1081 5671 1144 5713 stato
1154 5665 1271 5729 formata
1288 5673 1389 5718 solima
1400 5669 1458 5717 nell'
1477 5685 1542 5719 muro
1555 5671 1608 5720 300
1619 5671 1652 5720 cd
1665 5686 1707 5720 era
1724 5671 1848 5722 intitolula
1865 5676 1896 5723 nl
1910 5683 1973 5724 mlo

290 5725 403 5790 pontefici
422 5726 485 5776 Sirio
503 5728 524 5787 I,
544 5731 587 5778 nel
602 5729 655 5780 370
672 5729 694 5778 il
708 5745 805 5781 vescovo
823 5732 848 5782 S.
870 5733 970 5784 Eusebio
988 5736 1013 5783 lo
1031 5733 1122 5786 hahold
1138 5753 1154 5786 a
1172 5735 1199 5786 S.
1221 5735 1325 5788 Proculo.
1349 5739 1486 5804 Coppelletti
1503 5741 1553 5791 III.
1568 5749 1596 5806 p.
1615 5745 1674 5794 672.
