4126 6366
315 315 378 394 348

1062 498 1129 574 Nr.
1157 501 1246 574 396.

320 634 447 718 Gregor
471 632 562 698 VIII
573 631 724 716 bestlz'tzgt
735 632 809 697 dem
826 631 976 712 Bruchofe
991 630 1110 712 Stefan
1125 651 1186 695 von
1198 632 1343 696 Ferrara
1357 630 1413 695 die
1424 628 1661 694 Besitrthzimer
1673 629 1747 694 und
1757 629 1881 694 Rechte
1894 631 1995 696 seim

722 720 853 802 Kirclte,
868 721 923 786 die
937 742 975 785 er
989 721 1023 785 in
1038 721 1270 804 apostolischen
1286 719 1402 784 Schutz
1418 719 1540 783 nimmt
1555 721 1592 806 ¹).

893 840 980 900 1187
994 835 1177 901 November
1189 839 1238 902 11.
1270 836 1423 902 Ferrara.

475 955 652 1037 Gregorius
676 957 860 1038 episcopus,
884 976 995 1019 servus
1018 975 1185 1018 servorum
1209 955 1270 1032 dei,
1294 953 1472 1017 venerabili
1490 952 1578 1017 fratri
1593 952 1774 1036 Stephano,
1800 951 1994 1018 Ferrariensi

315 1047 475 1129 episcopo
494 1041 527 1129 ²),
559 1045 694 1128 eiusque
724 1045 966 1109 successoribus
990 1045 1148 1109 canonice
1179 1043 1433 1119 substituendis,
1464 1043 1497 1105 in
1521 1053 1726 1125 perpetuum.
1771 1043 1809 1106 ln
1841 1044 1994 1108 eminenti

315 1135 402 1199 sedis
425 1133 609 1216 apostolice
631 1135 773 1217 specula,
806 1134 882 1198 licet
912 1135 1073 1210 immeriti,
1106 1136 1304 1218 disponente
1328 1133 1480 1208 domino,
1512 1132 1693 1208 constituti,
1727 1133 1843 1196 fratres
1867 1145 1996 1197 nostros

316 1225 502 1306 episcopos,
525 1232 594 1286 tam
617 1225 824 1307 propinquos
860 1243 960 1306 quam
990 1221 1089 1306 longe
1112 1224 1249 1306 positos,
1281 1221 1424 1286 fraterna
1455 1221 1613 1285 debemus
1637 1223 1772 1286 caritate
1797 1222 1939 1305 diligere
1966 1235 1996 1286 et

315 1313 460 1378 ecclesiis
484 1334 503 1376 a
527 1313 590 1376 deo
614 1313 677 1376 sibi
710 1313 893 1377 commissis
924 1322 1062 1396 paterna
1092 1313 1312 1377 sollicitudine
1342 1311 1524 1394 providere.
1570 1311 1772 1394 Eapropter,
1800 1312 1996 1377 venerabilis

315 1404 349 1466 in
381 1402 510 1467 Christo
542 1402 640 1466 frater
670 1403 844 1485 episcope,
876 1401 938 1466 tuis
968 1402 1060 1465 iustis
1089 1401 1368 1485 postulationibus
1400 1401 1577 1464 clementer
1605 1401 1776 1465 annuimus
1811 1411 1861 1477 et,
1896 1401 1996 1466 felicis

316 1492 551 1556 recordationis
581 1492 851 1575 predecessorum
881 1502 1067 1556 nostrorum
1098 1492 1289 1568 innocentii,
1322 1490 1485 1566 Celestini,
1516 1490 1609 1553 Lucii
1639 1500 1674 1553 et
1702 1490 1902 1566 Alexandri,
1936 1493 1996 1554 Ro·

317 1601 488 1646 manorum
519 1581 727 1664 pontificum,
758 1582 903 1664 vestigiis
933 1580 1136 1659 inherentes,
1174 1581 1335 1664 prefatam
1357 1580 1596 1643 Ferrariensem
1627 1580 1817 1656 ecclesiam,
1850 1583 1903 1644 cui
1938 1581 1996 1644 deo

316 1679 449 1734 auctore
472 1691 602 1753 preesse
627 1671 814 1746 dinosceris,
838 1671 899 1734 sub
924 1669 1012 1733 beati
1036 1671 1121 1733 Petri
1146 1680 1179 1734 et
1202 1680 1313 1734 nostra
1336 1669 1543 1751 protectione
1560 1669 1754 1751 suscipimus
1777 1680 1811 1734 et
1835 1672 1997 1751 presentis

316 1761 429 1843 scripti
460 1761 631 1843 privilegio
663 1763 912 1824 communimus,
958 1759 1164 1834 Statuentes,
1195 1769 1231 1822 ut
1261 1778 1486 1841 quascumque
1516 1759 1756 1839 possessiones,
1789 1780 1997 1842 quecumque

317 1851 407 1915 bona
430 1849 548 1913 eadem
571 1849 710 1912 ecclesia
733 1849 765 1912 in
790 1850 1024 1932 presentiarum
1057 1850 1140 1913 iuste
1171 1858 1204 1913 et
1234 1849 1393 1913 canonice
1424 1847 1573 1929 possidet
1603 1857 1660 1910 aut
1690 1849 1722 1911 in
1754 1849 1899 1911 futurum
1926 1869 1996 1912 con·

317 1941 465 2002 cessione
488 1939 690 2022 pontificum,
715 1940 887 2021 largitione
911 1958 1024 2020 regum
1046 1939 1099 2002 vel
1122 1940 1316 2022 principum,
1348 1937 1523 2001 oblacione
1556 1937 1701 2000 fidelium
1731 1959 1787 2001 seu
1812 1938 1884 2001 aliis
1910 1937 1996 2002 iustis

317 2029 434 2104 modis,
465 2038 632 2110 prestante
656 2028 802 2104 domino,
832 2029 953 2111 poterit
984 2028 1132 2110 adipisci,
1163 2028 1259 2091 firma
1287 2027 1347 2091 tibi
1378 2027 1508 2108 tuisque
1540 2028 1782 2091 successoribus
1813 2034 1849 2090 et
1871 2027 1998 2090 illibata

317 2127 540 2201 permaneant
593 2118 630 2180 In
661 2118 780 2199 quibus
810 2118 872 2181 hec
903 2118 1045 2200 propriis
1076 2118 1229 2180 duximus
1253 2116 1469 2199 exprimenda
1491 2116 1662 2179 vocabulis
1681 2113 1724 2201 ει);
1761 2119 1997 2180 monasterium

317 2209 420 2272 sancti
444 2206 604 2284 Silvestri,
635 2208 869 2270 monasterium
900 2208 1004 2270 sancti
1027 2205 1266 2281 Bartholomei,
1298 2205 1431 2287 plebem
1461 2206 1565 2269 sancti
1590 2203 1723 2288 Georgii
1754 2206 1839 2269 ultra
1861 2206 1996 2280 Padum,

317 2297 452 2380 plebem
475 2305 587 2359 sancte
611 2295 714 2358 Marie
737 2296 779 2359 de
802 2294 963 2371 Gabiana,
994 2295 1128 2378 plebem
1158 2302 1272 2359 sancte
1296 2295 1400 2358 Maric
1431 2295 1472 2358 de
1494 2292 1698 2358 Vicovencia
1724 2314 1799 2357 curn
1830 2302 1944 2358 castro
1965 2306 1997 2358 et

318 2396 408 2450 curte
431 2397 465 2448 et
488 2395 560 2448 toto
584 2385 710 2448 honore
734 2395 767 2449 et
791 2385 938 2449 districtu
960 2383 1169 2462 Vicovencie,
1201 2383 1333 2467 plebem
1365 2385 1470 2448 sancti
1494 2383 1626 2447 Martini
1657 2384 1700 2447 de
1722 2394 1838 2447 contra
1860 2385 1995 2460 Padum,

318 2476 452 2558 plebem
482 2475 586 2538 sancti
610 2471 813 2557 Apollinaris
844 2474 885 2538 de
917 2475 1109 2552 Trisicatio,
1142 2475 1276 2557 plebem
1306 2474 1409 2537 sancti
1434 2472 1594 2556 Stephani
1628 2473 1670 2536 de
1693 2473 1896 2537 Firminiana
1929 2494 1999 2537 cum

318 2575 390 2628 tota
421 2571 510 2627 curte
541 2563 741 2626 Firminiane
771 2572 805 2627 et
827 2565 992 2628 Trisicalis
1021 2584 1095 2626 cum
1126 2564 1251 2627 honore
1284 2573 1316 2626 et
1348 2562 1511 2637 districtu,
1544 2560 1676 2645 plebem
1706 2564 1811 2626 sancti
1839 2563 1930 2627 Petri
1961 2563 1999 2626 de

324 2654 477 2735 Copari0,
501 2654 635 2735 plebem
657 2655 761 2717 sancti
786 2650 919 2736 Georgii
944 2654 985 2717 de
1008 2653 1163 2727 Ternara‚
1186 2653 1320 2736 plebem
1342 2653 1447 2716 sancti
1471 2652 1603 2715 Martini
1629 2653 1670 2714 de
1693 2650 1834 2733 Rupina,
1866 2653 1998 2734 plebem

323 2743 426 2807 sancti
467 2743 598 2806 Martini
618 2740 647 2827 b)
686 2742 729 2805 de
758 2742 1061 2825 SeptempoticinO,
1099 2743 1232 2825 plebem
1264 2751 1377 2806 sancte
1401 2740 1505 2804 Marie
1535 2741 1577 2804 de
1606 2739 1771 2804 Vicarano
1804 2761 1880 2805 cum
1912 2753 1998 2804 curte

322 2831 476 2895 Vicarani
500 2842 533 2896 et
556 2841 628 2895 toto
652 2831 777 2894 honore
801 2851 840 2895 ac
864 2831 1017 2908 districtu,
1041 2832 1175 2914 plebem
1198 2833 1303 2894 sancti
1320 2832 1444 2894 Donati
1465 2831 1507 2894 de
1523 2831 1678 2895 Pedrurio
1695 2850 1769 2893 cum
1787 2838 1880 2894 curte
1895 2832 1998 2893 sancti

323 2922 446 2985 Donati
470 2931 504 2984 et
522 2921 679 2996 districtu,
702 2920 834 3003 plebem
849 2922 953 2984 sancti
969 2921 1130 3003 Stephani
1147 2921 1188 2984 de
1203 2921 1392 2984 Bolonitico
1407 2940 1483 2983 cum
1499 2928 1589 2984 curte
1604 2919 1753 2983 Bolonici
1769 2932 1802 2983 et
1817 2919 1999 2984 honoreac

324 3011 479 3086 districtu,
503 3010 635 3092 plebem
651 3010 755 3073 sancti
771 3010 904 3092 Georgii
921 3010 962 3072 de
978 3010 1133 3073 Tricenta
1155 3030 1229 3073 cum
1245 3021 1335 3072 curte
1350 3010 1511 3085 Tricente,
1534 3017 1608 3073 toto
1631 3008 1758 3072 honore
1780 3029 1819 3072 ac
1842 3010 1998 3086 districtu,

324 3100 458 3183 plebem
481 3101 584 3163 sancti
607 3098 746 3162 Antonii
770 3099 812 3162 de
835 3098 994 3176 Ficarolo,
1019 3099 1153 3181 plebem
1176 3107 1287 3162 sancte
1310 3100 1414 3162 Marie
1438 3099 1479 3161 de
1503 3099 1656 3163 Civisello
1676 3097 1712 3184 ο),
1736 3099 1872 3181 plebem
1895 3100 1997 3162 sancti

325 3188 495 3253 Michaelis
519 3189 561 3252 de
577 3188 777 3270 Bragantino
802 3209 876 3251 cum
898 3198 990 3251 curte
1010 3187 1147 3252 Melaria
1169 3196 1202 3251 et
1224 3196 1297 3252 toto
1320 3188 1446 3251 honore
1469 3208 1507 3251 ae
1531 3187 1687 3263 districtu,
1710 3188 1882 3252 ecclesiam
1896 3191 1998 3252 sancti

323 3276 483 3358 Stephani
509 3277 550 3341 de
565 3274 728 3341 Staurano
745 3297 819 3341 cum
835 3287 905 3340 tota
921 3279 989 3341 eius
1005 3289 1103 3354 curte,
1128 3276 1300 3341 ecclesiam
1315 3279 1419 3341 sancti
1435 3279 1577 3341 Romani
1599 3278 1641 3341 de
1656 3277 1804 3353 Tartar0,
1827 3278 1999 3342 ecclesiam

325 3366 367 3431 de
379 3365 529 3430 Cadaldo
545 3387 620 3432 cum
634 3367 799 3448 hospitali,
816 3367 986 3431 ecclesiam
1002 3368 1106 3430 sancti
1118 3367 1248 3430 Thorne
1264 3387 1337 3430 cum
1350 3367 1504 3449 hospitali
1516 3367 1630 3431 subtus
1642 3366 1815 3444 Buranam,
1827 3368 1999 3432 ecclesiam

323 3456 429 3521 sancti
446 3454 569 3519 Mathei
587 3477 661 3519 cum
675 3456 830 3538 hospitali
848 3457 889 3519 de
903 3457 1017 3539 Rupta
1038 3457 1233 3533 Petriscorti,
1258 3457 1422 3539 hospitale
1445 3457 1592 3521 omnium
1615 3467 1811 3532 sanctorum,
1835 3455 1999 3540 hospitale

322 3547 428 3610 fratris
452 3545 592 3608 Duranti
610 3542 648 3629 d),
672 3543 836 3627 hospitale
859 3545 900 3608 de
924 3545 1038 3609 Cauda
1066 3546 1174 3628 longa,
1205 3546 1377 3610 ecclesiam
1407 3547 1511 3610 sancti
1534 3545 1648 3609 Lazari
1680 3565 1755 3609 cum
1778 3545 1937 3627 hospitali
1959 3546 1999 3608 de

296 3635 597 3718 ‘Campomercati
621 3643 745 3697 curtem
768 3634 954 3697 Francolini
979 3656 1053 3698 cum
1077 3645 1149 3698 toto
1173 3634 1299 3699 honore
1322 3656 1360 3698 ac
1384 3635 1540 3712 districtu,
1572 3645 1697 3698 curtem
1719 3635 1946 3717 Badringnani
1968 3642 1999 3696 et

321 3724 512 3806 Bragantini
530 3743 603 3786 curn
620 3730 692 3786 toto
708 3721 888 3786 honoreac
904 3723 1062 3800 districtu,
1079 3732 1203 3787 curtem
1221 3724 1497 3788 Porticlamaton's
1513 3744 1588 3786 cum
1603 3723 1730 3786 honore
1745 3734 1779 3788 et
1795 3725 1946 3787 districtu
1964 3723 1998 3808 ε),

321 3814 441 3877 vallem
464 3813 685 3889 Theodoram,
719 3833 872 3894 campum
902 3812 1013 3890 Ducis,
1044 3815 1187 3877 Dossum
1212 3813 1409 3890 Pontunarie
1428 3810 1464 3897 s),
1497 3833 1571 3876 cum
1594 3823 1666 3877 tota
1687 3813 1818 3877 vallada
1839 3814 1905 3876 sibi
1929 3834 1998 3896 per·

322 3903 456 3978 tinente,
480 3903 651 3966 ecclesiam
674 3903 777 3966 sancti
795 3902 926 3965 Martini
951 3903 992 3966 de
1008 3903 1117 3966 Bosco
1136 3899 1174 3988 a),
1198 3901 1363 3985 hospitale
1379 3902 1420 3966 de
1436 3902 1583 3984 Ruptulo
1598 3921 1673 3964 cum
1689 3904 1843 3967 omnibus
1867 3903 1998 3985 capellis

322 4004 356 4056 et
378 3992 500 4056 tenuris
524 4001 556 4054 et
584 4011 695 4055 earum
725 3992 937 4073 pertinentiis.
982 3990 1148 4074 Antiquas
1179 3993 1276 4074 igitur
1307 4003 1340 4056 et
1372 3992 1583 4055 rationabiles
1613 3991 1885 4066 consuetudines,
1919 4011 1998 4072 quas

322 4089 546 4144 antecessores
576 4081 622 4144 tui
654 4082 687 4143 in
718 4081 878 4144 canonica
901 4081 1013 4144 maiori
1038 4092 1071 4144 et
1094 4082 1126 4144 in
1150 4081 1295 4145 ecclesiis
1318 4083 1364 4145 tui
1388 4082 1599 4163 episcopatus
1621 4081 1781 4145 hactenus
1805 4081 1997 4157 habuerunt,

322 4171 382 4236 tibi
406 4178 439 4234 et
461 4170 704 4234 successoribus
727 4171 790 4233 tuis
813 4170 1007 4233 auctoritate
1030 4171 1213 4252 apostolica
1236 4171 1475 4235 confirmamus.
1521 4169 1718 4248 Statuentes,
1742 4177 1777 4233 ut
1799 4171 1879 4234 nulli
1894 4169 1997 4246 liceat,

322 4261 465 4342 aliquem
495 4260 529 4323 in
558 4259 697 4323 ecclesia
724 4259 837 4322 maiori
871 4259 904 4322 in
935 4261 1128 4323 canonicam
1157 4260 1209 4324 vel
1239 4262 1272 4324 in
1303 4261 1447 4342 aliquam
1478 4260 1704 4341 prelationem,
1740 4279 1808 4322 non
1840 4261 1997 4340 requisito

322 4350 459 4414 consilio
483 4359 517 4412 et
538 4349 669 4413 licentia
691 4359 747 4411 tua
769 4353 1073 4413 seu'successomm
1095 4356 1235 4426 tuorum,
1259 4350 1413 4432 recipere,
1438 4367 1498 4412 nec
1520 4349 1673 4430 cuiquam
1690 4349 1739 4412 ias
1762 4350 1812 4425 sit,
1834 4349 1868 4412 in
1883 4349 1997 4413 ceteris

321 4438 467 4502 ecclesiis
489 4437 696 4521 capellanum
719 4437 844 4520 absque
859 4447 917 4501 tuo
933 4457 1095 4502 consensu
1111 4439 1278 4502 instituere
1296 4435 1325 4525 h)
1340 4439 1393 4502 vel
1409 4456 1571 4502 amovere.
1603 4436 1848 4502 correctionem
1866 4459 1997 4521 quoque

322 4529 556 4592 canonicorum
579 4527 714 4591 ecclesie
737 4538 791 4591 tue
815 4537 849 4590 et
877 4526 1013 4590 aliorum
1036 4527 1227 4592 clericorum
1255 4529 1300 4592 tui
1331 4528 1543 4611 episcopatus
1565 4534 1600 4590 et
1628 4528 1866 4591 monachorum
1895 4527 1996 4591 libere

321 4617 446 4681 habeas
469 4627 502 4681 et
525 4617 704 4680 eomndem
727 4617 982 4693 ordinationem,
1012 4617 1095 4681 sicut
1117 4618 1366 4700 predecessores
1397 4618 1441 4681 tui
1472 4617 1625 4681 habuisse
1655 4627 1850 4693 noscuntur,
1881 4618 1941 4681 tibi
1965 4627 1996 4680 et

321 4707 564 4771 successoribus
587 4707 650 4770 tuis
673 4706 826 4769 duximus
849 4707 1106 4770 concedendam.
1153 4706 1235 4770 lllud
1258 4708 1359 4771 etiam
1382 4707 1425 4769 ad
1448 4705 1619 4790 exemplar
1640 4707 1903 4789 supradictorum
1925 4727 1995 4790 pre·

321 4797 531 4860 decessorum
556 4803 741 4858 nostrorum
765 4795 963 4858 omnimodis
986 4797 1195 4871 sanctientes,
1220 4804 1255 4859 ut
1270 4795 1463 4860 Ferrariensi
1480 4795 1620 4862 ecclesia
1636 4816 1711 4859 cum
1730 4803 1803 4859 tota
1826 4795 1995 4878 parrochia

320 4907 380 4949 sua
402 4887 434 4948 in
457 4886 527 4948 iure
550 4893 583 4949 et
605 4885 753 4948 dominio
776 4904 815 4947 ac
838 4883 1004 4967 privilegio
1028 4893 1139 4949 sancte
1155 4885 1306 4949 Romane
1328 4885 1465 4949 ecclesie
1488 4885 1577 4948 beati
1600 4885 1696 4962 Petri,
1720 4886 1812 4948 cuius
1834 4893 1886 4948 est
1900 4885 1995 4968 patri·

322 4976 478 5050 monium,
509 4982 671 5057 perpetuo
701 4982 928 5051 conservetur,
957 4982 991 5038 et
1020 4976 1062 5038 sit
1091 4994 1224 5058 semper
1253 4975 1314 5038 sub
1345 4983 1455 5037 nostra
1487 4982 1741 5055 nostrorumque
1771 4993 1992 5038 successorum

321 5063 491 5141 electione,
517 5063 724 5127 ordinatione
746 5068 845 5143 atque
869 5064 1124 5141 consecratione,
1148 5072 1191 5142 ut,
1216 5066 1413 5144 quicumque
1437 5063 1502 5127 illic
1524 5063 1657 5140 electus,
1681 5064 1848 5127 ordinatus
1872 5073 1994 5128 etcon·

320 5161 467 5218 secratus
490 5151 599 5228 fuerit,
630 5151 685 5216 ille
708 5151 841 5216 honoris
864 5150 958 5216 huius
982 5173 1021 5216 ac
1045 5155 1218 5236 potestatis
1241 5153 1426 5236 integritate
1456 5151 1616 5236 fungatur.
1662 5153 1878 5217 Decernimus
1906 5172 1991 5236 ergo,

321 5252 357 5306 ut
372 5243 449 5306 nulli
466 5243 599 5306 omnino
615 5241 785 5306 hominurn
801 5241 850 5306 fas
866 5243 916 5319 sit,
940 5243 1102 5326 prefatam
1119 5242 1292 5307 ecclesiam
1308 5293 1315 5306 .
1332 5289 1339 5304 .
1357 5293 1363 5305 .
1380 5263 1493 5306 eorum
1510 5263 1571 5325 pro
1588 5263 1736 5324 quorum,
1760 5243 1992 5326 gubernatione

320 5353 360 5396 ac
382 5331 618 5396 sustentatione
640 5349 798 5396 concessa
819 5339 902 5408 sunt,
926 5333 1039 5397 usibus
1062 5330 1261 5397 omnimodis
1284 5331 1464 5416 profutura,
1487 5331 1577 5396 salva
1598 5332 1630 5394 in
1646 5331 1798 5397 omnibus
1814 5331 1992 5416 apostolice

481 5583 507 5646 a)
525 5579 666 5630 nominibus
684 5580 718 5629 II
791 5578 818 5640 b)
838 5585 923 5630 sancte
942 5578 1023 5629 Marie
1042 5581 1075 5630 II
1140 5581 1165 5641 c)
1185 5577 1310 5630 Cimsello
1329 5581 1363 5630 II
1431 5579 1459 5643 d)
1479 5579 1592 5629 Durante
1612 5580 1631 5629 I
1697 5580 1722 5646 c)
1740 5593 1788 5628 von
1808 5585 1901 5628 curtem
1915 5574 1991 5626 Porti·

322 5651 466 5702 clamatoris
483 5669 518 5702 an
534 5652 604 5718 fehlt
621 5651 647 5701 in
665 5651 685 5700 I
762 5651 950 5717 OPontnnarie
970 5651 1004 5699 II
1080 5653 1108 5720 g)
1124 5651 1219 5700 Bosclo
1238 5651 1257 5699 I
1334 5651 1362 5719 h)
1383 5653 1532 5703 constituere
1551 5652 1573 5702 I.
1593 5689 1644 5696 ..-
1664 5654 1700 5718 .1)
1726 5651 1803 5716 Vergl.
1823 5649 1861 5700 die
1880 5647 1991 5700 ΗΜ

321 5741 376 5778 vom
394 5724 468 5790 Aput
483 5725 544 5776 978.
618 5733 644 5789 2)
664 5724 759 5789 Slesan,
779 5725 883 5790 Bisthof
895 5739 943 5773 von
961 5722 1076 5789 Ferrara,
1096 5723 1279 5774 1186-1189.
