4126 6356
1680 369 1737 436 151

79 543 136 605 tuis
158 541 247 603 iustis
270 539 485 621 petitionibus
508 537 687 621 benignum
716 533 970 602 accomodantes
994 559 1168 615 assensum,
1201 540 1243 602 ad
1276 541 1445 623 exemplar
1473 544 1743 624 predecessorum

78 641 255 694 nostrorum
277 630 399 692 Leonis
431 631 509 691 noni
530 628 553 713 ¹)
584 637 617 692 et
639 629 821 691 Alexandri
852 627 986 689 secundi
1004 626 1038 712 Ξ),
1070 630 1294 692 Romanorum
1325 631 1527 712 pontificum,
1561 634 1742 714 predictam

77 723 324 784 Lateranensem
349 717 529 794 ecclesiam,
561 719 610 781 cui
636 718 699 780 deo
729 728 861 780 auctore
884 736 1015 797 preesse
1039 717 1225 794 dinosceris,
1257 721 1439 801 apostolice
1462 722 1549 784 sedis
1572 723 1742 804 privilegio

78 811 318 872 communimus.
380 807 584 882 Statuentes,
633 813 668 868 ut
708 825 931 888 quascumque
969 808 1209 886 possessiones,
1258 830 1462 891 quecumque
1499 810 1589 873 bona
1626 812 1743 873 eadem

79 900 208 962 ecclesia
230 898 262 959 in
287 898 523 977 presentiarum
548 898 630 958 iuste
658 906 691 957 et
722 897 879 958 canonice
902 895 1065 975 possidet,
1099 907 1154 958 aut
1185 898 1216 959 in
1249 898 1388 960 futurum
1421 901 1631 962 concessione
1661 920 1742 980 pon-

77 989 209 1062 tificum,
248 986 421 1067 largitione
461 1005 574 1067 regum
603 985 655 1047 vel
686 986 888 1066 principum,
929 983 1098 1046 oblatione
1136 985 1279 1049 fidelium
1319 1009 1375 1049 seu
1410 988 1480 1050 aliis
1512 989 1603 1051 iustis
1635 990 1743 1050 modis

78 1079 136 1140 deo
162 1075 308 1158 propitio
339 1076 462 1156 poterit
494 1074 645 1156 adipisci,
677 1074 769 1137 firma
793 1073 852 1136 tibi
876 1073 1004 1153 tuisque
1031 1075 1272 1137 successoribus
1303 1087 1336 1138 et
1367 1076 1491 1138 illibata
1521 1088 1742 1157 permaneant.

77 1165 250 1246 inquibus
277 1164 339 1227 hec
369 1164 510 1245 propriis
544 1164 696 1225 duximus
724 1161 941 1246 exprimenda
963 1162 1147 1226 vocabulis:
1188 1165 1359 1227 ecclesiam
1391 1166 1494 1228 sancti
1518 1165 1671 1229 Iohannis
1700 1167 1742 1229 ad

77 1257 194 1317 Fontes
225 1264 258 1316 et
288 1253 492 1316 oblationem
531 1253 631 1334 ipsius
670 1253 779 1316 altaris
810 1252 863 1314 vel
904 1250 1040 1313 ecclesie
1082 1253 1113 1313 in
1150 1253 1327 1334 integrum,
1367 1275 1426 1317 nec
1465 1275 1531 1317 non
1572 1256 1742 1319 ecclesiam

76 1345 172 1408 sancti
195 1342 351 1405 Iohannis
374 1341 592 1423 Evangeliste‚
625 1341 797 1404 ecclesiam
827 1348 940 1403 sancte
968 1337 1087 1416 Crucis
1118 1342 1288 1404 ecclesiam
1319 1345 1422 1406 sancti
1445 1341 1609 1420 Venantii,
1642 1345 1742 1408 eccle-

77 1433 152 1496 siam
175 1441 360 1494 sanctarum
383 1431 502 1493 Rufine
525 1441 559 1494 et
582 1427 734 1494 Secunde
758 1451 831 1494 cum
856 1427 1009 1492 omnibus
1039 1429 1082 1491 ad
1105 1451 1140 1492 se
1169 1432 1416 1512 pertinentibus
1447 1454 1489 1496 ex
1521 1433 1610 1496 dono
1642 1434 1743 1496 felicis

77 1521 226 1584 memorie
263 1520 504 1602 predecessoris
544 1521 647 1582 nostri
686 1541 774 1601 pape
809 1520 900 1584 Lucii
931 1517 956 1604 ³)
989 1517 1160 1581 ecclesiam
1194 1523 1297 1584 sancti
1330 1523 1461 1584 loannis
1499 1529 1574 1586 ante
1612 1530 1743 1604 portam

76 1611 219 1673 Latinam
245 1629 318 1672 cum
343 1609 478 1691 capellis
502 1619 534 1672 et
557 1609 711 1671 omnibus
734 1610 777 1672 ad
800 1630 835 1672 se
859 1607 1106 1689 pertinentibus
1138 1619 1170 1673 et
1193 1610 1357 1692 hospitale
1380 1611 1464 1673 infra
1486 1622 1616 1693 portam
1639 1613 1742 1674 sancti

76 1700 224 1764 iohannis
247 1718 323 1761 cum
346 1699 500 1760 omnibus
523 1699 727 1779 pertinentiis
751 1700 825 1774 suis,
856 1697 1026 1760 ecclesiam
1054 1699 1157 1760 sancti
1181 1697 1404 1762 Bartholomei
1435 1721 1508 1763 cum
1540 1702 1743 1782 pertinentiis

76 1791 149 1865 suis,
181 1787 353 1850 ecclesiam
384 1789 489 1849 sancti
514 1788 678 1862 Danielis,
710 1796 850 1851 castrum
878 1787 969 1852 Plate
1001 1807 1075 1848 cum
1108 1787 1252 1850 ecclesiis
1284 1799 1317 1851 et
1347 1790 1500 1852 omnibus
1530 1791 1742 1870 pertinentiis,

76 1879 241 1941 ecclesiam
264 1885 377 1940 sancte
400 1877 504 1938 Marie
528 1877 620 1939 collis
644 1877 745 1958 Scipii
776 1897 850 1940 cum
881 1877 1094 1957 pertinentiis,
1128 1877 1318 1940 suburbium
1352 1878 1442 1958 quod
1474 1889 1523 1941 est
1551 1880 1636 1941 circa
1659 1878 1744 1942 Con-

75 1968 300 2030 stantinianam
325 1966 495 2028 basilicam
519 1967 550 2026 in
567 1965 715 2029 Stabello
740 1967 831 2030 iuxta
853 1985 980 2028 sacrum
996 1965 1154 2044 palatium
1171 1986 1244 2028 cum
1262 1968 1415 2030 domibus
1439 1987 1519 2049 quas
1539 1968 1584 2030 ibi
1605 1966 1742 2044 habetis

77 2057 187 2119 domos
212 2075 293 2137 quas
315 2054 445 2118 habetis
468 2055 501 2116 in
525 2056 655 2131 Forma,
691 2055 809 2118 domos
840 2075 921 2138 quas
951 2053 1080 2118 habetis
1108 2055 1140 2116 in
1165 2055 1327 2133 Cancello,
1359 2057 1477 2120 domos
1501 2078 1582 2138 quas
1616 2056 1744 2120 habetis

77 2147 105 2208 in
126 2145 188 2208 Via
218 2145 342 2219 maiori,
374 2154 516 2206 castrum
547 2145 639 2206 vallis
664 2145 833 2208 Montonis
865 2164 940 2206 cum
970 2143 1115 2207 ecclesiis
1146 2152 1179 2207 et
1210 2146 1363 2209 omnibus
1392 2147 1434 2208 ad
1465 2147 1572 2227 ipsum
1603 2157 1742 2210 castrum

76 2233 317 2316 pertinentibus,
342 2244 482 2296 castrum
507 2233 704 2296 Metellanici
729 2254 802 2296 cum
827 2233 972 2297 ecclesiis
996 2244 1029 2296 et
1051 2233 1205 2296 omnibus
1225 2235 1267 2296 ad
1298 2236 1405 2316 ipsum
1428 2236 1681 2329 pertinentibus
1705 2255 1744 2298 ea

78 2345 134 2404 que
156 2321 287 2386 habetis
311 2322 491 2386 aGuarino
516 2323 547 2384 in
571 2322 679 2398 Portu,
704 2334 772 2387 tam
797 2325 829 2386 in
853 2323 1030 2386 mobilibus
1054 2342 1153 2402 quam
1174 2323 1207 2384 in
1223 2324 1454 2400 immobilibus,
1479 2345 1518 2387 ea
1535 2345 1599 2406 que
1614 2324 1743 2386 habetis

76 2413 104 2475 in
119 2413 253 2475 circuitu
268 2421 374 2474 vestre
391 2411 536 2486 ecclesie,
553 2421 654 2474 terras
669 2413 830 2490 videlicet,
848 2423 938 2476 ortos
954 2422 987 2473 et
1002 2412 1108 2474 lacum
1118 2412 1288 2475 Decennia
1303 2434 1376 2476 cum
1394 2415 1517 2495 cryptis
1533 2423 1565 2475 et
1576 2414 1744 2494 parietinis

77 2523 110 2564 ac
132 2501 324 2582 cannapinis
352 2520 426 2562 cum
451 2501 623 2564 arboribus
647 2502 804 2564 olivarum
829 2513 958 2565 etcum
982 2501 1135 2564 omnibus
1158 2521 1268 2563 earum
1292 2504 1504 2583 pertinentiis,
1533 2503 1700 2583 incipienti
1725 2523 1744 2564 a

77 2591 185 2654 vincali
198 2591 304 2653 sancti
317 2590 446 2652 Nicolai
463 2591 554 2652 iuxta
562 2591 725 2666 Formam,
739 2599 897 2672 pergente
913 2611 973 2671 per
981 2589 1184 2653 Decenniam
1200 2611 1303 2672 usque
1315 2593 1348 2654 in
1360 2603 1480 2655 terram
1490 2593 1593 2654 sancti
1605 2591 1742 2667 Thome,

77 2682 179 2742 turrim
195 2688 341 2743 vestram
357 2699 431 2741 cum
447 2678 549 2741 lundo
570 2688 602 2742 et
618 2701 693 2742 cum
707 2681 810 2742 vineis
826 2683 858 2743 in
876 2681 949 2744 loco
967 2681 1022 2760 qui
1039 2679 1156 2742 dicitur
1171 2679 1213 2741 ad
1231 2691 1381 2760 quartum
1397 2681 1532 2743 fundum
1549 2679 1742 2756 Tabemule,

79 2769 205 2831 sundum
214 2767 333 2849 Campi
351 2769 476 2842 nataliS,
502 2768 638 2830 fundum
654 2781 766 2832 sancte
782 2769 883 2832 Lucie
900 2771 932 2832 in
947 2770 1075 2844 Renati,
1100 2768 1235 2830 fundum
1252 2771 1279 2831 F
1281 2771 1411 2845 avaroli,
1437 2770 1571 2832 fundum
1588 2769 1744 2832 Amarale

78 2878 143 2921 cum
155 2867 263 2941 prat0,
277 2857 384 2919 casale
397 2857 485 2937 apud
501 2867 649 2920 sanctam
657 2859 803 2940 Dignam
815 2868 848 2921 et
859 2858 1019 2933 Meritam,
1037 2859 1149 2920 vineas
1163 2879 1244 2939 quas
1252 2856 1379 2922 habetis
1391 2860 1424 2921 in
1437 2868 1584 2921 montem
1593 2859 1742 2933 Honorii‚

77 2948 179 3010 uineas
195 2947 230 3009 in
249 2944 345 3008 Circo
367 2946 478 3018 veteri,
502 2946 612 3008 vineas
636 2948 669 3008 in
693 2948 777 3010 valle
793 2948 854 3012 sub
876 2949 1026 3030 granario
1042 2957 1160 3010 vestro.
1192 2947 1343 3011 Preterea
1365 2968 1426 3010 nos
1447 2947 1617 3010 ecclesiam
1639 2948 1743 3010 sancti

79 3036 219 3118 Gregorii
247 3036 279 3097 in
296 3035 421 3098 Marcio
437 3054 511 3096 cum
527 3036 661 3116 palatio,
679 3037 711 3098 in
728 3057 794 3119 quo
812 3039 883 3119 ipsa
900 3036 1037 3100 ecclesia
1053 3037 1115 3099 sita
1134 3046 1191 3110 est,
1208 3057 1281 3099 cum
1300 3038 1461 3112 domibus,
1478 3037 1637 3112 casalinis
1655 3037 1742 3112 ortis

78 3124 272 3207 cannapinis
290 3125 423 3205 cryptis,
443 3125 611 3205 parietinis
627 3136 660 3187 et
676 3127 829 3189 omnibus
845 3126 1050 3208 pertinentiis
1065 3126 1139 3201 suis
1154 3146 1214 3187 nec
1223 3147 1290 3188 non
1303 3137 1336 3189 et
1350 3126 1574 3189 molendinum
1585 3127 1618 3187 in
1627 3124 1744 3206 Capite

79 3214 131 3277 laci
147 3223 243 3277 extra
259 3224 390 3295 portam
406 3215 509 3275 sancti
533 3214 689 3277 Iohannis
713 3236 755 3278 ex
777 3216 972 3278 liberalitate
987 3215 1074 3277 sedis
1090 3216 1273 3295 apostolice
1295 3216 1391 3279 vobis
1415 3216 1596 3296 vestrisque
1618 3233 1744 3276 succes·

77 3305 196 3367 soribus
206 3305 241 3365 in
253 3313 448 3383 perpetuum
460 3304 671 3366 concedimus
680 3314 713 3366 et
724 3307 884 3385 presentis
896 3303 1007 3384 scripti
1021 3305 1199 3366 munimine
1211 3304 1412 3380 roboramus,
1426 3306 1502 3367 utin
1513 3305 1581 3366 vita
1589 3313 1700 3366 nostra
1712 3313 1745 3365 et

78 3403 146 3473 post
168 3393 299 3456 obitum
315 3401 461 3454 nostrum
477 3392 628 3472 specialis
645 3395 751 3455 oratio
768 3394 884 3475 iugiter
900 3415 920 3456 a
934 3393 1029 3469 vobis
1045 3393 1102 3455 liat
1118 3393 1160 3455 ad
1177 3393 1275 3456 deum
1290 3415 1351 3476 pro
1368 3394 1474 3458 nobis.
1513 3393 1648 3455 Terram
1665 3412 1743 3473 quo-

78 3501 134 3562 que
152 3493 310 3556 nostram,
333 3481 424 3542 iuxta
446 3480 609 3561 prelatum
634 3482 860 3546 molendinum
883 3478 988 3557 sitam,¹
1015 3480 1112 3545 vobis
1136 3502 1178 3544 ex
1201 3482 1404 3563 benignitate
1427 3483 1634 3546 restituimus
1679 3481 1744 3544 De·

78 3572 231 3634 cernimus
255 3589 343 3650 erg0,
368 3579 403 3632 ut
427 3569 504 3630 nulli
528 3571 662 3632 omnino
694 3571 864 3635 hominum
893 3573 997 3646 liceat,
1021 3570 1184 3652 prefatam
1207 3572 1379 3634 ecclesiam
1404 3623 1410 3636 .
1436 3623 1441 3635 .
1467 3621 1474 3635 .
1499 3570 1611 3632 usibus
1642 3571 1743 3632 omni·

78 3661 176 3724 modis
191 3659 373 3742 profutura.
419 3657 455 3721 Si
479 3679 545 3740 qua
567 3659 690 3741 igitur.
714 3709 719 3721 .
742 3710 747 3722 .
773 3660 906 3724 Cunctis
923 3671 1032 3724 autem
1049 3706 1056 3720 .
1074 3709 1080 3722 .
1098 3709 1104 3722 .
1122 3661 1297 3722 inveniant.
1336 3660 1455 3724 Arnen.
1479 3661 1599 3723 Amen.
1624 3659 1743 3721 Amen.

285 3743 339 3830 (R)
363 3747 435 3828 Ego
459 3747 655 3810 Anastasius
678 3749 840 3812 catholice
864 3750 1000 3814 ecclesie
1023 3750 1199 3830 episcopus
1222 3770 1262 3812 ss.
1286 3746 1348 3835 (M)

284 3837 306 3915 †
327 3837 400 3917 Ego
424 3836 564 3899 Ymarus
587 3837 790 3901 Tusculanus
814 3841 990 3921 episcopus
1013 3859 1055 3901 55.

284 3926 305 4001 †
328 3925 402 4007 Ego
426 3924 586 3988 Guarinus
609 3927 864 3991 Prenestinensis
888 3929 1024 3992 ecclesie
1047 3928 1222 4009 episcopus
1244 3947 1285 3990 ss.

285 4011 306 4096 †
329 4015 402 4095 Ego
426 4015 526 4095 Hugo
551 4016 712 4080 Ostiensis
735 4018 911 4099 episcopus
934 4040 975 4081 ss.

284 4104 305 4182 †
328 4103 401 4184 Ego
425 4102 602 4184 Gregorius
625 4106 788 4185 presbiter
810 4108 983 4170 cardinalis
1006 4107 1053 4169 tit.
1078 4103 1196 4168 Calixti
1221 4125 1261 4168 ss

285 4190 305 4271 †
328 4192 400 4273 Ego
424 4191 534 4255 Guido
558 4195 720 4274 presbiter
742 4196 915 4259 cardinalis
938 4197 985 4259 tit.
1009 4195 1112 4257 sancti
1137 4193 1312 4274 Grisogoni
1337 4213 1377 4255 ss.

284 4281 306 4359 †
328 4281 402 4362 Ego
426 4281 600 4344 Hubaldus
623 4284 786 4364 presbiter
808 4286 981 4348 cardinalis
1004 4286 1051 4347 tit.
1074 4284 1177 4346 sancti
1200 4282 1357 4345 Praxedis
1380 4303 1421 4343 ss.

284 4371 306 4446 †
328 4371 402 4451 Ego
425 4368 599 4433 Aribertus
621 4374 783 4453 presbiter
806 4375 979 4438 cardinalis
1003 4375 1050 4436 tit.
1074 4382 1186 4436 sancte
1209 4371 1385 4434 Anastasie
1407 4392 1448 4434 ss.

285 4459 306 4538 †
329 4459 402 4540 Ego
426 4459 523 4521 lulius
546 4461 709 4541 presbiter
731 4464 903 4526 cardinalis
926 4465 974 4526 tit.
998 4464 1101 4526 sancti
1126 4461 1271 4524 Marcelli
1295 4481 1335 4524 ss

286 4549 306 4627 †
330 4546 403 4629 Ego
427 4547 536 4611 Guido
559 4550 722 4630 presbiter
744 4553 916 4616 cardinalis
939 4555 986 4616 tit.
1009 4552 1152 4615 Pastoris
1175 4571 1217 4612 ss.

285 4637 306 4714 †
329 4637 402 4718 Ego
426 4637 609 4700 Bernardus
633 4641 794 4720 presbiter
816 4643 989 4705 cardinalis
1012 4643 1060 4704 tit.
1083 4641 1187 4703 sancti
1212 4639 1389 4702 Clementis
1411 4659 1452 4701 ss.

284 4727 305 4805 †
327 4726 400 4806 Ego
428 4724 586 4790 Iordanus
609 4729 771 4808 presbiter
799 4732 971 4794 cardinalis
994 4733 1042 4794 tit.
1066 4740 1249 4792 sanctarum
1273 4727 1422 4791 Susanne
1445 4737 1478 4790 et
1498 4727 1677 4791 Felicitatis
1701 4749 1743 4792 55.

285 4815 306 4894 †
328 4816 401 4896 Ego
426 4816 626 4879 Octavianus
650 4819 812 4899 presbiter
835 4822 1007 4884 cardinalis
1031 4821 1078 4883 tit.
1102 4831 1213 4881 sancte
1238 4817 1357 4880 Cecilie
1381 4839 1422 4879 55.

285 4905 401 4985 †Ego
425 4903 589 4968 Gerardus
612 4907 774 4987 presbiter
804 4911 976 4972 cardinalis
1006 4911 1054 4972 tit.
1078 4910 1181 4970 sancti
1206 4905 1364 4987 Stephani
1395 4907 1428 4967 in
1452 4903 1544 4967 Celio
1569 4915 1681 4968 monte
1704 4926 1743 4968 ss.

286 4989 306 5073 †
330 4995 402 5074 Ego
426 4993 586 5057 Henricus
609 4997 771 5076 presbiter
794 4999 966 5061 cardinalis
989 5000 1036 5061 tit.
1059 5008 1247 5060 sanctorum
1271 4996 1367 5057 Nerei
1392 5006 1425 5056 et
1448 4992 1589 5056 Achillei
1613 5015 1653 5056 ss.

286 5078 306 5162 †
331 5079 403 5162 Ego
426 5081 588 5145 Iohannes
612 5087 773 5165 presbiter
795 5087 968 5150 cardinalis
992 5089 1038 5150 tit.
1062 5098 1248 5150 sanctorum
1273 5080 1419 5146 Silvestri
1443 5092 1476 5144 et
1500 5083 1630 5145 Martini
1655 5103 1696 5146 55.

286 5172 306 5250 †
329 5171 403 5252 Ego
427 5171 527 5234 Oddo
553 5173 710 5237 diaconus
734 5177 905 5239 cardinalis
928 5178 1032 5240 sancti
1056 5176 1188 5257 Georgii
1213 5175 1255 5236 ad
1279 5173 1396 5235 Velum
1422 5192 1554 5234 aureum
1577 5193 1616 5236 ss.

286 5256 307 5339 †
329 5259 403 5340 Ego
427 5261 622 5342 Rodulphus
646 5263 803 5328 diaconus
827 5267 999 5328 cardinalis
1022 5278 1133 5328 sancte
1156 5265 1258 5327 Lucie
1281 5263 1314 5324 in
1338 5262 1442 5344 Septa
1464 5262 1541 5324 solis
1563 5283 1604 5324 ss.

285 5349 305 5427 †
328 5348 402 5430 Ego
426 5348 536 5412 Guido
560 5351 718 5415 diaconus
741 5354 914 5418 cardinalis
937 5366 1050 5417 sancte
1074 5355 1177 5416 Marie
1200 5355 1233 5415 in
1256 5352 1386 5415 Porticu
1410 5371 1450 5414 55.

285 5436 305 5517 †
328 5439 402 5518 Ego
425 5436 588 5501 Iohannes
612 5440 769 5506 diaconus
793 5445 966 5506 cardinalis
989 5454 1176 5507 sanctorum
1200 5443 1305 5524 Sergii
1329 5452 1362 5504 et
1385 5439 1487 5502 Bachi
1510 5459 1550 5502 ss.

284 5524 305 5606 †
327 5527 401 5608 Ego
425 5527 502 5590 Odo
528 5528 684 5593 diaconus
708 5533 881 5596 cardinalis
904 5535 1007 5596 sancti
1030 5533 1159 5596 Nicolai
1183 5535 1215 5596 in
1239 5550 1369 5595 carcere
1392 5529 1543 5591 Tulliano
1566 5548 1607 5590 ss.

84 5635 497 5653 ’Ἢ

234 5686 259 5746 ι)
283 5682 343 5732 Urk.
356 5686 423 5733 1049
437 5685 500 5749 Sept.
513 5715 546 5723 -
563 5690 629 5738 1050
642 5689 704 5752 Sept.
776 5692 803 5757 2)
822 5691 901 5740 Nicht
916 5690 1030 5752 erlulren,
1048 5695 1124 5756 vergl.
1144 5687 1541 5741 dieUrk.vom3ODer.1153.
1613 5684 1640 5748 3)
1666 5682 1744 5748 Vergl·

83 5747 115 5796 dit
134 5751 191 5803 Urk.
210 5769 265 5802 vom
285 5755 318 5805 31
339 5754 445 5818 Jamaar
463 5759 538 5807 1146.
