4126 6366
348 305 412 371 30²

346 477 496 543 tinenciis
511 479 585 541 suis.
631 478 667 541 ln
683 475 834 541 Calabria
850 475 1022 540 ecclesiam
1037 487 1150 542 sancte
1167 479 1270 542 Marie
1294 477 1336 541 de
1353 478 1481 542 Maecia
1500 477 1537 558 ἃ),
1561 486 1594 540 et
1609 475 1770 559 capellam
1795 478 1903 540 sancti
1921 478 2019 540 Mauri

346 568 434 651 apud
458 567 642 631 Russanum
665 587 740 631 cum
763 565 917 628 omnibus
940 568 1127 630 tenimentis
1151 575 1185 631 et
1207 568 1417 650 pertinenciis
1440 587 1560 632 earum.
1606 566 1642 629 In
1670 566 1803 629 civitate
1827 566 1982 630 Panormi
2000 568 2020 644 Ι)

346 667 379 720 et
406 657 616 739 pertinenciis
656 657 725 720 eius
758 655 909 731 domum,
944 677 1008 738 que
1032 657 1092 720 fuit
1116 659 1285 739 quondam
1308 656 1407 739 Gayti
1433 655 1580 730 Martini,
1612 657 1691 737 regii
1716 656 1904 731 camerarii,
1938 657 2021 738 apud

345 747 543 809 Kemoniam
567 766 642 809 cum
666 745 792 808 iardino
816 755 850 807 et
873 746 1027 809 omnibus
1043 747 1251 828 pertinenciis
1281 747 1365 826 suis,
1395 756 1428 810 et
1460 748 1552 810 iuxta
1582 755 1714 827 portam
1737 745 1834 820 Rote,
1868 746 1974 809 libere
1993 757 2022 808 et

345 836 471 917 absque
493 835 603 917 aliqua
627 835 769 910 datione,
794 834 1020 897 molendinum
1044 855 1144 899 unum
1168 837 1210 899 ad
1235 835 1406 899 molandas
1430 855 1551 900 cannas
1567 834 1680 911 mellis,
1705 834 1796 915 quod
1812 834 2021 898 Sarracenice

345 925 470 999 dicitur,
495 944 637 988 massam
655 921 685 1008 b)
708 945 782 987 cum
806 924 959 987 omnibus
982 924 1115 988 iusticiis
1138 935 1173 988 et
1196 924 1402 1008 pertinenciis
1425 927 1499 1000 suis,
1528 925 1658 988 vineam
1682 944 1747 1005 que
1770 924 1833 986 suit
1857 925 2022 1006 quondam

344 1015 461 1077 notarii
478 1010 643 1095 Symonis,
668 1034 767 1097 quam
791 1014 881 1095 regia
896 1015 985 1076 curia
1000 1015 1079 1077 emit
1094 1015 1136 1076 ab
1153 1034 1202 1090 eo,
1228 1035 1302 1078 cum
1318 1015 1404 1091 turri,
1430 1015 1599 1078 caminetis
1616 1023 1649 1076 et
1665 1013 1819 1077 omnibus
1836 1015 2022 1077 tenimentis

343 1105 417 1177 suis
448 1104 579 1166 vineam
610 1124 675 1185 que
706 1104 766 1166 suit
797 1104 965 1185 quondam
989 1103 1134 1167 Silvestri
1169 1105 1298 1167 comitis
1323 1105 1468 1181 Marsici,
1502 1124 1601 1186 quam
1631 1103 1720 1165 curia
1750 1103 1831 1165 emit
1861 1124 1882 1166 a
1906 1105 2022 1166 comite

344 1191 523 1256 Wilhelmo
547 1192 614 1256 filio
645 1194 722 1267 eius,
753 1192 889 1255 domum
914 1213 1046 1275 quoque
1070 1193 1215 1275 ipsorum
1238 1194 1382 1276 positam
1406 1195 1497 1258 iuxta
1520 1193 1692 1257 ecclesiam
1715 1201 1830 1256 sancte
1856 1194 1964 1256 Marie
1986 1193 2023 1256 de

342 1281 494 1345 Amirato
511 1302 586 1344 cum
602 1281 761 1364 cappella,
788 1281 890 1358 furno,
915 1283 994 1345 ortis
1011 1293 1044 1346 et
1060 1283 1212 1346 omnibus
1229 1283 1416 1346 tenimentis
1432 1305 1470 1346 ac
1487 1283 1696 1366 pertinenciis
1711 1283 1786 1358 suis,
1803 1291 1838 1344 et
1854 1283 2022 1358 iardinum,

344 1371 435 1453 quod
459 1371 576 1435 dicitur
599 1370 758 1445 Marandi,
791 1371 881 1453 quod
910 1380 960 1434 est
982 1373 1097 1435 subtus
1121 1393 1241 1454 aquam
1265 1372 1396 1437 Cribelli
1429 1393 1504 1436 cum
1537 1371 1690 1435 omnibus
1722 1371 1860 1434 iusticiis
1892 1381 1928 1434 et
1958 1392 2022 1453 per·

344 1461 494 1524 tinenciis
510 1461 583 1537 suis,
609 1461 951 1542 tunnariamquoque,
977 1482 1041 1543 que
1065 1472 1114 1524 est
1137 1463 1169 1524 in
1195 1462 1306 1538 insula,
1333 1483 1395 1545 que
1417 1463 1534 1525 dicitur
1549 1461 1642 1536 Fimi‚
1667 1480 1773 1542 prope
1789 1471 1928 1542 portum
1945 1461 2022 1536 Gali,

344 1570 418 1614 cum
433 1551 587 1613 omnibus
602 1550 820 1632 pertinenciis,
845 1550 979 1613 iusticiis
994 1558 1027 1614 et
1043 1551 1228 1615 racionibus
1251 1553 1326 1627 suis,
1352 1562 1386 1614 ut
1402 1552 1491 1614 omni
1509 1561 1659 1632 tempore
1685 1550 1784 1612 liceat
1808 1550 1872 1631 ipsi
1890 1550 2023 1613 ecclesie

343 1640 386 1703 ad
410 1639 584 1702 utilitatem
599 1660 691 1702 suam
707 1639 925 1721 piscationem
941 1650 1116 1703 turinorum
1133 1641 1185 1704 vel
1202 1641 1281 1705 alias
1297 1641 1460 1715 utilitates,
1485 1658 1709 1722 quascumque
1724 1639 1874 1715 voluerit,
1901 1639 2023 1718 absque

343 1730 517 1792 exactione
541 1729 650 1810 aliqua
673 1748 833 1792 exercere.
879 1727 917 1790 ln
940 1727 1065 1812 Apulia
1087 1751 1165 1793 vero
1190 1731 1356 1794 civitatem
1380 1729 1507 1794 Bitecte
1537 1749 1612 1792 cum
1641 1728 1796 1791 omnibus
1828 1729 1926 1792 iustis
1949 1729 2023 1791 teni·

344 1817 460 1881 mentis
483 1828 517 1881 et
539 1818 749 1900 pertinenciis
779 1819 854 1894 suis,
882 1827 949 1880 tarn
975 1819 1007 1882 in
1032 1819 1199 1896 demani0‚
1235 1840 1333 1901 quarn
1357 1821 1391 1882 in
1421 1819 1574 1893 serviem,
1607 1819 1691 1881 sicut
1719 1817 1761 1880 ab
1795 1818 1921 1880 eodem
1953 1839 2023 1900 rege

343 1907 468 1989 absque
492 1909 582 1971 omni
606 1907 780 1970 exactione
802 1907 928 1970 servicii
953 1909 1031 1972 data
1054 1919 1159 1972 estet
1183 1909 1353 1991 privilegio
1371 1909 1571 1973 confirmata.
1611 1907 1663 1969 Ex
1678 1905 1859 1989 largicione
1875 1919 2024 1989 preterea

343 1997 432 2079 regia
454 1996 654 2060 Busakiuum
682 2017 757 2060 curn
788 1996 941 2060 omnibus
973 1998 1161 2061 tenimentis
1193 2008 1226 2061 et
1257 1999 1467 2080 pertinenciis
1498 1998 1572 2073 suiS,
1597 1997 1698 2060 libere
1728 2016 1768 2058 ac
1790 1997 1864 2060 sine
1887 1997 2023 2060 servicio

342 2097 504 2168 perpetuo
528 2086 774 2168 possidendum,
808 2085 980 2150 ecclesiam
1004 2107 1138 2169 quoque
1160 2088 1263 2151 sancti
1281 2085 1421 2170 Spiritus
1453 2089 1495 2150 de
1517 2086 1702 2150 Brundusio
1733 2105 1809 2148 cum
1837 2086 2023 2150 tenimentis

342 2176 408 2238 suis
427 2172 464 2262 c),
495 2186 527 2239 et
550 2183 656 2240 totam
678 2185 807 2251 terram,
841 2196 905 2257 que
936 2176 996 2239 fuit
1019 2175 1098 2239 olim
1122 2176 1307 2241 Geolsredis
1341 2178 1382 2240 de
1404 2176 1582 2241 Batallario
1613 2195 1688 2238 cum
1718 2175 1873 2238 omnibus
1899 2175 2024 2238 villanis

341 2285 380 2326 ac
404 2265 496 2328 iustis
519 2265 707 2328 tenimentis
730 2276 763 2328 et
785 2265 996 2346 pertinenciis
1019 2266 1094 2342 suis,
1119 2259 1286 2330 libertates
1310 2278 1460 2348 preterea
1483 2275 1516 2328 et
1539 2265 1770 2340 immunitates,
1794 2265 1908 2327 eidem
1932 2285 2023 2328 vene·

342 2353 435 2417 rabili
466 2354 541 2417 loco
565 2375 585 2417 a
607 2355 673 2417 iam
706 2355 796 2418 dicto
821 2374 897 2437 rege
921 2375 1094 2419 concessas
1118 2363 1150 2419 et
1174 2356 1345 2438 privilegio
1369 2356 1588 2431 confirmatas,
1621 2353 1815 2418 auctoritate
1838 2354 2025 2435 apostolica

341 2443 575 2506 confirmamus
606 2452 639 2507 et
669 2445 838 2525 perpetuis
861 2444 1067 2527 temporibus
1091 2445 1233 2509 illibatas
1258 2465 1389 2509 manere
1413 2445 1600 2521 sanctimus,
1633 2463 1698 2525 que
1721 2444 1835 2524 utique
1858 2443 1975 2507 taliter
1995 2445 2025 2507 in

340 2532 462 2615 scripto
479 2534 548 2596 eius
564 2533 717 2615 leguntur
732 2554 900 2616 expresse:
925 2534 1146 2599 Concedimus
1165 2531 1195 2621 d)
1211 2546 1385 2617 pretaxato
1403 2535 1603 2598 monasterio
1619 2532 1756 2596 liberam
1773 2539 1983 2614 potestatem
2001 2531 2026 2618 e)

341 2643 473 2704 semper
494 2621 637 2686 habendi
661 2623 806 2706 quinque
832 2623 981 2706 sagitti'as
1012 2625 1045 2686 in
1076 2635 1174 2707 portu
1198 2626 1351 2689 Panormi
1385 2635 1417 2689 et
1449 2625 1538 2700 mari,
1570 2624 1679 2687 eidem
1702 2623 1825 2686 civitati
1850 2623 2026 2699 adiacenti,

341 2711 393 2776 vel
416 2712 614 2794 ubicumque
637 2712 670 2775 in
686 2711 798 2776 Sicilia
814 2719 869 2775 aut
885 2714 918 2775 in
943 2713 1015 2777 aliis
1038 2714 1186 2796 partibus
1210 2715 1300 2798 regni
1324 2715 1426 2778 nostri
1443 2710 1469 2798 ¹)
1493 2714 1597 2777 abbas
1616 2711 1644 2798 s)
1668 2711 1815 2775 eiusdem
1831 2713 2025 2776 monasterii

342 2823 398 2866 eas
420 2800 543 2865 habere
565 2801 713 2877 voluerit,
738 2822 802 2884 que
825 2801 868 2864 ad
884 2821 969 2884 opus
985 2813 1166 2868 conventus
1181 2804 1328 2868 eiusdem
1345 2805 1446 2868 libere
1463 2803 1608 2866 officium
1629 2801 1821 2884 piscationis
1836 2811 2024 2880 exerceant,

342 2911 403 2955 nec
426 2890 522 2954 liceat
552 2891 670 2954 baiulis
694 2891 777 2955 illius
800 2900 885 2954 terre
907 2893 959 2955 vel
983 2892 1056 2970 loci,
1088 2893 1144 2956 ubi
1176 2895 1324 2976 sagittias
1354 2895 1442 2976 ipsas
1466 2894 1508 2956 ad
1532 2891 1727 2974 piscandum
1750 2892 1940 2968 statuerint,
1972 2913 2023 2955 seu

342 2981 436 3044 alicui
461 3001 516 3044 eas
540 2980 617 3044 inde
641 2980 743 3044 modo
774 2980 923 3062 quolibet
955 2982 1123 3064 impedire,
1156 2989 1211 3045 aut
1234 2984 1283 3046 ius
1307 2983 1442 3065 aliquod
1466 2983 1508 3046 ab
1533 2983 1579 3044 eis
1604 2982 1743 3063 exigere.
1791 2979 1844 3043 De
1867 2983 2023 3044 omnibus

343 3081 461 3146 autem,
486 3090 550 3151 que
573 3071 607 3132 in
631 3090 732 3152 regno
756 3077 869 3133 nostro
894 3070 937 3132 ad
960 3092 1054 3134 usum
1078 3071 1212 3135 fratrum
1235 3093 1292 3135 seu
1308 3073 1520 3135 serviencium
1540 3071 1687 3134 eiusdem
1703 3071 1895 3132 monasterii
1915 3083 2024 3154 empta

340 3159 393 3223 vel
416 3158 458 3222 ab
483 3160 593 3241 aliquo
618 3159 741 3222 donata
765 3159 884 3223 luerint
906 3160 957 3222 vel
982 3159 1103 3236 oblata,
1138 3161 1189 3224 vel
1215 3162 1256 3224 de
1279 3163 1399 3225 exteris
1428 3162 1575 3244 partibus
1607 3161 1724 3224 luerint
1755 3169 1940 3241 asportata,
1971 3180 2023 3223 seu

341 3249 441 3312 etiam
470 3249 512 3311 de
544 3249 621 3323 hiis,
652 3269 716 3330 que
747 3249 905 3313 reditibus
928 3257 1085 3312 terrarum
1116 3261 1149 3313 et
1179 3252 1407 3333 possesionum
1431 3251 1482 3314 vel
1513 3249 1702 3313 animalium
1733 3268 1866 3311 suorum
1900 3250 1957 3313 vel
1987 3249 2024 3312 de

341 3337 603 3421 quibuscumque
627 3339 697 3401 aliis
721 3338 818 3402 rebus
841 3339 907 3402 suis
929 3339 1144 3416 vendiderint,
1177 3341 1226 3403 ius
1257 3340 1393 3420 aliquod
1424 3340 1510 3422 exigi
1542 3361 1561 3402 a
1591 3339 1718 3415 baiuliS,
1750 3339 1941 3419 portulanis
1971 3360 2023 3402 seu

341 3449 361 3491 a
384 3427 645 3510 quibuscumque
668 3428 738 3491 aliis
762 3428 870 3491 modis
894 3429 1047 3492 omnibus
1071 3429 1265 3494 inhibemus.
1311 3429 1469 3494 Similiter
1491 3441 1523 3494 et
1547 3428 1589 3490 de
1612 3429 1766 3491 omnibus
1788 3427 1890 3491 rebus
1912 3449 2022 3491 eorum

340 3517 490 3599 propriis,
521 3537 602 3599 quas
625 3537 685 3599 per
708 3528 820 3599 portas
844 3517 933 3580 urbis
957 3528 1066 3581 nostre
1090 3520 1242 3582 Panormi
1266 3520 1318 3582 vel
1342 3521 1477 3583 aliarum
1502 3519 1670 3582 civitatum
1694 3526 1727 3580 et
1755 3527 1930 3595 terranrm,
1959 3529 2022 3580 tam

340 3605 459 3679 Sicilie,
490 3607 718 3688 quamtocius
742 3607 832 3688 regni
856 3608 958 3670 nostri
983 3609 1129 3671 miserint
1159 3629 1215 3672 seu
1245 3611 1412 3686 traxerint,
1445 3609 1488 3672 ab
1521 3609 1568 3670 eis
1599 3609 1646 3670 ius
1671 3606 1807 3689 aliquod
1835 3607 2023 3671 nullatenus

340 3696 497 3778 exigatur.
544 3695 654 3759 Naves
677 3717 810 3778 quoque
832 3697 885 3760 vel
909 3695 973 3759 alia
996 3699 1130 3780 propria
1155 3708 1188 3760 et
1212 3699 1365 3762 demania
1386 3697 1527 3761 vascella
1550 3695 1696 3760 eiusdem
1726 3697 1932 3772 monasterii,
1957 3697 2020 3760 ubi·

340 3805 480 3867 cumque
503 3805 563 3867 per
585 3795 692 3848 totum
716 3805 852 3868 regnum
876 3797 1023 3850 nostrum
1047 3807 1121 3849 cum
1146 3788 1304 3850 demaniis
1328 3789 1424 3851 rebus
1447 3788 1513 3850 suis
1534 3787 1751 3869 pervenerint,
1776 3794 1845 3848 tam
1869 3786 1907 3848 in
1924 3787 2021 3860 exitu,

340 3894 445 3956 quam
462 3874 495 3936 in
519 3877 650 3938 introitu
675 3877 809 3938 omnino
834 3875 937 3939 libera
952 3877 1187 3954 constituimus,
1212 3888 1247 3940 ut
1262 3877 1307 3939 nil
1324 3877 1399 3940 iuris
1414 3876 1466 3939 vel
1488 3875 1670 3940 exactionis
1686 3875 1729 3938 ab
1745 3875 1791 3938 eis
1808 3877 1958 3956 propriis
1971 3877 2019 3938 vel

340 3963 434 4027 rebus
467 3964 568 4046 ipsius
597 3965 785 4027 monasterii
818 3965 859 4028 ab
894 3966 1005 4047 aliquo
1038 3967 1226 4048 requiratur.
1273 3965 1492 4030 Concedimus
1521 3985 1654 4047 quoque
1678 3965 1740 4046 ipsi
1763 3972 1880 4027 sancto
1909 3985 2020 4028 mona·

338 4053 438 4117 sterio
457 4049 495 4137 e),
520 4063 555 4115 ut
586 4053 838 4136 cociescumque
869 4053 974 4118 abbas
991 4052 1021 4138 h)
1043 4055 1095 4118 vel
1120 4065 1300 4118 conventus
1324 4057 1470 4118 eiusdem
1494 4053 1683 4118 monasterii
1710 4051 1731 4138 i)
1763 4051 1943 4116 ecclesiam
1965 4074 2018 4116 seu

339 4143 492 4206 ecclesias
515 4152 571 4206 aut
595 4143 713 4206 domos
737 4142 862 4225 aliquas
886 4165 928 4206 ex
951 4165 1039 4207 novo
1064 4144 1169 4207 lacere
1184 4145 1236 4208 vel
1259 4144 1362 4208 saetas
1378 4144 1589 4208 rehedificare
1605 4154 1660 4207 aut
1676 4162 1852 4225 preparare
1867 4144 2019 4219 voluerit,

338 4231 483 4295 habeant
512 4241 727 4313 potestatem,
767 4252 896 4314 queque
936 4232 1091 4314 ligamina
1121 4254 1182 4315 pro
1215 4235 1364 4316 predicto
1397 4254 1498 4316 opere
1531 4233 1713 4296 necessaria
1743 4233 1776 4294 in
1806 4251 2019 4315 quocumque

337 4342 472 4384 nemore
495 4330 563 4383 tam
580 4321 698 4396 Sicilie,
722 4341 820 4403 quam
845 4323 980 4384 aliarum
1003 4323 1149 4404 parcium
1176 4325 1264 4404 regni
1282 4325 1381 4386 nostri
1398 4323 1569 4398 voluerint,
1593 4322 1695 4385 libere
1716 4331 1749 4385 et
1764 4321 1893 4403 absque
1910 4321 2018 4404 aliqua

339 4411 472 4474 datione
496 4410 639 4473 incidere
663 4420 696 4473 et
719 4411 839 4473 exinde
863 4422 1039 4494 asportare.
1084 4412 1142 4475 Ad
1165 4413 1227 4475 hec
1242 4413 1420 4476 adicientes
1438 4413 1659 4487 concedimus,
1683 4421 1719 4474 ut
1734 4411 1846 4473 omnia
1861 4412 2018 4474 animalia

337 4501 472 4582 propria
495 4499 595 4581 ipsius
619 4499 808 4562 monasterii
831 4508 864 4562 et
888 4503 1035 4564 omnium
1058 4502 1325 4566 obedienciarum
1357 4503 1425 4565 eius
1458 4503 1491 4564 in
1522 4521 1624 4583 regno
1655 4510 1769 4580 nostro
1800 4499 1930 4581 ubique
1960 4519 2017 4582 per

338 4589 525 4652 demanium
549 4595 695 4651 nostrum
719 4588 820 4652 libere
837 4597 869 4653 et
885 4591 1011 4672 absque
1028 4591 1138 4674 aliqua
1154 4591 1287 4655 datione
1307 4601 1492 4674 pascantur,
1515 4593 1561 4654 eis
1577 4590 1673 4653 simili
1691 4589 1842 4653 libertate
1858 4609 2016 4652 concessa

337 4679 370 4740 in
382 4678 536 4741 omnibus
548 4678 638 4740 terris
646 4677 977 4761 archiepiscoporum,
988 4681 1220 4762 episcoporum
1232 4691 1265 4745 et
1276 4682 1412 4745 aliorum
1425 4681 1634 4763 prelatorum,
1647 4679 1856 4743 ecclesiarum
1869 4689 1905 4742 et
1917 4680 2015 4742 comi·

336 4779 406 4831 tum
423 4775 456 4829 et
470 4767 632 4831 baronum
648 4776 832 4831 nostrorum
850 4767 879 4854 l1)
896 4769 928 4832 in
945 4769 1080 4834 transitu
1097 4791 1219 4847 eorum,
1242 4791 1317 4834 cum
1340 4771 1412 4853 ipsa
1434 4791 1494 4852 per
1516 4789 1629 4833 eorum
1652 4779 1754 4832 terras
1776 4769 1918 4832 transire
1942 4789 2013 4832 con·

336 4856 453 4938 tigerit.
499 4855 659 4918 Homines
682 4874 815 4935 quoque
838 4877 896 4920 seu
920 4861 1119 4939 equitaturas
1143 4866 1200 4922 aut
1222 4869 1331 4923 cetera
1354 4859 1504 4923 animalia
1527 4859 1629 4941 ipsius
1659 4857 1846 4920 monasterii
1879 4865 1915 4920 et
1939 4857 2013 4920 obe

336 4945 536 5009 dienciarum
561 4952 595 5007 et
618 4947 863 5027 possessionum
887 4949 956 5010 eius
980 4969 1041 5031 pro
1064 4949 1201 5012 servicio
1225 4948 1390 5032 galearum
1414 4969 1471 5012 seu
1497 4947 1646 5031 quolibet
1669 4946 1734 5010 alio
1766 4949 1909 5010 servicio
1942 4947 2012 5028 capi

336 5035 388 5098 vel
412 5035 453 5098 ad
477 5035 641 5117 angariam
666 5034 740 5097 duci
764 5037 872 5100 modis
895 5038 1048 5105 omnibus
1072 5037 1294 5121 prohibemus.
1339 5039 1454 5102 Liceat
1482 5039 1583 5100 eciam
1608 5037 1721 5101 abbati
1746 5032 1768 5119 1)
1792 5042 1825 5099 et
1849 5035 2012 5110 fratribus,

335 5132 403 5188 tarn
426 5125 525 5207 ipsius
549 5123 735 5187 monasterii
754 5123 800 5209 ¹11),
825 5147 923 5208 quam
947 5127 1215 5192 obedienciarum
1240 5129 1315 5205 eluS,
1341 5127 1476 5191 clericos
1493 5129 1650 5206 cuiusque
1674 5124 1794 5188 ordinis
1817 5145 1876 5189 seu
1901 5125 2010 5201 laicos,

495 5287 519 5342 al
539 5282 587 5332 Die
603 5291 680 5333 ersten
696 5283 755 5332 cruri
771 5283 922 5334 Buchstabm
944 5284 1011 5334 nicht
1035 5284 1118 5346 sicher,
1137 5285 1240 5334 kimrtrn
1263 5287 1327 5336 auch
1346 5285 1456 5336 Cnaccla
1480 5287 1574 5351 gelesen
1599 5284 1695 5334 werden
1783 5281 1810 5347 b)
1830 5282 1947 5332 Massam
1965 5282 2011 5331 Do

338 5353 445 5416 Gr'udice,
464 5357 531 5406 wohl
545 5356 621 5405 besscr
690 5358 714 5419 c)
736 5355 786 5405 suis
799 5361 824 5404 et
836 5357 991 5420 pertinentiis
1003 5357 1061 5420 suis,
1081 5357 1216 5407 ecclesiam
1235 5357 1314 5406 sancti
1326 5357 1458 5422 Sepulchri
1477 5356 1509 5406 de
1522 5359 1640 5407 Messana
1660 5371 1715 5404 curn
1735 5353 1851 5404 omnibus
1870 5353 2011 5404 tenimentis

335 5433 361 5476 et
378 5428 534 5492 pertinentiis
553 5427 603 5476 suis
620 5426 656 5476 bei
671 5426 724 5476 Del
741 5427 841 5476 Gr'udr'cc
857 5427 926 5479 mehr
1004 5429 1032 5495 d)
1052 5433 1077 5478 et
1097 5427 1271 5478 confirmamus
1288 5429 1324 5479 bei
1340 5430 1375 5478 D.
1392 5429 1422 5478 G.
1440 5431 1509 5480 mehr
1589 5433 1613 5486 e)
1632 5433 1761 5492 pretaxate
1780 5426 1888 5476 ecclesie
1908 5425 2009 5476 liberam

335 5501 370 5548 D.
388 5498 418 5548 G.
513 5499 533 5564 s)
553 5498 757 5564 archiepiscopus
781 5499 893 5549 eiusdem
918 5500 1027 5551 ecclesie
1053 5501 1089 5550 D.
1113 5502 1142 5550 G.
1234 5503 1261 5566 g)
1281 5500 1457 5551 confirmamus
1481 5515 1581 5566 quoque
1605 5499 1653 5564 ipsi
1679 5504 1765 5548 sancte
1793 5496 1903 5548 ecclesie
1922 5498 1957 5547 D.
1979 5495 2008 5546 G.

335 5570 363 5638 b)
383 5570 589 5636 archiepiscopus
600 5571 637 5624 D.
653 5570 682 5620 G.
755 5571 774 5635 i)
790 5571 899 5621 ecclesie
911 5573 947 5623 D.
965 5572 994 5622 G.
1067 5571 1097 5638 lr)
1115 5573 1187 5638 regni
1200 5573 1235 5622 D.
1252 5572 1281 5622 G.
1353 5573 1373 5638 l)
1386 5573 1579 5638 archiepiscopo
1590 5573 1625 5620 D.
1643 5569 1673 5620 G.
1754 5571 1791 5634 m)
1805 5569 1916 5620 ecclesie
1927 5569 1963 5620 D.
1979 5567 2007 5617 G.

335 5681 389 5688 ..,.
408 5647 442 5696 .1l
463 5643 526 5692 Hier
536 5643 621 5692 krnme
633 5649 707 5692 envas
717 5644 867 5709 ausgefallen
879 5643 937 5696 sein.
1010 5643 1036 5709 a)
1055 5645 1112 5694 Das
1128 5645 1265 5694 wr‘ederholt
1280 5644 1462 5694 vorkommmde
1480 5659 1583 5710 regnum
1602 5647 1712 5692 nostrum
1731 5641 1763 5692 ist
1779 5642 1845 5690 eim
1860 5639 2008 5707 tunicatum

339 5713 455 5763 Urkunde
473 5716 593 5775 currem
621 5717 696 5784 vergl.
716 5714 761 5764 dae
777 5714 917 5766 llbcbwort.
995 5753 998 5761 .
