4126 6366
1690 331 1750 400 335

67 513 100 566 et
130 500 329 568 cancellarii.
374 517 450 568 xv11
474 503 529 568 Kl.
552 501 755 568 Decembris.
802 505 986 569 Indictione
1009 520 1041 568 v.
1095 506 1331 569 lncarnationis
1363 505 1528 570 dominice
1558 519 1753 572 MCLxxxvl.

69 591 288 657 Pontificatus
311 615 389 658 vero
413 594 527 657 domni
552 594 678 659 Urbani
703 615 760 677 pp.
784 609 934 658 manno
959 595 1076 677 prim0.

238 708 280 758 Or.
301 708 334 758 r'rn
352 707 467 759 Archr'vr'o
489 708 625 774 Capiwlarr
642 725 671 758 su
696 707 802 759 Vicmaa.

821 995 886 1070 Νι.
912 999 1001 1071 376.

74 1125 187 1192 Urban
204 1125 270 1191 III
281 1124 413 1190 erther‘lt
433 1126 507 1190 dem
523 1122 737 1190 Patrrizrchen
760 1124 931 1279 (Zp‘tsried
950 1126 1183 1303 vonlj‘iquileja
1216 1125 1440 1209 Vorschriften
1462 1129 1541 1195 iiber
1561 1130 1623 1195 das
1637 1129 1755 1215 Appel-

822 1237 998 1282 ronswesen
1047 1268 1055 1282 .

617 1333 835 1395 rien-1187
849 1332 985 1407 Januar
999 1337 1048 1397 16.
1089 1331 1220 1398 Verona.

233 1447 387 1512 Urbanus
411 1448 595 1531 episcopus,
619 1470 730 1512 servus
745 1470 913 1512 servorum
929 1450 990 1526 dei,
1015 1450 1192 1514 venerabili
1216 1450 1304 1513 fratri
1321 1448 1515 1529 Gotofredo,
1539 1451 1755 1538 Aquilegensi

68 1539 259 1619 patriarche
277 1535 311 1622 2),
335 1537 473 1601 salutem
498 1548 531 1600 et
554 1538 772 1620 apostolicam
797 1539 1072 1602 benedictionem.
1119 1539 1176 1603 Ad
1200 1540 1399 1604 audientiam
1428 1552 1574 1605 nostram
1597 1544 1754 1626 pervenit,

70 1627 165 1708 quod
197 1628 300 1703 multi,
332 1627 364 1690 in
397 1647 528 1690 causam
558 1647 669 1690 coram
693 1639 726 1690 te
748 1629 868 1704 vocati,
900 1630 932 1691 in
965 1629 1198 1712 appellationis
1220 1650 1338 1693 vocem
1370 1631 1567 1695 frustratorie
1591 1633 1756 1696 dilationis

69 1716 249 1779 occasione
272 1723 491 1798 prorumpunt
514 1726 548 1779 et
571 1716 772 1798 quandoque
795 1718 970 1780 terminum
993 1719 1137 1801 aliquem
1161 1719 1363 1801 quandoque
1390 1721 1513 1784 nullum
1539 1721 1754 1804 appellationi

68 1826 128 1868 sue
152 1805 328 1888 prefigunt,
361 1825 421 1868 nec
451 1812 563 1868 tamen
588 1825 670 1882 eam,
703 1807 778 1869 licet
810 1807 897 1871 diem
929 1808 1128 1889 prefixerint,
1160 1818 1410 1890 prosequuntur.
1456 1810 1564 1887 Unde,
1599 1812 1757 1893 quoniam

69 1895 245 1977 indignum
276 1905 334 1969 est,
367 1904 403 1957 ut
436 1915 495 1976 per
524 1895 761 1977 subterfugium
794 1896 923 1959 illorum
954 1898 1046 1960 alteri
1079 1899 1165 1980 parti
1197 1918 1255 1961 sua
1288 1899 1411 1962 iustitia
1433 1900 1650 1977 subtrahatur,
1682 1921 1757 1964 cum

69 1985 195 2047 nemini
220 1984 343 2049 debeat
366 2005 442 2047 suus
466 1984 562 2047 dolus
585 1984 753 2066 prodesse,
787 1985 980 2049 fraternitati
1011 1995 1066 2050 tue
1096 2007 1156 2068 per
1186 1987 1369 2068 apostolica
1400 1989 1522 2071 scripta
1554 1990 1756 2066 mandamus,

70 2082 244 2155 quatenus,
268 2075 294 2136 si
320 2073 419 2156 aliqui
445 2093 556 2136 coram
579 2082 613 2136 te
637 2093 751 2136 causas
773 2075 949 2138 habuerint
972 2085 1006 2138 et
1025 2082 1114 2140 certa
1139 2077 1191 2140 die
1207 2077 1335 2158 prefixa
1350 2078 1393 2140 ad
1409 2079 1521 2142 sedem
1538 2080 1756 2161 apostolicam

68 2162 321 2244 appellaverint,
338 2173 373 2226 tu
391 2164 461 2244 ipse
477 2162 736 2245 appellationem
752 2184 845 2226 suam
861 2165 944 2228 infra
959 2167 1134 2229 terminum
1151 2160 1221 2250 [eos
1231 2162 1400 2252 prosequi]
1417 2187 1553 2231 moneas
1570 2168 1757 2250 diligentius

68 2259 103 2314 et
129 2252 320 2334 compellas.
367 2252 402 2317 Si
427 2259 536 2315 autem
553 2271 627 2314 eam
643 2254 808 2334 prosecuti
827 2273 893 2316 non
917 2254 1044 2331 fuerint,
1069 2265 1103 2318 tu
1127 2255 1200 2318 illos
1223 2275 1322 2337 super
1344 2257 1406 2333 his,
1439 2278 1503 2339 que
1527 2258 1560 2320 in
1584 2259 1757 2339 questione

69 2351 249 2417 vertuntur,
280 2342 400 2405 iudicio
424 2349 482 2404 tuo
506 2362 629 2422 parere,
663 2341 887 2423 appellatione
911 2355 1046 2421 remota,
1078 2345 1291 2426 constringas.
1337 2345 1403 2409 Illis
1426 2367 1513 2420 vero,
1546 2348 1600 2428 qui
1633 2348 1757 2410 nullum

69 2430 289 2513 appellationi
322 2452 379 2494 sue
409 2431 584 2493 terminum
613 2431 822 2512 prefixerunt,
855 2433 943 2496 diem
975 2435 1227 2497 convenientem
1258 2434 1421 2516 assignes,
1453 2435 1537 2498 infra
1568 2456 1666 2518 quem
1699 2456 1757 2500 eos

70 2530 129 2583 aut
152 2519 412 2602 appellationem
437 2521 591 2602 prosequi
617 2527 672 2583 aut
697 2520 818 2584 iudicio
842 2532 899 2584 tuo
923 2544 1023 2606 super
1044 2523 1275 2600 controversia,
1299 2524 1382 2587 sicut
1405 2525 1603 2603 dictumest,
1628 2534 1756 2589 remoto

69 2609 307 2691 appellationis
331 2609 512 2685 obstacula
545 2629 660 2691 parere
684 2610 873 2693 compellas,
897 2612 956 2676 nisi
982 2633 1153 2676 moresne
1176 2613 1406 2676 rationabilem
1430 2615 1492 2678 sibi
1509 2615 1757 2678 excusationem

71 2698 261 2762 ostendant.
283 2735 327 2744 -
350 2699 475 2762 Datum
498 2698 660 2774 Veronae,
684 2713 760 2763 xvll
784 2697 946 2766 Calendas
969 2703 1148 2766 Februarii.

234 2813 360 2878 Abschrist
376 2813 417 2863 des
438 2813 493 2863 Cod.
514 2812 589 2863 Mire.
609 2813 656 2864 Nr.
678 2815 728 2862 647
742 2821 770 2878 p.
789 2817 832 2874 92,
850 2813 884 2864 r'm
902 2815 1016 2866 Archivio
1034 2815 1061 2864 di
1078 2817 1145 2866 staro
1163 2832 1192 2865 ru
1216 2816 1324 2884 Venedr'g.

823 3099 889 3174 Nr.
919 3103 1008 3175 377.

78 3232 191 3299 Urban
210 3232 273 3298 III
283 3232 434 3315 bestiitigd
447 3231 520 3296 dem
542 3229 772 3296 cisterciemer
792 3229 910 3311 Orden,
932 3231 1012 3296 dass
1027 3233 1184 3296 niemand
1199 3253 1306 3316 gegen
1331 3232 1388 3297 ilm
1412 3232 1493 3298 oder
1513 3233 1604 3298 scine
1623 3233 1760 3299 Glieder

563 3322 626 3385 mit
639 3318 917 3402 Kirclrenstrafen
932 3321 1092 3404 vorgelrerr
1108 3321 1210 3403 drlrfe
1226 3323 1265 3402 ³).

608 3439 825 3500 1186-1187
840 3435 987 3500 Febrrrar
1002 3439 1057 3500 27.
1098 3435 1229 3501 Verona.

236 3553 391 3619 Urbanus
422 3556 616 3638 episcopus,
648 3575 759 3618 servus
782 3574 949 3617 servorum
981 3554 1050 3628 dei,
1082 3554 1208 3618 dilectis
1241 3554 1323 3628 filiis,
1356 3553 1470 3617 abbati
1495 3554 1700 3619 Cisterciensi
1725 3565 1758 3618 et

73 3645 233 3707 universis
257 3644 476 3708 coabbatibus
500 3645 577 3720 eius,
600 3644 662 3706 sub
686 3643 806 3706 eodem
829 3643 944 3706 ordine
968 3645 1032 3707 deo
1063 3643 1287 3717 servientibus
1320 3644 1458 3707 salutem
1483 3653 1515 3706 et
1539 3643 1757 3725 apostolicam

72 3733 352 3798 benedictionem.
399 3733 584 3797 Monastice
607 3733 776 3796 sinceritas
800 3732 981 3814 discipline,
1007 3753 1105 3815 quam
1130 3733 1161 3795 in
1185 3733 1328 3814 puritate
1351 3733 1484 3806 ordinis,
1509 3753 1607 3814 quem
1630 3733 1757 3808 tenetis,

74 3823 180 3886 eterni
218 3823 399 3887 conditoris
438 3823 652 3906 providencia
689 3822 897 3898 restauravit,
938 3821 1027 3884 illam
1067 3841 1197 3904 semper
1233 3822 1356 3885 invenit
1394 3823 1426 3884 in
1459 3823 1539 3885 sede
1574 3821 1758 3903 apostolica

74 3913 301 3988 clemenciam,
326 3933 392 3995 qua
415 3922 447 3975 et
470 3911 566 3975 vobis
590 3913 622 3974 in
647 3911 783 3974 domino
808 3921 1009 3974 accresceret
1030 3911 1238 3993 propositum
1261 3911 1389 3974 virtutis
1412 3920 1445 3973 et
1462 3911 1600 3974 aliorum
1617 3911 1756 3974 devocio

73 4002 192 4066 vestris
220 4012 454 4083 provocaretur
485 4001 655 4082 exemplis,
689 4011 723 4062 ut
747 4019 807 4082 per
830 4000 998 4062 celestium
1030 4001 1181 4063 semitam
1211 4001 1444 4063 mandatorum
1476 4000 1519 4063 ad
1551 4001 1758 4082 propositum

75 4091 216 4154 feliciter
237 4091 384 4154 bravium
408 4089 586 4154 festinaret.
625 4089 713 4152 Inter
728 4099 837 4152 cetera
851 4109 939 4164 vero,
963 4090 1040 4152 licet
1055 4089 1138 4153 ordo
1154 4096 1262 4153 vester
1278 4109 1368 4153 ease
1393 4090 1569 4153 servaverit
1592 4088 1759 4171 episcopis

73 4180 261 4243 humilitate
291 4180 484 4256 subiectum,
516 4187 551 4242 ut
583 4178 680 4242 salvis
712 4178 922 4260 originalibus
952 4179 1106 4242 institutis
1136 4199 1249 4243 eorum
1280 4199 1411 4261 semper
1440 4178 1538 4242 vellet
1569 4179 1758 4260 magisterio

74 4270 256 4346 subiacere,
288 4269 368 4332 illud
399 4279 509 4332 tamen
543 4268 700 4331 hactenus
724 4267 766 4330 de
791 4267 901 4330 favore
925 4287 963 4330 ac
987 4269 1194 4350 protectione
1222 4268 1309 4332 sedis
1333 4269 1516 4352 apostolice
1539 4267 1691 4349 optinuit,
1724 4277 1759 4331 ut

75 4357 184 4421 nullus
208 4359 241 4420 in
265 4361 464 4422 monasteria
487 4357 539 4420 vel
562 4357 702 4422 abbates
725 4356 848 4419 ordinis
872 4357 1043 4420 memorati
1067 4358 1249 4440 quamlibet
1276 4357 1531 4421 ecclesiasticam
1561 4357 1757 4420 sententiam

75 4458 247 4531 promeret
268 4448 320 4511 vel
343 4468 510 4531 personas,
534 4448 567 4510 in
591 4446 711 4526 eodem
734 4446 849 4509 ordine
873 4447 1076 4525 constitutas,
1101 4447 1452 4511 excommunicationis
1467 4446 1519 4509 vel
1536 4446 1759 4528 suspensionis

75 4558 133 4602 seu
157 4537 320 4601 interdicti
344 4537 614 4620 promulgacione
636 4544 795 4617 gravaret.
842 4534 929 4617 Quia
951 4555 1038 4613 ver0,
1071 4537 1266 4620 frigescente
1289 4537 1433 4613 caritate,
1458 4536 1635 4599 multorum
1656 4556 1760 4617 usque

76 4627 163 4691 adeo
181 4627 312 4690 malicia
327 4629 472 4691 noscitur
486 4625 704 4701 habundasse,
721 4633 756 4686 ut
772 4624 920 4687 nonnulli
938 4645 1059 4702 eorum,
1073 4628 1128 4708 qui
1145 4625 1289 4690 ecclesiis
1305 4625 1357 4688 dei
1375 4625 1542 4689 modernis
1554 4625 1759 4707 temporibus

75 4727 152 4780 sunt
168 4717 294 4799 prelati,
311 4717 590 4799 transgrediantur
604 4714 771 4789 terminos,
788 4714 831 4777 ab
848 4715 1088 4796 antiquioribus
1103 4716 1298 4778 constitutos
1319 4717 1400 4778 etin
1416 4722 1559 4778 vestrum
1575 4714 1761 4797 specialiter

76 4807 229 4869 ordinem
268 4806 450 4869 indebitam
489 4824 641 4868 exercere
669 4824 737 4866 non
777 4803 929 4866 dubitent
959 4803 1134 4881 ultionem,
1173 4805 1216 4867 ad
1256 4805 1427 4887 exemplar
1457 4804 1560 4868 felicis
1602 4804 1760 4867 memorie

75 4895 170 4959 Lucii
187 4892 215 4980 ⁴)
231 4915 328 4977 pape,
353 4894 594 4977 predecessoris
617 4891 726 4967 nostri,
749 4890 948 4975 presentium
972 4894 1086 4957 harum
1102 4894 1314 4976 inscriptione
1330 4895 1502 4957 statuimus
1518 4904 1550 4957 ct
1565 4894 1760 4957 auctoritate

76 4985 264 5068 apostolica
287 4985 509 5066 prohibemus,
533 4991 569 5046 ut
592 4982 670 5046 nulli
694 4982 831 5045 omnino
855 4981 959 5057 liceat,
990 4983 1023 5045 in
1046 5004 1106 5046 vos
1128 4983 1181 5047 vel
1205 4985 1402 5047 monasteria
1425 4993 1533 5048 vestra
1555 5004 1611 5047 seu
1636 4982 1759 5060 fratres,

77 5075 158 5138 inibi
182 5075 389 5151 constitutos,
422 5084 537 5138 contra
560 5072 602 5146 id,
635 5071 725 5154 quod
749 5071 791 5133 ab
816 5071 942 5152 origine
966 5073 1089 5136 ordinis
1112 5073 1258 5136 noscitur
1288 5073 1508 5148 observatum,
1537 5073 1760 5137 excommuni-

77 5164 224 5227 cacionis
246 5163 299 5226 vel
322 5163 545 5246 suspensionis
569 5183 625 5224 seu
649 5160 812 5225 interdicti
837 5161 1038 5225 sentenciam
1062 5179 1223 5244 promere,
1248 5181 1357 5244 quam,
1381 5163 1408 5226 si
1433 5162 1632 5244 deprompta
1656 5161 1760 5235 fuerit,

78 5253 286 5316 decernimus
323 5273 391 5316 non
430 5263 549 5316 tenere.
603 5250 690 5314 Nulli
724 5269 802 5332 ergo
834 5251 969 5313 omnino
1001 5251 1171 5314 hominum
1202 5251 1308 5329 liceat,
1341 5253 1428 5315 hanc
1460 5252 1617 5333 paginam
1649 5260 1760 5313 nostre

78 5343 328 5407 constitucionis
351 5351 385 5405 et
408 5340 666 5406 confirmationis
690 5339 865 5420 infringere
888 5341 940 5402 vel
964 5340 992 5403 ei
1016 5360 1095 5403 ausu
1111 5342 1285 5406 temerario
1301 5341 1471 5405 contraire.
1509 5340 1544 5404 Si
1561 5340 1634 5422 quis
1650 5351 1760 5402 autem

80 5477 158 5486 -ι--ι-
345 5476 507 5484 ---...-..

245 5539 269 5594 tl
289 5535 337 5586 Die
354 5535 478 5601 Abrclm'st
494 5536 570 5586 dieser
590 5535 707 5599 Urkrmde
725 5533 757 5583 ir!
773 5533 824 5583 rm'r
837 5531 1007 5598 fremrdlr'clrst
1029 5534 1107 5585 durch
1124 5533 1210 5585 Herm
1230 5533 1317 5584 Pastor
1333 5535 1383 5584 Dr.
1402 5533 1429 5582 E
1432 5535 1446 5582 l
1450 5547 1480 5582 re
1496 5531 1523 5584 in
1547 5531 1649 5597 Venedrg
1671 5531 1763 5597 besorgr

79 5610 184 5660 rmrdm.
260 5611 287 5668 a)
311 5607 438 5672 Gottsrr'ed,
459 5607 587 5658 patriarch
610 5621 657 5657 von
675 5607 796 5671 Aquilrja,
817 5606 994 5656 iren-1194.
1068 5609 1094 5670 3)
1120 5605 1198 5672 Vergl.
1219 5603 1293 5672 Jaffc'
1308 5609 1366 5672 Reg.
1386 5607 1466 5655 9640.
1502 5605 1551 5654 Die
1572 5602 1690 5654 Urhmde
1706 5615 1761 5652 vom

81 5680 191 5731 derz
210 5679 284 5742 (Acta
303 5679 382 5730 IIl'r.
402 5681 463 5745 381)
482 5679 582 5741 brrfndet
598 5679 648 5728 sich
665 5678 729 5729 auch
746 5677 773 5726 r'n
796 5676 871 5727 tinem
899 5676 1062 5742 Trammmpr
1078 5677 1132 5742 sitr
1153 5677 1339 5728 It'nr‘tmlraslach
1364 5691 1418 5726 vom
1447 5676 1529 5741 Jahrr
1550 5677 1617 5726 uuo
1641 5675 1675 5724 im
1701 5677 1760 5740 allg.

80 5751 263 5802 Reiclrsarclrive
280 5765 310 5799 rra
329 5748 460 5802 Mencken.
533 5766 561 5813 4,
586 5749 663 5816 Vergl.
685 5746 759 5814 Jaffe'
775 5749 833 5814 Reg.
851 5749 929 5802 9640.
