4126 6356
302 296 351 374 98

308 479 460 564 producti
482 478 610 552 fuerint,
633 476 778 558 diligenti
803 495 879 538 cura
902 473 1106 545 examinetis,
1131 479 1164 533 et
1188 478 1265 553 post
1288 471 1476 552 diligentem
1502 472 1784 546 examinationem,
1807 471 1892 533 sicut
1909 471 1989 533 iuris

309 571 392 634 ordo
417 569 577 651 deposcit,
601 586 715 628 eorum
739 566 965 628 attestationes
990 561 1161 643 recipiatis.
1186 595 1230 605 -
1253 562 1328 624 Dat.
1353 559 1529 643 Ferenltini
1550 561 1586 642 a),
1610 573 1647 624 VI
1669 560 1717 624 Id.
1742 559 1831 624 Maii.

471 681 513 730 Or.
532 681 565 730 im
583 678 697 730 Archino
718 679 851 742 Capitelare
869 678 896 726 di
912 679 938 728 S.
956 675 1077 726 Amenriro
1094 691 1124 723 su
1144 675 1272 724 Parenta.

469 753 538 817 Perg.
557 753 617 811 rial,
646 752 682 802 br.
701 751 786 810 0,185,
814 751 875 816 long
897 751 982 809 0,145,
1010 753 1085 795 unten
1103 748 1181 807 0,016
1205 745 1398 812 nmgesclrlagen,
1426 745 1504 793 durch
1521 750 1538 798 2
1557 745 1648 795 Lie'clrer
1668 744 1726 812 geht
1752 745 1789 794 die
1815 743 1989 811 Honjiclrrrrrr,

307 840 393 873 weron
417 824 462 872 dos
485 825 610 889 Bleisr'egel
624 823 672 872 Nr.
692 822 709 870 3
726 821 810 886 ho'ngi,
835 821 943 886 Folneng
965 821 1009 868 der
1026 820 1128 867 Breven.
1166 819 1261 882 Schrift
1282 817 1350 867 stark
1374 815 1519 879 verinchem
1543 819 1603 867 olene
1629 817 1715 866 Linien
1740 817 1899 883 eingetrogerr.
1935 818 1991 866 Allt

308 897 325 946 3
344 896 437 944 Breven
455 895 562 944 scneinen
579 910 633 943 vem
649 893 756 960 gleiclren
775 892 900 942 Sclrreiher
916 891 1088 941 keruerr'ikren.

1062 1174 1129 1248 Nr.
1162 1177 1224 1249 96.

307 1311 422 1393 Engen
446 1309 513 1372 III
535 1308 722 1390 beonstragt
748 1306 810 1369 den
832 1305 1108 1386 Archide'akonen,
1140 1305 1203 1369 den
1232 1305 1351 1387 Propst
1379 1303 1448 1366 und
1478 1301 1698 1368 Ve'cedome'nns
1728 1325 1789 1367 ven
1813 1304 1991 1382 Pincenza,

305 1402 369 1464 den
410 1396 707 1475 Karde'nalbelrclzof
732 1394 839 1459 Gnide
874 1417 938 1459 von
973 1393 1066 1460 Ostia
1104 1394 1156 1457 bei
1186 1393 1430 1474 Entsclzee'dnng
1458 1393 1520 1456 der
1550 1392 1746 1457 Stree'tsaelee
1782 1414 1894 1476 wegen
1934 1393 1993 1456 des

386 1487 485 1552 Gntes
508 1487 669 1569 Brngnete
691 1484 850 1548 euentnell
868 1506 908 1548 eu
931 1485 1148 1548 nnterste'e'teen
1171 1483 1244 1546 nnd
1263 1482 1376 1546 dessen
1407 1478 1537 1546 Urtleee'l
1554 1483 1706 1563 aufreclzt
1726 1503 1766 1548 en
1789 1481 1912 1546 holten.

922 1604 1005 1664 1149
1021 1599 1098 1664 Mae·
1111 1602 1161 1662 10.
1192 1595 1369 1661 Ferentino.

469 1717 634 1799 Eugenius
658 1717 841 1801 episcopus,
871 1737 984 1780 servus
1008 1735 1175 1778 servorum
1204 1714 1267 1788 dei,
1297 1713 1427 1776 dilectis
1449 1713 1523 1776 filiis
1545 1709 1724 1796 T(edaldo)
1756 1711 1991 1777 archidiacono

308 1805 522 1890 .F(rederico)
550 1807 719 1889 preposito
750 1814 783 1868 et
807 1805 960 1886 .M(arco)
989 1805 1198 1868 vicedomino
1229 1800 1368 1866 ecclesie
1401 1802 1599 1887 Plalcentine
1629 1801 1767 1866 salutem
1786 1802 1816 1885 b)
1847 1811 1882 1865 et
1912 1823 1993 1886 apo-

307 1894 459 1960 stolicam
483 1895 758 1959 benedictionem.
803 1895 886 1959 Tres
910 1895 952 1958 de
975 1895 1139 1957 canonicis
1164 1891 1302 1956 ecclesie
1331 1893 1433 1954 sancti
1462 1891 1622 1954 Antonini
1652 1911 1696 1954 ex
1724 1899 1819 1974 parte
1842 1893 1992 1954 omnium

309 1985 447 2048 fratrum
475 2004 607 2047 suorum
638 1981 643 2068 Ι
671 1985 715 2046 ad
745 1992 890 2047 nostram
923 1984 1120 2067 presentiam
1151 1983 1335 2055 venientes,
1371 1981 1403 2042 in
1434 1988 1612 2063 conspectu
1643 1988 1757 2043 nostro
1788 1987 1821 2043 et
1854 1980 1992 2043 fratrum

308 2081 495 2137 nostrorum
519 2075 692 2152 conquesti
722 2081 805 2148 sunt,
836 2074 927 2154 quod
951 2074 1041 2135 bone
1070 2071 1225 2134 memorie
1273 2069 1484 2149 .A(rduinus)‚
1517 2070 1693 2151 episcopus
1715 2077 1838 2144 vester,
1870 2078 1991 2133 terram

308 2165 352 2226 de
375 2165 553 2244 Brugneto,
585 2180 684 2242 quam
706 2163 749 2225 ad
772 2165 822 2225 ius
846 2161 984 2226 ecclesie
1007 2181 1065 2224 sue
1088 2167 1238 2223 asserunt
1260 2159 1433 2241 pertinere,
1466 2159 1509 2221 de
1540 2177 1605 2238 qua
1639 2157 1827 2221 multotiens
1861 2162 1992 2238 questio

308 2252 465 2315 ventilata
488 2259 546 2326 est,
579 2259 693 2313 contra
715 2251 869 2314 iustitiam
893 2251 1075 2326 detinuerit,
1107 2257 1141 2312 et
1170 2248 1290 2310 exinde
1315 2249 1475 2311 rationem
1499 2249 1657 2327 consequi
1684 2255 1760 2311 ante
1783 2246 1846 2311 hac
1870 2265 1993 2327 nequa-

308 2360 409 2420 quam
433 2339 607 2422 potuen'nt.
653 2336 738 2420 Quia
769 2360 856 2422 erg0,
888 2341 919 2402 in
950 2340 1030 2403 sede
1060 2338 1181 2401 iustitie
1213 2337 1321 2419 positi,
1354 2338 1506 2400 omnibus
1539 2336 1683 2400 ecclesiis
1714 2344 1748 2399 et
1780 2336 1992 2400 ecclesiarum

309 2430 443 2513 prelatis
467 2429 500 2491 in
532 2448 593 2491 suo
624 2430 693 2491 iure
723 2427 891 2492 debitores
924 2429 1103 2503 existimus,
1135 2427 1393 2489 controversiam
1423 2427 1527 2509 ipsam
1556 2425 1731 2489 venerabili
1761 2425 1852 2488 fratri
1878 2434 1992 2488 nostro

309 2517 498 2598 .G(uidoni),
522 2516 690 2580 Hostiensi
707 2518 876 2601 episcopo,
900 2517 1085 2601 apostolice
1107 2517 1193 2579 sedis
1217 2514 1336 2597 legato,
1360 2515 1555 2577 audiendam
1580 2514 1887 2596 terminandamque
1903 2535 1993 2578 com·

309 2609 465 2671 misimus.
510 2606 572 2668 Per
594 2606 758 2689 presentia
779 2607 889 2689 itaque
910 2609 936 2684 c)
959 2607 1103 2686 vobisc)
1132 2607 1254 2687 scripta
1279 2604 1480 2679 mandamus,
1511 2606 1671 2683 quatinus,
1700 2623 1775 2666 cunr
1799 2604 1843 2667 ab
1871 2607 1992 2668 eodem

308 2695 409 2759 fratre
433 2703 547 2758 nostro
571 2715 670 2777 super
700 2716 797 2759 causa
829 2698 900 2779 ipsa
931 2696 1055 2759 fueritis
1087 2694 1222 2768 evocati,
1252 2693 1319 2755 eius
1343 2694 1539 2774 presentiam
1563 2693 1689 2756 adeatis
1722 2701 1763 2766 et,
1796 2693 1889 2772 quod
1922 2696 1994 2777 ipse

309 2786 431 2848 exinde
454 2784 652 2858 iudicaverit,
675 2784 872 2869 suscipiatlis
896 2785 1017 2868 pariter
1040 2793 1073 2848 et
1095 2783 1241 2846 servetis.
1264 2817 1309 2830 -
1332 2781 1409 2844 Dat.
1433 2781 1609 2856 Ferentini,
1632 2796 1670 2844 VI
1692 2780 1740 2844 Id.
1764 2779 1854 2844 Maii.

473 2897 515 2947 Or.
535 2899 567 2946 im
585 2897 699 2947 Archrbr'o
721 2897 855 2960 Capitolore
872 2899 900 2947 di
917 2899 943 2948 S.
963 2898 1084 2947 Antenore
1101 2913 1131 2946 zu
1152 2896 1278 2946 Piacmna.

471 2969 541 3035 Perg.
567 2969 628 3030 irat,
654 2971 689 3019 br.
709 2971 894 3032 otto-qu,
920 2972 981 3035 lang
999 2971 1086 3033 0‚099‚
1111 2975 1185 3017 unten
1204 2969 1284 3028 0,013
1307 2967 1496 3032 umgeschlogen,
1521 2965 1598 3014 durch
1617 2969 1633 3016 2
1653 2967 1745 3015 Ltclrer
1765 2967 1823 3032 geht
1847 2967 1885 3016 dr'e
1909 2967 1992 3032 Hans-

309 3040 407 3100 sclmur,
426 3056 513 3090 weron
530 3040 575 3089 dos
593 3041 718 3107 Bleirr'egel
732 3041 779 3090 Nr.
799 3042 914 3106 3ln'1'ngt.
952 3041 1062 3107 Fallung
1078 3041 1122 3090 der
1141 3041 1243 3092 Breven.
1281 3039 1376 3103 Sclmst
1391 3037 1460 3087 stark
1483 3037 1628 3097 verblichen,
1653 3038 1711 3087 elene
1729 3037 1817 3088 Lr'm'en
1831 3037 1990 3104 gesctn'ebm.

1069 3350 1137 3425 Nr.
1169 3354 1229 3425 97.

309 3481 423 3565 Engen
451 3481 517 3545 III
537 3481 689 3564 beste'r‘tigt
713 3480 786 3545 dem
811 3480 1151 3634 Kanone'kerkenrplente
1181 3504 1242 3649 opp
1273 3483 1377 3546 Lurco
1406 3482 1493 3546 see'ne
1528 3480 1752 3546 Gerecletsame
1779 3480 1850 3544 nnd
1870 3481 1989 3546 Besita-

1055 3573 1189 3635 tn'mer
1237 3620 1244 3635 .

905 3687 988 3748 1150
1004 3685 1189 3770 September
1204 3689 1253 3750 16.
1284 3685 1393 3769 Segni.

470 3799 636 3881 Eugenius
669 3800 852 3884 episcopus,
883 3821 995 3865 servus
1024 3821 1192 3866 servorum
1223 3803 1287 3879 dei,
1318 3801 1448 3866 dilectis
1480 3800 1551 3865 filiis
1580 3801 1685 3876 Petro,
1716 3801 1989 3886 archipresbitero

309 3889 443 3976 Lucane
466 3888 614 3977 ecclesie,
640 3891 775 3970 eiusque
799 3890 964 3966 iratribus,
987 3899 1054 3954 tam
1079 3893 1285 3974 presentibus
1308 3911 1407 3972 quarn
1431 3890 1554 3965 futuris,
1578 3890 1732 3953 canonice
1755 3890 1989 3957 substituendis

309 3991 349 4041 IN
371 3990 449 4041 PPM.
473 3973 542 4061 -Ι
563 3979 658 4041 Iustis
681 3979 765 4041 votis
788 3998 957 4043 assensum
981 3980 1120 4062 prebere
1144 3981 1301 4061 iustisque
1324 3980 1540 4063 petitionibus
1563 3999 1657 4042 aures
1677 3982 1909 4062 accomodare,
1934 4002 1988 4047 nos

310 4067 479 4142 convenit,
515 4069 572 4147 qui
591 4067 635 4148 d),
665 4065 744 4130 licet
773 4069 906 4150 indigni,
938 4069 1058 4156 iustitie
1089 4069 1230 4133 cultores
1262 4078 1362 4150 atque
1393 4087 1553 4150 precones
1583 4071 1616 4132 in
1648 4067 1779 4133 excelsa
1816 4070 1989 4136 beatorum

310 4155 539 4238 apostolorum
557 4153 643 4218 Petri
667 4175 705 4217 ac
725 4155 814 4218 Pauli
838 4156 973 4239 specula
996 4159 1106 4240 positi,
1129 4159 1265 4222 domino
1289 4160 1496 4240 disponente,
1519 4159 1748 4240 conspicimur.
1769 4163 1775 4242 Ι
1794 4159 1989 4245 Eapropter,

310 4244 422 4307 dilecti
445 4246 478 4306 in
502 4244 639 4306 domino
662 4243 727 4318 lilii,
751 4245 865 4308 vestris
888 4247 980 4308 iustis
1004 4246 1280 4328 postulationibus
1297 4247 1476 4310 clementer
1494 4249 1676 4322 annuimus,
1699 4255 1733 4309 et
1748 4249 1989 4329 predecessoris

310 4333 413 4395 nostri
444 4332 548 4395 felicis
579 4333 737 4395 memorie
768 4353 856 4417 pape
880 4332 1066 4416 GELAsn2)
1095 4338 1242 4418 vestigiis
1272 4335 1466 4412 inherentes,
1497 4337 1647 4416 antiquas
1678 4335 1817 4419 ecclesie
1846 4340 1988 4404 matricis

309 4429 410 4503 atque
434 4420 641 4484 rationabiles
665 4423 916 4486 consuetudines
932 4424 1026 4487 vobis
1048 4426 1229 4507 vestrisque
1252 4426 1496 4489 successoribus
1519 4423 1760 4502 confirmamus,
1783 4435 1820 4488 ut
1838 4429 1989 4492 videlicet

310 4512 482 4574 unctiones
506 4509 709 4573 infirmorum
733 4531 771 4573 ac
794 4511 962 4602 sepulture
986 4515 1135 4590 civitatis,
1166 4517 1300 4598 proprie
1332 4515 1374 4577 ad
1406 4515 1546 4578 eandem
1578 4513 1751 4576 ecclesiam
1782 4517 1989 4598 pertinentes

310 4606 344 4662 et
368 4598 513 4662 officium
536 4610 636 4679 atque
660 4602 869 4682 participatio
892 4601 1041 4666 beneficii
1068 4602 1228 4678 funerum,
1261 4604 1304 4666 ad
1337 4603 1413 4666 alias
1444 4602 1600 4666 ecclesias
1629 4605 1872 4685 pertinentium,
1907 4606 1989 4670 nulla

311 4689 504 4753 clericorum
530 4688 705 4752 calliditate
734 4697 790 4753 aut
819 4689 977 4755 laicorum
1001 4692 1224 4774 quorumlibet
1254 4693 1316 4776 ipsi
1349 4693 1487 4756 ecclesie
1517 4690 1756 4755 subtrahantur.
1802 4693 1988 4760 Electiones

310 4786 420 4841 autem
445 4777 589 4860 priorum
614 4785 647 4840 et
670 4777 906 4843 collocationes
926 4779 955 4861 e)
988 4781 1179 4845 clericorum
1211 4783 1243 4844 in
1273 4782 1383 4862 aliqua
1406 4781 1543 4870 ecclesia
1569 4780 1651 4844 infra
1683 4782 1797 4846 urbem
1821 4785 1876 4848 vel
1900 4793 1987 4849 extra

310 4868 344 4929 in
367 4866 532 4930 suburbiis
551 4866 584 4946 f]
608 4867 676 4930 sine
705 4888 863 4932 consensu
896 4871 1043 4953 episcopi
1068 4879 1101 4934 et
1125 4873 1280 4953 priorum,
1311 4873 1367 4952 qui
1392 4871 1570 4954 locopositi
1597 4873 1815 4949 nominantur,
1848 4875 1987 4938 matricis

310 4954 451 5019 ecclesie
474 4976 541 5018 non
564 4955 653 5032 fiant,
676 4976 736 5019 nec
760 4957 918 5023 laicorum
941 4960 1095 5023 violentia
1119 4962 1152 5022 in
1176 4959 1286 5043 aliqua
1309 4960 1520 5024 ecclesiarum
1545 4958 1609 5022 ulla
1642 4962 1788 5042 priorum
1819 4971 1878 5025 aut
1902 4965 1987 5027 cleri·

310 5064 425 5108 corum
456 5043 514 5107 fiat
544 5044 677 5121 electio,
708 5054 743 5108 et
773 5047 859 5112 nulla
889 5047 1100 5112 ecclesiarum
1134 5051 1346 5132 episcopatus
1376 5049 1474 5112 vestri
1507 5055 1617 5131 preter
1645 5069 1760 5113 eorum
1791 5070 1986 5116 consensum

310 5133 405 5197 alicui
429 5133 605 5196 subiciatur
627 5134 772 5213 ecclesie,
797 5157 905 5218 neque
928 5137 1059 5220 publica
1083 5145 1116 5202 et
1139 5139 1263 5201 maiora
1286 5140 1418 5220 negotia
1441 5137 1552 5219 aliqua
1574 5138 1635 5202 sibi
1659 5138 1882 5216 ecclesiarum,
1914 5141 1985 5225 ipsis

310 5223 425 5298 invitis,
456 5223 590 5305 arripiat
619 5233 676 5287 aut
705 5224 852 5307 publicas
883 5228 1078 5309 penitentias
1111 5227 1238 5300 tribuat,
1270 5247 1330 5290 nec
1359 5229 1536 5290 sententias
1560 5234 1593 5289 et
1615 5227 1825 5291 interdictum
1849 5231 1985 5294 matricis

311 5311 449 5401 ecclesie
487 5319 631 5394 temptet
667 5313 849 5398 infringere.
900 5315 999 5379 Nulla
1037 5317 1135 5380 etiam
1166 5315 1263 5378 vestri
1305 5317 1516 5399 episcopatus
1549 5335 1691 5398 persona
1727 5317 1796 5380 sine
1831 5337 1984 5383 consensu

472 5507 496 5572 a)
515 5507 575 5571 Ans
587 5509 672 5557 Rome
688 5524 736 5558 von
754 5509 857 5560 anderer
875 5511 950 5560 Drirte
1021 5511 1049 5574 b)
1068 5510 1176 5560 ecclesie
1268 5513 1292 5576 c)
1312 5511 1365 5576 ores
1377 5513 1462 5560 Rornr
1545 5511 1573 5576 d)
1591 5511 1599 5559 i
1618 5511 1670 5577 aus
1684 5513 1776 5574 Rome,
1799 5527 1823 5562 es
1841 5515 1919 5563 rtond
1933 5510 1984 5578 quid

310 5575 336 5695 Ξ)
356 5577 518 5698 ocat4i8c96mts
540 5582 625 5628 Rasur
731 5581 754 5646 f)
778 5581 799 5630 is
823 5581 876 5647 ores
893 5584 984 5632 Rarur.
1006 5623 1055 5628 .,.
1076 5587 1113 5649 ,1)
1137 5583 1215 5648 Vergl.
1239 5581 1276 5632 die
1297 5581 1357 5632 Urk.
1382 5598 1437 5631 vene
1456 5585 1490 5632 26
1514 5582 1647 5632 November
1671 5584 1743 5634 1153.
1853 5592 1882 5650 2)
1914 5580 1983 5653 Jaffi.

334 5662 367 5713 cg.
469 5685 474 5698 .
