4126 6356
313 319 374 384 190

1050 491 1115 566 Nr.
1148 495 1232 567 177.

309 623 462 690 Hadrian
479 623 502 687 I
508 621 536 686 V
552 623 669 686 nimmi
689 621 744 686 die
769 619 1040 704 Kollegr'atkirclze
1064 623 1132 688 San
1147 625 1272 688 Donato
1295 622 1332 688 di
1346 627 1454 690 Lucra
1479 628 1512 691 in
1532 629 1759 712 apostolisclzrn
1774 629 1893 694 Schuta
1911 632 1981 695 und

746 711 896 794 bestdtigt
917 712 988 776 ihre
1012 713 1247 778 Besitatkrimer
1268 715 1336 777 und
1357 715 1474 778 Redite
1493 718 1529 800 ¹).

912 830 996 891 1158
1011 828 1113 913 April
1125 832 1176 893 13.
1211 830 1360 893 Lateran.

467 945 631 1008 Adrianus
654 945 840 1028 episcopus,
869 963 980 1008 servus
1003 965 1169 1009 servorum
1194 947 1255 1021 dei,
1284 945 1411 1008 dilectis
1433 946 1506 1009 filiis
1530 945 1674 1025 Iohanni,
1707 950 1807 1030 priori
1839 949 1979 1014 ecclesie

308 1037 411 1100 sancti
428 1035 558 1110 Donati,
583 1037 717 1113 eiusque
732 1033 892 1108 fratribus
916 1043 983 1097 tam
1005 1035 1212 1116 presentibus
1228 1054 1327 1114 quam
1343 1036 1467 1111 futuris,
1491 1036 1670 1119 regularem
1686 1040 1786 1101 vitam
1813 1039 1979 1121 professis,

308 1139 346 1190 IN
369 1137 446 1189 PPM.
494 1123 656 1206 Quotiens
686 1123 763 1186 illud
788 1143 807 1184 a
830 1123 925 1186 nobis
949 1125 1076 1206 petitur,
1102 1126 1191 1206 quod
1223 1126 1340 1188 rationi
1371 1127 1523 1189 convenit
1542 1123 1570 1210 ει)
1601 1135 1635 1188 et
1658 1145 1677 1188 a
1700 1129 1823 1191 iustitie
1846 1131 1980 1193 tramite

309 1236 374 1278 non
399 1215 530 1289 recedit,
562 1215 672 1276 animo
697 1233 757 1276 nos
790 1212 886 1274 decet
917 1213 1029 1276 libenti
1061 1214 1243 1276 concedere
1275 1223 1308 1276 et
1340 1216 1520 1295 petentium
1552 1216 1721 1290 desideria,
1753 1217 1871 1281 effectu
1902 1239 1980 1300 pro-

308 1313 475 1384 sequente,
507 1302 681 1385 complere.
735 1302 936 1384 Eapropter‚
968 1302 1077 1366 dilecti
1108 1306 1139 1365 in
1171 1303 1306 1365 domino
1337 1302 1403 1380 filii,
1436 1304 1526 1366 iustis
1557 1305 1832 1386 postulationibus
1862 1309 1981 1370 vestris

308 1395 484 1456 clementer
506 1393 673 1456 annuimus
697 1400 730 1453 et
752 1390 912 1474 prefatam
937 1393 1116 1467 ecclesiam,
1140 1394 1171 1460 in
1196 1413 1260 1474 qua
1283 1393 1392 1455 divino
1416 1395 1594 1474 mancipati
1617 1397 1695 1456 estis
1721 1395 1892 1475 obsequio,
1916 1397 1980 1460 sub

308 1483 395 1546 beati
419 1484 505 1546 Petri
528 1490 561 1545 et
584 1489 694 1544 nostra
716 1481 922 1563 protectione
944 1482 1134 1562 suscipimus
1160 1490 1193 1544 et
1218 1483 1376 1563 presentis
1400 1483 1511 1564 scripti
1535 1483 1705 1564 privilegio
1730 1486 1980 1549 communimus.

308 1573 343 1636 ln
367 1574 479 1654 primis
502 1572 663 1650 siquidem
688 1577 875 1644 statuentes
905 1578 941 1633 ut
964 1572 1046 1634 ordo
1081 1571 1255 1634 canonicus
1279 1570 1324 1633 ibi
1355 1572 1533 1633 secundum
1565 1571 1617 1633 dei
1647 1575 1798 1636 timorem
1830 1583 1866 1636 et
1888 1575 1980 1638 beati

308 1660 481 1742 Augustini
505 1660 648 1742 regulam
672 1662 840 1741 perpetuis
856 1661 1061 1743 temporibus
1085 1659 1314 1723 inviolabiliter
1329 1661 1529 1723 observetur.
1567 1661 1727 1737 Preterea,
1752 1681 1981 1746 quascumque

308 1752 540 1832 possessiones,
565 1768 770 1830 quecumque
792 1748 882 1811 bona
905 1749 1021 1812 eadem
1045 1749 1181 1812 ecclesia
1205 1752 1236 1813 in
1257 1752 1491 1830 presentiarum
1509 1751 1591 1812 iuste
1608 1759 1641 1813 et
1656 1753 1812 1814 canonice
1828 1753 1981 1834 possidet

308 1842 409 1902 autin
426 1840 565 1902 futurum
582 1839 792 1901 concessione
808 1838 1009 1920 pontificum,
1035 1839 1203 1921 largitione
1219 1857 1331 1920 regum
1349 1838 1399 1900 vel
1424 1840 1619 1920 principum,
1644 1839 1812 1906 oblatione
1832 1841 1981 1906 fidelium

307 1949 364 1991 seu
388 1929 458 1992 aliis
482 1927 727 1991 rationabilibus
751 1928 866 2002 modis,
890 1935 1055 2010 prestante
1079 1929 1222 2000 domino,
1247 1929 1369 2009 poterit
1391 1928 1535 2009 adipisci,
1564 1928 1657 1991 firma
1679 1929 1773 1992 vobis
1795 1932 1981 2011 vestrisque

307 2019 550 2081 successoribus
591 2026 624 2079 et
660 2016 786 2079 illibata
816 2025 1037 2100 permaneant.
1091 2017 1126 2079 In
1159 2017 1276 2098 quibus
1306 2017 1369 2079 hec
1400 2019 1542 2099 propriis
1574 2017 1727 2081 duximus
1761 2021 1982 2102 exprimenda

306 2108 491 2171 vocabulis:
529 2114 649 2169 terram
679 2106 833 2169 videlicet
863 2127 936 2170 cum
967 2127 1042 2170 casa
1073 2116 1107 2169 et
1136 2115 1209 2169 orto
1242 2114 1274 2169 et
1305 2108 1394 2169 omni
1425 2127 1484 2168 suo
1516 2106 1644 2170 edificio
1675 2117 1709 2170 et
1738 2108 1915 2172 intratoriis
1948 2119 1982 2173 et

306 2197 559 2280 ingressionibus
581 2198 655 2270 suis,
679 2215 778 2275 quam
800 2197 1015 2277 predecessor
1039 2205 1157 2272 noster,
1181 2205 1294 2258 sancte
1318 2198 1475 2259 memorie
1497 2195 1692 2260 Alexander
1714 2217 1815 2279 papa,
1848 2199 1982 2280 pietatis

307 2288 422 2350 intuitu
455 2286 593 2349 ecclesie
623 2293 730 2347 vestre
759 2288 919 2348 concessit
949 2293 982 2348 et
1013 2285 1171 2366 privilegii
1201 2287 1250 2348 sui
1282 2285 1459 2348 munimine
1489 2285 1663 2362 roboravit,
1697 2287 1981 2368 quemadmodum

307 2376 337 2438 in
362 2377 461 2458 ipsius
485 2374 656 2458 privilegio
681 2376 875 2450 continetur,
907 2375 999 2437 vobis
1023 2377 1217 2438 auctoritate
1240 2374 1421 2454 apostolica
1445 2373 1682 2438 confirmamus
1728 2374 1856 2438 Domus
1881 2377 1981 2440 etiam

308 2464 486 2549 hospitalis
510 2465 599 2544 quod
617 2465 734 2526 dicitur
747 2466 851 2526 sancti
867 2463 998 2540 Donati,
1022 2484 1096 2527 cum
1113 2463 1266 2527 omnibus
1283 2465 1487 2544 pertinentiis
1502 2464 1575 2539 suis,
1599 2485 1698 2545 quam
1714 2465 1803 2528 bone
1820 2467 1982 2529 memon'e

276 2554 454 2618 ‘Villanus
477 2553 646 2636 quondam
671 2553 810 2616 Rolandi
841 2553 1127 2636 predecessoribus
1149 2555 1264 2616 vestris
1288 2560 1322 2614 et
1344 2553 1520 2615 commisse
1539 2551 1569 2638 b)
1596 2555 1676 2635 ipsis
1700 2554 1838 2616 ecclesie
1862 2557 1982 2617 intuitu

307 2646 438 2727 pietatis
462 2645 624 2707 concessit
653 2651 753 2724 atque
776 2643 911 2705 donavit
941 2651 974 2705 et
997 2645 1110 2724 scripti
1140 2644 1319 2705 assertione
1350 2642 1594 2705 concessionem
1624 2643 1727 2724 ipsam
1764 2643 1983 2720 confirmavit,

307 2732 587 2814 quemadmodum
619 2734 650 2794 in
682 2731 799 2794 eodem
831 2733 955 2814 scripto
985 2731 1219 2795 rationabiliter
1249 2731 1448 2806 continetur,
1480 2739 1513 2792 et
1544 2731 1731 2808 ecclesiam,
1764 2751 1829 2811 que
1861 2733 1984 2797 dicitur

307 2831 418 2886 sancte
441 2823 544 2885 Marie
567 2821 609 2884 de
633 2820 749 2896 Cursu,
780 2842 853 2883 cum
885 2823 1088 2904 pertinentiis
1112 2823 1178 2883 suis
1208 2819 1302 2883 vobis
1330 2818 1553 2882 nichilominus
1583 2819 1813 2883 confirmamus
1845 2829 1880 2884 et
1903 2843 1983 2886 con·

307 2912 522 2975 firmationem
555 2913 659 2992 ipsam
690 2917 793 2972 ratam
827 2918 859 2972 et
890 2910 1111 2974 inconvulsam
1144 2910 1257 2973 futuris
1287 2908 1492 2990 temporibus
1533 2910 1737 2972 decernimus
1775 2931 1983 2994 permanere

307 3000 519 3065 Prohibemus
543 3002 682 3083 insuper,
716 3008 750 3062 ut
773 2999 851 3062 nulli
875 3019 1018 3080 unquam
1042 3002 1273 3062 canonicorum
1302 3007 1378 3080 post
1409 2998 1527 3061 factam
1559 2998 1604 3061 ibi
1636 2998 1886 3074 confessionem,
1918 3003 1982 3064 nisi

308 3093 422 3154 intuitu
447 3090 588 3154 melioris
609 3090 674 3151 vite
696 3087 800 3164 liceat,
823 3090 866 3151 de
890 3088 1031 3152 claustro
1054 3098 1164 3152 vestro
1195 3089 1374 3152 discedere.
1421 3086 1653 3150 Discedentem
1677 3108 1756 3151 vero
1790 3089 1860 3151 sine
1891 3111 1983 3153 com-

308 3181 450 3244 munium
489 3181 638 3242 cautione
668 3177 845 3241 litterarum
885 3178 989 3240 nullus
1028 3180 1147 3242 audeat
1181 3179 1328 3241 retinere.
1382 3173 1588 3258 Sepulturam
1620 3197 1752 3260 quoque
1783 3180 1887 3260 ipsius
1917 3179 1983 3242 loci

307 3270 441 3334 liberam
465 3289 537 3332 esse
561 3269 779 3343 concedimus,
803 3277 974 3340 uteorum,
999 3270 1054 3347 qui
1072 3268 1135 3332 illic
1151 3266 1281 3349 sepeliri
1305 3266 1565 3342 deliberaverint,
1589 3267 1756 3330 devotioni
1773 3275 1806 3330 et
1829 3276 1983 3332 extreme

306 3359 478 3434 voluntati,
509 3358 569 3421 nisi
592 3358 868 3420 excommunicati
891 3357 943 3421 vel
967 3357 1128 3420 interdicti
1152 3359 1277 3430 fuerint,
1308 3355 1412 3419 nullus
1436 3357 1583 3430 obsistat,
1614 3354 1702 3419 salva
1725 3365 1834 3419 tamen
1858 3358 1983 3421 iustitia

308 3451 451 3512 matricis
475 3447 622 3511 ecclesie.
669 3445 811 3510 Clericos
834 3466 913 3510 vero
936 3447 1003 3509 sive
1026 3445 1136 3522 laicos,
1160 3446 1279 3510 liberos
1303 3453 1336 3507 et
1359 3443 1537 3522 absolutos,
1565 3445 1753 3508 seculariter
1774 3447 1925 3510 viventes
1949 3456 1984 3510 et

307 3540 350 3601 ad
381 3558 441 3601 vos
471 3537 692 3601 conversionis
722 3538 825 3618 gratia
855 3537 991 3598 transire
1023 3538 1185 3611 volentes,
1215 3535 1413 3616 suscipiendi
1445 3534 1632 3597 facultatem
1661 3534 1797 3598 liberam
1822 3534 1983 3600 habeatis.

308 3626 464 3700 Mansuro
485 3634 634 3710 preterea
656 3626 686 3688 in
711 3633 904 3706 perpetuum
929 3626 1062 3687 decreto
1086 3628 1215 3707 penitus
1238 3623 1460 3706 prohibemus,
1484 3632 1519 3686 ut
1542 3623 1662 3686 nemini
1685 3625 1807 3701 abbati,
1838 3645 1983 3690 monaco

308 3719 377 3780 sive
400 3717 518 3780 clerico
541 3714 592 3778 vel
615 3713 707 3778 alicui
732 3734 872 3797 persone
896 3713 1000 3789 liceat,
1027 3714 1168 3796 aliquem
1193 3711 1481 3796 parrochianorum
1505 3721 1687 3776 vestrorum
1711 3715 1752 3777 ad
1776 3713 1982 3796 sepulturam

309 3809 464 3888 recipere,
495 3807 554 3868 uisi
584 3804 674 3866 salva
705 3805 827 3867 iustitia
850 3811 956 3867 vestre
987 3805 1133 3867 ecclesie.
1178 3803 1332 3866 Decimas
1365 3809 1474 3866 autem
1508 3803 1652 3865 omnium
1685 3803 1983 3886 parrochianorum

308 3905 505 3970 vestrorum,
546 3915 609 3976 que
639 3894 681 3956 de
711 3894 778 3956 iure
809 3895 967 3956 canonico
999 3894 1136 3956 ecclesie
1159 3901 1266 3956 vestre
1299 3893 1508 3974 proveniunt,
1540 3892 1633 3954 vobis
1664 3895 1859 3956 auctoritate
1891 3895 1984 3957 sedis

309 3984 491 4069 apostolice
521 3982 758 4046 confirmamus.
813 3980 1002 4046 Statuentes
1033 3984 1147 4058 etiam,
1184 3991 1218 4044 ut
1248 3981 1278 4044 in
1312 3981 1439 4043 letaniis
1471 3989 1504 4042 et
1536 3981 1697 4062 precipuis
1728 3982 1983 4046 solennitatibus

309 4076 617 4138 circumadiacentes
641 4069 797 4154 capellani
821 4071 966 4134 debitam
991 4079 1024 4134 et
1047 4080 1237 4135 consuetam
1257 4072 1469 4133 reverentiam
1485 4070 1581 4133 vobis
1597 4069 1781 4134 exhibeant
1822 4069 1983 4136 Obeunte

308 4185 386 4228 vero
408 4172 451 4240 te,
474 4183 558 4226 nunc
581 4162 726 4224 eiusdem
751 4160 815 4223 loci
839 4163 956 4242 priore,
980 4160 1031 4222 vel
1053 4169 1183 4224 tuorum
1208 4160 1357 4242 quolibet
1379 4179 1611 4234 successorum,
1635 4159 1738 4222 nullus
1761 4161 1807 4224 ibi
1831 4161 1983 4242 qualibet

308 4255 529 4336 supreptionis
550 4253 670 4314 astutia
691 4269 748 4312 seu
777 4249 930 4312 violentia
958 4260 1173 4332 preponatur,
1206 4250 1265 4313 nisi
1296 4268 1392 4329 quem
1425 4249 1538 4311 fratres
1571 4249 1734 4312 communi
1765 4249 1902 4314 consilio
1927 4251 1982 4314 vel

308 4365 384 4427 pars
412 4340 538 4406 consilii
567 4340 702 4403 sanioris
732 4340 912 4401 secundum
935 4340 989 4402 dei
1012 4342 1164 4402 timorem
1196 4348 1228 4402 et
1257 4338 1344 4400 beati
1367 4338 1541 4419 Augustini
1575 4335 1746 4423 (regulam)
1777 4342 1983 4422 providerint

309 4433 504 4516 eligendum.
550 4430 765 4492 Decernimus
789 4449 876 4510 ergo,
909 4437 944 4490 ut
974 4429 1052 4491 nulli
1077 4431 1210 4491 omnino
1238 4430 1348 4502 liceat,
1379 4427 1539 4510 prefatam
1573 4427 1743 4490 ecclesiam
1771 4480 1776 4492 .
1802 4478 1809 4491 .
1836 4479 1842 4492 .
1867 4430 1981 4493 usibus

309 4523 506 4587 omnimodis
538 4519 721 4603 profutura,
753 4517 842 4581 salva
870 4519 1020 4580 nimirum
1052 4519 1084 4580 in
1116 4517 1266 4580 omnibus
1295 4517 1382 4578 sedis
1413 4514 1595 4597 apostolice
1627 4519 1821 4580 auctoritate
1852 4526 1885 4581 et
1908 4519 1981 4581 dio·

308 4632 499 4675 cesanorum
516 4609 744 4692 episcoporum
763 4607 918 4670 canonica
933 4608 1064 4670 iustitia.
1096 4604 1130 4668 Si
1146 4627 1210 4687 qua
1226 4607 1323 4690 igitur
1346 4653 1352 4667 .
1379 4652 1385 4666 .
1410 4653 1416 4666 .
1444 4605 1574 4668 Cunctis
1591 4614 1700 4669 autem
1722 4655 1728 4668 .
1752 4656 1758 4670 .
1779 4606 1980 4671 .inveniant.

308 4701 427 4765 Amen.
451 4700 570 4764 Amen.
593 4698 712 4761 Amen.

520 4787 576 4870 (R)
599 4789 673 4868 Ego
696 4784 861 4847 Adrianus
885 4784 1058 4868 episcopus
1081 4782 1241 4847 catholice
1264 4783 1401 4846 ecclesie
1424 4803 1465 4845 ss.
1489 4781 1550 4868 (M)

520 4875 540 4960 †
564 4877 637 4958 Ego
660 4874 757 4938 Iulius
780 4873 943 4956 presbiter
965 4872 1133 4936 cardinalis
1156 4873 1203 4936 tit.
1226 4874 1330 4935 sancti
1355 4872 1501 4935 Marcelli
1523 4892 1564 4934 ss.

520 4964 540 5051 i
564 4965 636 5046 Ego
659 4963 808 5028 Ubaldus
831 4963 991 5046 presbiter
1014 4962 1186 5026 cardinalis
1209 4963 1254 5025 tit.
1277 4969 1390 5025 sancte
1414 4962 1525 5025 Crucis
1548 4961 1579 5023 in
1603 4959 1808 5026 Hierusalem
1832 4982 1875 5024 ss.

519 5058 540 5137 †
563 5054 636 5137 Ego
661 5050 859 5116 Octavianus
882 5051 1045 5135 presbiter
1067 5051 1238 5116 cardinalis
1260 5054 1309 5114 tit.
1331 5059 1444 5114 sancte
1468 5049 1586 5114 Cecilie
1608 5071 1651 5113 ss.

518 5147 539 5225 †
561 5145 634 5225 Ego
647 5141 807 5205 Iohannes
819 5142 981 5224 presbiter
993 5143 1164 5205 cardinalis
1176 5149 1361 5204 sanctorum
1375 5139 1529 5203 Iohannis
1542 5149 1575 5202 et
1587 5139 1677 5203 Pauli
1693 5142 1741 5202 tit.
1757 5139 1922 5206 Pamachii
1936 5163 1978 5204 ss.

519 5236 540 5314 †
563 5234 636 5314 Ego
660 5231 818 5294 Albertus
841 5231 1002 5313 presbiter
1025 5231 1196 5295 cardinalis
1220 5231 1268 5293 tit.
1292 5231 1394 5293 sancti
1418 5230 1582 5293 Laurentii
1607 5231 1639 5292 in
1661 5229 1787 5292 Lucina
1809 5250 1852 5292 ss,

519 5323 539 5404 †
562 5322 636 5404 Ego
661 5318 761 5384 Oddo
785 5322 944 5384 diaconus
967 5320 1136 5383 cardinalis
1159 5322 1208 5382 tit.
1233 5322 1335 5382 sancti
1360 5318 1491 5401 Georgii
1516 5320 1557 5382 ad
1580 5319 1700 5382 Velum
1724 5338 1858 5382 aureum
1883 5339 1925 5382 ss.

519 5413 540 5492 †
563 5411 636 5493 Ego
658 5411 748 5474 Boso
772 5413 930 5474 diaconus
953 5409 1121 5472 cardinalis
1144 5418 1330 5472 sanctorum
1355 5407 1475 5470 Cosme
1500 5417 1533 5471 et
1556 5408 1708 5471 Damiani
1731 5427 1773 5470 ss.

519 5503 540 5582 †
564 5499 635 5582 Ego
660 5499 820 5582 Cinthyus
843 5501 1000 5564 diaconus
1023 5499 1196 5562 cardinalis
1219 5499 1320 5561 sancti
1343 5495 1483 5560 Adriani
1507 5517 1548 5560 ss.

310 5613 517 5620 a..-—-.---——-
568 5612 659 5617 —---

467 5647 491 5708 a)
512 5644 643 5693 conveniat
676 5611 687 5616 -
714 5643 741 5708 b)
761 5642 895 5691 commisse
912 5657 960 5690 von
985 5641 1088 5690 andem
1106 5640 1186 5689 Hand
1201 5639 1226 5688 in
1245 5639 1294 5688 einr
1311 5639 1483 5704 urspn'r'ngliclz
1507 5640 1554 5688 leer
1571 5640 1691 5703 gelassent
1706 5637 1788 5687 Lucre
1805 5639 1916 5704 offendor
1932 5655 1978 5686 aa·

305 5715 426 5781 gcsrhickt
440 5715 597 5782 ringrtragen.
618 5754 669 5760 -
689 5719 724 5782 ,1)
749 5715 827 5779 Vergl.
849 5711 927 5780 Jrfic‘,
946 5715 1005 5778 ll'rg.
1022 5714 1099 5764 3382.
