<?xml version="1.0" encoding="UTF-8"?>
<!DOCTYPE html PUBLIC "-//W3C//DTD XHTML 1.0 Transitional//EN"
    "http://www.w3.org/TR/xhtml1/DTD/xhtml1-transitional.dtd">
<html xmlns="http://www.w3.org/1999/xhtml" xml:lang="en" lang="en">
 <head>
  <title>
</title>
<meta http-equiv="Content-Type" content="text/html;charset=utf-8" />
  <meta name='ocr-system' content='tesseract 3.04.00' />
  <meta name='ocr-capabilities' content='ocr_page ocr_carea ocr_par ocr_line ocrx_word'/>
</head>
<body>
  <div class='ocr_page' id='page_1' title='image "./actapontificumr00hargoog_0105.png"; bbox 0 0 4126 6356; ppageno 0'>
   <div class='ocr_carea' id='block_1_1' title="bbox 1707 323 1749 386">
    <p class='ocr_par' dir='ltr' id='par_1_1' title="bbox 1707 323 1749 386">
     <span class='ocr_line' id='line_1_1' title="bbox 1707 323 1749 386; baseline -0.048 0"><span class='ocrx_word' id='word_1_1' title='bbox 1707 323 1749 386; x_wconf 81' lang='lat'>93</span> 
     </span>
    </p>
   </div>
   <div class='ocr_carea' id='block_1_2' title="bbox 73 492 1755 2907">
    <p class='ocr_par' dir='ltr' id='par_1_2' title="bbox 73 492 1754 1548">
     <span class='ocr_line' id='line_1_2' title="bbox 74 492 1753 580; baseline -0.001 -22"><span class='ocrx_word' id='word_1_2' title='bbox 74 492 204 558; x_wconf 84' lang='lat' dir='ltr'>ablatas</span> <span class='ocrx_word' id='word_1_3' title='bbox 233 497 383 572; x_wconf 88' lang='lat' dir='ltr'>retinere,</span> <span class='ocrx_word' id='word_1_4' title='bbox 415 494 561 560; x_wconf 88' lang='lat' dir='ltr'>minuere</span> <span class='ocrx_word' id='word_1_5' title='bbox 591 502 647 558; x_wconf 88' lang='lat' dir='ltr'>aut</span> <span class='ocrx_word' id='word_1_6' title='bbox 676 493 837 576; x_wconf 90' lang='lat' dir='ltr'>aliquibus</span> <span class='ocrx_word' id='word_1_7' title='bbox 864 496 1094 560; x_wconf 88' lang='lat' dir='ltr'>vexationibus</span> <span class='ocrx_word' id='word_1_8' title='bbox 1120 496 1264 580; x_wconf 90' lang='lat' dir='ltr'>fatigare,</span> <span class='ocrx_word' id='word_1_9' title='bbox 1295 495 1352 558; x_wconf 89' lang='lat' dir='ltr'>sed</span> <span class='ocrx_word' id='word_1_10' title='bbox 1385 494 1493 558; x_wconf 91' lang='lat' dir='ltr'>omnia</span> <span class='ocrx_word' id='word_1_11' title='bbox 1520 493 1646 578; x_wconf 85' lang='lat' dir='ltr'>integra</span> <span class='ocrx_word' id='word_1_12' title='bbox 1676 515 1753 558; x_wconf 88' lang='lat' dir='ltr'>con·</span> 
     </span>
     <span class='ocr_line' id='line_1_3' title="bbox 74 583 1752 667; baseline -0.001 -20"><span class='ocrx_word' id='word_1_13' title='bbox 74 589 249 647; x_wconf 89' lang='lat' dir='ltr'>serventur</span> <span class='ocrx_word' id='word_1_14' title='bbox 286 605 417 661; x_wconf 87' lang='lat' dir='ltr'>eorum,</span> <span class='ocrx_word' id='word_1_15' title='bbox 453 606 514 667; x_wconf 91' lang='lat' dir='ltr'>pro</span> <span class='ocrx_word' id='word_1_16' title='bbox 551 604 691 667; x_wconf 91' lang='lat' dir='ltr'>quorum</span> <span class='ocrx_word' id='word_1_17' title='bbox 726 584 962 667; x_wconf 85' lang='lat' dir='ltr'>gubernatione</span> <span class='ocrx_word' id='word_1_18' title='bbox 993 593 1026 649; x_wconf 91' lang='lat' dir='ltr'>et</span> <span class='ocrx_word' id='word_1_19' title='bbox 1056 587 1292 650; x_wconf 85' lang='lat' dir='ltr'><strong>sustentatione</strong></span> <span class='ocrx_word' id='word_1_20' title='bbox 1323 603 1480 648; x_wconf 87' lang='lat' dir='ltr'>concessa</span> <span class='ocrx_word' id='word_1_21' title='bbox 1508 592 1601 660; x_wconf 89' lang='lat' dir='ltr'>sunt,</span> <span class='ocrx_word' id='word_1_22' title='bbox 1640 583 1752 648; x_wconf 91' lang='lat' dir='ltr'>usibus</span> 
     </span>
     <span class='ocr_line' id='line_1_4' title="bbox 74 673 1753 762; baseline -0.002 -24"><span class='ocrx_word' id='word_1_23' title='bbox 74 674 279 738; x_wconf 89' lang='lat' dir='ltr'>omnimodis</span> <span class='ocrx_word' id='word_1_24' title='bbox 309 675 496 758; x_wconf 88' lang='lat' dir='ltr'>profutura,</span> <span class='ocrx_word' id='word_1_25' title='bbox 526 674 616 738; x_wconf 88' lang='lat' dir='ltr'>salva</span> <span class='ocrx_word' id='word_1_26' title='bbox 646 673 733 738; x_wconf 91' lang='lat' dir='ltr'>sedis</span> <span class='ocrx_word' id='word_1_27' title='bbox 764 673 945 762; x_wconf 69' lang='lat' dir='ltr'>apostolice</span> <span class='ocrx_word' id='word_1_28' title='bbox 975 678 1168 739; x_wconf 89' lang='lat' dir='ltr'>auctoritate</span> <span class='ocrx_word' id='word_1_29' title='bbox 1200 682 1234 739; x_wconf 87' lang='lat' dir='ltr'>et</span> <span class='ocrx_word' id='word_1_30' title='bbox 1265 675 1432 738; x_wconf 87' lang='lat' dir='ltr'>diocesani</span> <span class='ocrx_word' id='word_1_31' title='bbox 1456 675 1604 756; x_wconf 88' lang='lat' dir='ltr'>episcopi</span> <span class='ocrx_word' id='word_1_32' title='bbox 1634 674 1753 737; x_wconf 87' lang='lat' dir='ltr'>iustitia</span> 
     </span>
     <span class='ocr_line' id='line_1_5' title="bbox 75 761 1752 851; baseline -0.002 -22"><span class='ocrx_word' id='word_1_33' title='bbox 75 772 110 829; x_wconf 91' lang='lat' dir='ltr'>et</span> <span class='ocrx_word' id='word_1_34' title='bbox 131 765 325 828; x_wconf 87' lang='lat' dir='ltr'>reverentia.</span> <span class='ocrx_word' id='word_1_35' title='bbox 371 761 406 828; x_wconf 92' lang='lat' dir='ltr'>Si</span> <span class='ocrx_word' id='word_1_36' title='bbox 430 784 495 845; x_wconf 93' lang='lat' dir='ltr'>qua</span> <span class='ocrx_word' id='word_1_37' title='bbox 518 765 615 847; x_wconf 88' lang='lat' dir='ltr'>igitur</span> <span class='ocrx_word' id='word_1_38' title='bbox 642 765 674 827; x_wconf 91' lang='lat' dir='ltr'>in</span> <span class='ocrx_word' id='word_1_39' title='bbox 706 763 847 828; x_wconf 92' lang='lat' dir='ltr'>futurum</span> <span class='ocrx_word' id='word_1_40' title='bbox 877 763 1096 829; x_wconf 89' lang='lat' dir='ltr'>ecclesiastica</span> <span class='ocrx_word' id='word_1_41' title='bbox 1125 764 1321 828; x_wconf 86' lang='lat' dir='ltr'>secularisve</span> <span class='ocrx_word' id='word_1_42' title='bbox 1351 783 1506 846; x_wconf 88' lang='lat' dir='ltr'>persona,</span> <span class='ocrx_word' id='word_1_43' title='bbox 1536 761 1620 826; x_wconf 88' lang='lat' dir='ltr'>hanc</span> <span class='ocrx_word' id='word_1_44' title='bbox 1643 770 1752 851; x_wconf 72' lang='lat' dir='ltr'>nostre</span> 
     </span>
     <span class='ocr_line' id='line_1_6' title="bbox 76 853 1752 938; baseline -0.002 -19"><span class='ocrx_word' id='word_1_45' title='bbox 76 854 322 919; x_wconf 89' lang='lat' dir='ltr'>constitutionis</span> <span class='ocrx_word' id='word_1_46' title='bbox 352 854 503 938; x_wconf 88' lang='lat' dir='ltr'>paginam</span> <span class='ocrx_word' id='word_1_47' title='bbox 534 855 651 931; x_wconf 89' lang='lat' dir='ltr'>sciens,</span> <span class='ocrx_word' id='word_1_48' title='bbox 681 860 795 917; x_wconf 91' lang='lat' dir='ltr'>contra</span> <span class='ocrx_word' id='word_1_49' title='bbox 826 873 899 917; x_wconf 87' lang='lat' dir='ltr'>eam</span> <span class='ocrx_word' id='word_1_50' title='bbox 930 862 1054 919; x_wconf 88' lang='lat' dir='ltr'>temere</span> <span class='ocrx_word' id='word_1_51' title='bbox 1082 855 1191 918; x_wconf 90' lang='lat' dir='ltr'>venire</span> <span class='ocrx_word' id='word_1_52' title='bbox 1219 854 1407 929; x_wconf 88' lang='lat' dir='ltr'>tentaverit,</span> <span class='ocrx_word' id='word_1_53' title='bbox 1435 853 1580 917; x_wconf 89' lang='lat' dir='ltr'>secundo</span> <span class='ocrx_word' id='word_1_54' title='bbox 1613 854 1752 917; x_wconf 88' lang='lat' dir='ltr'>tertiove</span> 
     </span>
     <span class='ocr_line' id='line_1_7' title="bbox 76 942 1753 1027; baseline -0.004 -17"><span class='ocrx_word' id='word_1_55' title='bbox 76 945 291 1019; x_wconf 88' lang='lat' dir='ltr'>commonita,</span> <span class='ocrx_word' id='word_1_56' title='bbox 314 943 340 1006; x_wconf 92' lang='lat' dir='ltr'>si</span> <span class='ocrx_word' id='word_1_57' title='bbox 363 965 428 1007; x_wconf 90' lang='lat' dir='ltr'>non</span> <span class='ocrx_word' id='word_1_58' title='bbox 451 942 676 1007; x_wconf 79' lang='lat' dir='ltr'>satisfactione</span> <span class='ocrx_word' id='word_1_59' title='bbox 699 963 843 1026; x_wconf 90' lang='lat' dir='ltr'>congrua</span> <span class='ocrx_word' id='word_1_60' title='bbox 867 945 1097 1020; x_wconf 85' lang='lat' dir='ltr'>emendaverit,</span> <span class='ocrx_word' id='word_1_61' title='bbox 1120 944 1293 1027; x_wconf 91' lang='lat' dir='ltr'>potestatis</span> <span class='ocrx_word' id='word_1_62' title='bbox 1316 942 1514 1024; x_wconf 88' lang='lat' dir='ltr'>honorisque</span> <span class='ocrx_word' id='word_1_63' title='bbox 1530 945 1579 1006; x_wconf 92' lang='lat' dir='ltr'>sui</span> <span class='ocrx_word' id='word_1_64' title='bbox 1596 943 1753 1024; x_wconf 86' lang='lat' dir='ltr'>dignitate</span> 
     </span>
     <span class='ocr_line' id='line_1_8' title="bbox 76 1032 1753 1117; baseline -0.003 -18"><span class='ocrx_word' id='word_1_65' title='bbox 76 1043 189 1100; x_wconf 90' lang='lat' dir='ltr'>careat</span> <span class='ocrx_word' id='word_1_66' title='bbox 228 1053 383 1114; x_wconf 89' lang='lat' dir='ltr'>reamque</span> <span class='ocrx_word' id='word_1_67' title='bbox 423 1053 459 1096; x_wconf 91' lang='lat' dir='ltr'>se</span> <span class='ocrx_word' id='word_1_68' title='bbox 497 1033 607 1097; x_wconf 91' lang='lat' dir='ltr'>divino</span> <span class='ocrx_word' id='word_1_69' title='bbox 640 1032 760 1096; x_wconf 93' lang='lat' dir='ltr'>iudicio</span> <span class='ocrx_word' id='word_1_70' title='bbox 797 1035 938 1096; x_wconf 87' lang='lat' dir='ltr'>existere</span> <span class='ocrx_word' id='word_1_71' title='bbox 975 1035 1017 1097; x_wconf 91' lang='lat' dir='ltr'>de</span> <span class='ocrx_word' id='word_1_72' title='bbox 1058 1041 1246 1117; x_wconf 88' lang='lat' dir='ltr'>perpetrata</span> <span class='ocrx_word' id='word_1_73' title='bbox 1282 1033 1449 1113; x_wconf 89' lang='lat' dir='ltr'>iniquitate</span> <span class='ocrx_word' id='word_1_74' title='bbox 1488 1039 1683 1114; x_wconf 92' lang='lat' dir='ltr'>cognoscat,</span> <span class='ocrx_word' id='word_1_75' title='bbox 1721 1040 1753 1094; x_wconf 90' lang='lat' dir='ltr'>et</span> 
     </span>
     <span class='ocr_line' id='line_1_9' title="bbox 74 1120 1754 1206; baseline -0.003 -17"><span class='ocrx_word' id='word_1_76' title='bbox 74 1146 94 1190; x_wconf 93' lang='lat' dir='ltr'>a</span> <span class='ocrx_word' id='word_1_77' title='bbox 124 1123 345 1188; x_wconf 87' lang='lat' dir='ltr'>sacratissimo</span> <span class='ocrx_word' id='word_1_78' title='bbox 380 1143 520 1206; x_wconf 89' lang='lat' dir='ltr'>corpore</span> <span class='ocrx_word' id='word_1_79' title='bbox 558 1143 597 1186; x_wconf 92' lang='lat' dir='ltr'>ac</span> <span class='ocrx_word' id='word_1_80' title='bbox 627 1123 783 1205; x_wconf 87' lang='lat' dir='ltr'>sanguine</span> <span class='ocrx_word' id='word_1_81' title='bbox 815 1124 868 1186; x_wconf 92' lang='lat' dir='ltr'>dei</span> <span class='ocrx_word' id='word_1_82' title='bbox 900 1131 933 1186; x_wconf 92' lang='lat' dir='ltr'>et</span> <span class='ocrx_word' id='word_1_83' title='bbox 965 1123 1102 1198; x_wconf 91' lang='lat' dir='ltr'>domini,</span> <span class='ocrx_word' id='word_1_84' title='bbox 1140 1122 1357 1204; x_wconf 91' lang='lat' dir='ltr'>redemptoris</span> <span class='ocrx_word' id='word_1_85' title='bbox 1395 1123 1496 1184; x_wconf 91' lang='lat' dir='ltr'>nostri</span> <span class='ocrx_word' id='word_1_86' title='bbox 1526 1123 1598 1186; x_wconf 90' lang='lat' dir='ltr'>Iesu</span> <span class='ocrx_word' id='word_1_87' title='bbox 1627 1120 1754 1196; x_wconf 89' lang='lat' dir='ltr'>Christi,</span> 
     </span>
     <span class='ocr_line' id='line_1_10' title="bbox 74 1210 1752 1292; baseline -0.004 -13"><span class='ocrx_word' id='word_1_88' title='bbox 74 1215 183 1279; x_wconf 84' lang='lat' dir='ltr'>aliena</span> <span class='ocrx_word' id='word_1_89' title='bbox 205 1213 272 1288; x_wconf 87' lang='lat' dir='ltr'>fiat,</span> <span class='ocrx_word' id='word_1_90' title='bbox 294 1220 394 1292; x_wconf 91' lang='lat' dir='ltr'>atque</span> <span class='ocrx_word' id='word_1_91' title='bbox 418 1213 448 1276; x_wconf 90' lang='lat' dir='ltr'>in</span> <span class='ocrx_word' id='word_1_92' title='bbox 472 1221 621 1276; x_wconf 86' lang='lat' dir='ltr'>extremo</span> <span class='ocrx_word' id='word_1_93' title='bbox 645 1213 798 1275; x_wconf 87' lang='lat' dir='ltr'>examine</span> <span class='ocrx_word' id='word_1_94' title='bbox 821 1213 965 1276; x_wconf 81' lang='lat' dir='ltr'>districte</span> <span class='ocrx_word' id='word_1_95' title='bbox 989 1211 1102 1277; x_wconf 93' lang='lat' dir='ltr'>ultioni</span> <span class='ocrx_word' id='word_1_96' title='bbox 1126 1211 1301 1276; x_wconf 89' lang='lat' dir='ltr'>subiaceat.</span> <span class='ocrx_word' id='word_1_97' title='bbox 1347 1210 1477 1275; x_wconf 92' lang='lat' dir='ltr'>Cunctis</span> <span class='ocrx_word' id='word_1_98' title='bbox 1501 1219 1620 1290; x_wconf 90' lang='lat' dir='ltr'>autem,</span> <span class='ocrx_word' id='word_1_99' title='bbox 1645 1211 1752 1274; x_wconf 89' lang='lat' dir='ltr'>eidem</span> 
     </span>
     <span class='ocr_line' id='line_1_11' title="bbox 75 1300 1752 1384; baseline -0.004 -16"><span class='ocrx_word' id='word_1_100' title='bbox 75 1306 155 1368; x_wconf 90' lang='lat' dir='ltr'>loco</span> <span class='ocrx_word' id='word_1_101' title='bbox 186 1304 270 1366; x_wconf 87' lang='lat' dir='ltr'>iusta</span> <span class='ocrx_word' id='word_1_102' title='bbox 299 1301 516 1377; x_wconf 88' lang='lat' dir='ltr'>servantibus,</span> <span class='ocrx_word' id='word_1_103' title='bbox 554 1303 597 1364; x_wconf 89' lang='lat' dir='ltr'>sit</span> <span class='ocrx_word' id='word_1_104' title='bbox 625 1321 693 1384; x_wconf 87' lang='lat' dir='ltr'>pax</span> <span class='ocrx_word' id='word_1_105' title='bbox 724 1301 848 1364; x_wconf 91' lang='lat' dir='ltr'>domini</span> <span class='ocrx_word' id='word_1_106' title='bbox 878 1303 979 1366; x_wconf 90' lang='lat' dir='ltr'>nostri</span> <span class='ocrx_word' id='word_1_107' title='bbox 1015 1301 1088 1366; x_wconf 91' lang='lat' dir='ltr'>Iesu</span> <span class='ocrx_word' id='word_1_108' title='bbox 1122 1300 1254 1376; x_wconf 91' lang='lat' dir='ltr'>Christi,</span> <span class='ocrx_word' id='word_1_109' title='bbox 1286 1303 1436 1381; x_wconf 91' lang='lat' dir='ltr'>quatinus</span> <span class='ocrx_word' id='word_1_110' title='bbox 1467 1308 1499 1364; x_wconf 91' lang='lat' dir='ltr'>et</span> <span class='ocrx_word' id='word_1_111' title='bbox 1530 1300 1582 1365; x_wconf 91' lang='lat' dir='ltr'>hic</span> <span class='ocrx_word' id='word_1_112' title='bbox 1613 1301 1752 1363; x_wconf 89' lang='lat' dir='ltr'>fructum</span> 
     </span>
     <span class='ocr_line' id='line_1_12' title="bbox 73 1389 1753 1478; baseline -0.005 -19"><span class='ocrx_word' id='word_1_113' title='bbox 73 1395 165 1459; x_wconf 88' lang='lat' dir='ltr'>bone</span> <span class='ocrx_word' id='word_1_114' title='bbox 196 1393 334 1457; x_wconf 88' lang='lat' dir='ltr'>actionis</span> <span class='ocrx_word' id='word_1_115' title='bbox 366 1391 546 1475; x_wconf 88' lang='lat' dir='ltr'>percipiant</span> <span class='ocrx_word' id='word_1_116' title='bbox 583 1398 617 1455; x_wconf 89' lang='lat' dir='ltr'>et</span> <span class='ocrx_word' id='word_1_117' title='bbox 652 1390 742 1473; x_wconf 90' lang='lat' dir='ltr'>apud</span> <span class='ocrx_word' id='word_1_118' title='bbox 775 1391 956 1455; x_wconf 88' lang='lat' dir='ltr'>districtum</span> <span class='ocrx_word' id='word_1_119' title='bbox 990 1391 1129 1455; x_wconf 91' lang='lat' dir='ltr'>iudicem</span> <span class='ocrx_word' id='word_1_120' title='bbox 1160 1391 1285 1478; x_wconf 75' lang='lat' dir='ltr'>premia</span> <span class='ocrx_word' id='word_1_121' title='bbox 1314 1397 1424 1478; x_wconf 69' lang='lat' dir='ltr'>eterne</span> <span class='ocrx_word' id='word_1_122' title='bbox 1455 1389 1544 1473; x_wconf 92' lang='lat' dir='ltr'>pacis</span> <span class='ocrx_word' id='word_1_123' title='bbox 1579 1391 1753 1454; x_wconf 79' lang='lat' dir='ltr'>inveniant.</span> 
     </span>
     <span class='ocr_line' id='line_1_13' title="bbox 73 1480 516 1548; baseline -0.014 1"><span class='ocrx_word' id='word_1_124' title='bbox 73 1483 198 1548; x_wconf 90' lang='lat' dir='ltr'>Amen.</span> <span class='ocrx_word' id='word_1_125' title='bbox 224 1482 315 1545; x_wconf 91' lang='lat' dir='ltr'>A·m.</span> <span class='ocrx_word' id='word_1_126' title='bbox 339 1480 459 1545; x_wconf 89' lang='lat' dir='ltr'>Amen.</span> <span class='ocrx_word' id='word_1_127' title='bbox 476 1517 516 1528; x_wconf 93' lang='lat'><em>-</em></span> 
     </span>
    </p>

    <p class='ocr_par' dir='ltr' id='par_1_3' title="bbox 293 1567 1331 1658">
     <span class='ocr_line' id='line_1_14' title="bbox 293 1567 1331 1658; baseline -0.001 -25"><span class='ocrx_word' id='word_1_128' title='bbox 293 1571 349 1653; x_wconf 81' lang='lat' dir='ltr'>(R)</span> <span class='ocrx_word' id='word_1_129' title='bbox 372 1573 447 1653; x_wconf 88' lang='lat' dir='ltr'>Ego</span> <span class='ocrx_word' id='word_1_130' title='bbox 470 1569 637 1652; x_wconf 89' lang='lat' dir='ltr'>Eugenius</span> <span class='ocrx_word' id='word_1_131' title='bbox 660 1567 822 1656; x_wconf 66' lang='lat' dir='ltr'>catholice</span> <span class='ocrx_word' id='word_1_132' title='bbox 844 1569 983 1658; x_wconf 66' lang='lat' dir='ltr'>ecclesie</span> <span class='ocrx_word' id='word_1_133' title='bbox 1006 1569 1180 1653; x_wconf 89' lang='lat' dir='ltr'>episcopus</span> <span class='ocrx_word' id='word_1_134' title='bbox 1203 1591 1244 1633; x_wconf 91' lang='lat' dir='ltr'>ss.</span> <span class='ocrx_word' id='word_1_135' title='bbox 1268 1569 1331 1648; x_wconf 90' lang='grc' dir='ltr'>(Μ)</span> 
     </span>
    </p>

    <p class='ocr_par' dir='ltr' id='par_1_4' title="bbox 292 1657 1489 1747">
     <span class='ocr_line' id='line_1_15' title="bbox 292 1657 1489 1747; baseline -0.004 -23"><span class='ocrx_word' id='word_1_136' title='bbox 292 1658 373 1744; x_wconf 89' lang='lat'>-†</span> <span class='ocrx_word' id='word_1_137' title='bbox 395 1661 469 1743; x_wconf 87' lang='lat' dir='ltr'>Ego</span> <span class='ocrx_word' id='word_1_138' title='bbox 492 1657 664 1723; x_wconf 91' lang='lat' dir='ltr'>Hubaldus</span> <span class='ocrx_word' id='word_1_139' title='bbox 688 1659 850 1741; x_wconf 87' lang='lat' dir='ltr'>presbiter</span> <span class='ocrx_word' id='word_1_140' title='bbox 872 1660 1044 1723; x_wconf 89' lang='lat' dir='ltr'>cardinalis</span> <span class='ocrx_word' id='word_1_141' title='bbox 1066 1660 1112 1722; x_wconf 91' lang='lat' dir='ltr'>tit.</span> <span class='ocrx_word' id='word_1_142' title='bbox 1135 1669 1245 1747; x_wconf 69' lang='lat' dir='ltr'>sancte</span> <span class='ocrx_word' id='word_1_143' title='bbox 1267 1659 1424 1723; x_wconf 86' lang='lat' dir='ltr'>Praxedis</span> <span class='ocrx_word' id='word_1_144' title='bbox 1447 1677 1489 1720; x_wconf 88' lang='lat' dir='ltr'>ss.</span> 
     </span>
    </p>

    <p class='ocr_par' dir='ltr' id='par_1_5' title="bbox 293 1746 1651 1834">
     <span class='ocr_line' id='line_1_16' title="bbox 293 1746 1651 1834; baseline -0.004 -21"><span class='ocrx_word' id='word_1_145' title='bbox 293 1748 313 1834; x_wconf 91' lang='lat'>†</span> <span class='ocrx_word' id='word_1_146' title='bbox 336 1750 411 1832; x_wconf 89' lang='lat' dir='ltr'>Ego</span> <span class='ocrx_word' id='word_1_147' title='bbox 434 1747 607 1813; x_wconf 86' lang='lat' dir='ltr'>Hubaldus</span> <span class='ocrx_word' id='word_1_148' title='bbox 630 1749 793 1832; x_wconf 90' lang='lat' dir='ltr'>presbiter</span> <span class='ocrx_word' id='word_1_149' title='bbox 814 1749 985 1813; x_wconf 90' lang='lat' dir='ltr'>cardinalis</span> <span class='ocrx_word' id='word_1_150' title='bbox 1008 1751 1056 1813; x_wconf 91' lang='lat' dir='ltr'>tit.</span> <span class='ocrx_word' id='word_1_151' title='bbox 1079 1752 1182 1814; x_wconf 92' lang='lat' dir='ltr'>sancti</span> <span class='ocrx_word' id='word_1_152' title='bbox 1205 1750 1355 1813; x_wconf 89' lang='lat' dir='ltr'>Iohannis</span> <span class='ocrx_word' id='word_1_153' title='bbox 1379 1757 1412 1811; x_wconf 89' lang='lat' dir='ltr'>et</span> <span class='ocrx_word' id='word_1_154' title='bbox 1436 1746 1526 1810; x_wconf 91' lang='lat' dir='ltr'>Pauli</span> <span class='ocrx_word' id='word_1_155' title='bbox 1548 1766 1589 1808; x_wconf 91' lang='lat' dir='ltr'>ss.</span> <span class='ocrx_word' id='word_1_156' title='bbox 1606 1747 1651 1827; x_wconf 88' lang='lat'>(1)</span> 
     </span>
    </p>

    <p class='ocr_par' dir='ltr' id='par_1_6' title="bbox 293 1837 1457 1922">
     <span class='ocr_line' id='line_1_17' title="bbox 293 1837 1457 1922; baseline -0.003 -20"><span class='ocrx_word' id='word_1_157' title='bbox 293 1839 314 1922; x_wconf 92' lang='lat'><em>†</em></span> <span class='ocrx_word' id='word_1_158' title='bbox 336 1839 411 1922; x_wconf 92' lang='lat' dir='ltr'>Ego</span> <span class='ocrx_word' id='word_1_159' title='bbox 434 1837 609 1902; x_wconf 88' lang='lat' dir='ltr'>Aribertus</span> <span class='ocrx_word' id='word_1_160' title='bbox 633 1837 795 1920; x_wconf 89' lang='lat' dir='ltr'>presbiter</span> <span class='ocrx_word' id='word_1_161' title='bbox 818 1839 990 1902; x_wconf 91' lang='lat' dir='ltr'>cardinalis</span> <span class='ocrx_word' id='word_1_162' title='bbox 1014 1840 1061 1902; x_wconf 91' lang='lat' dir='ltr'>tit.</span> <span class='ocrx_word' id='word_1_163' title='bbox 1084 1847 1196 1902; x_wconf 87' lang='lat' dir='ltr'>sancte</span> <span class='ocrx_word' id='word_1_164' title='bbox 1217 1838 1392 1902; x_wconf 88' lang='lat' dir='ltr'>Anastasie</span> <span class='ocrx_word' id='word_1_165' title='bbox 1416 1857 1457 1900; x_wconf 93' lang='lat' dir='ltr'>ss.</span> 
     </span>
    </p>

    <p class='ocr_par' dir='ltr' id='par_1_7' title="bbox 293 1927 1252 2012">
     <span class='ocr_line' id='line_1_18' title="bbox 293 1927 1252 2012; baseline -0.001 -21"><span class='ocrx_word' id='word_1_166' title='bbox 293 1930 315 2010; x_wconf 89' lang='lat'>†</span> <span class='ocrx_word' id='word_1_167' title='bbox 337 1929 411 2012; x_wconf 88' lang='lat' dir='ltr'>Ego</span> <span class='ocrx_word' id='word_1_168' title='bbox 434 1927 535 2011; x_wconf 86' lang='lat' dir='ltr'>Hugo</span> <span class='ocrx_word' id='word_1_169' title='bbox 558 1928 721 2011; x_wconf 90' lang='lat' dir='ltr'>presbiter</span> <span class='ocrx_word' id='word_1_170' title='bbox 744 1927 914 1992; x_wconf 89' lang='lat' dir='ltr'>cardinalis</span> <span class='ocrx_word' id='word_1_171' title='bbox 937 1929 984 1991; x_wconf 93' lang='lat' dir='ltr'>tit.</span> <span class='ocrx_word' id='word_1_172' title='bbox 1007 1927 1039 1991; x_wconf 91' lang='lat' dir='ltr'>in</span> <span class='ocrx_word' id='word_1_173' title='bbox 1062 1928 1186 1992; x_wconf 91' lang='lat' dir='ltr'>Lucina</span> <span class='ocrx_word' id='word_1_174' title='bbox 1208 1949 1252 1991; x_wconf 92' lang='lat' dir='ltr'>ss.</span> 
     </span>
    </p>

    <p class='ocr_par' dir='ltr' id='par_1_8' title="bbox 291 2016 1341 2101">
     <span class='ocr_line' id='line_1_19' title="bbox 291 2016 1341 2101; baseline -0.001 -19"><span class='ocrx_word' id='word_1_175' title='bbox 291 2018 312 2101; x_wconf 91' lang='lat'>†</span> <span class='ocrx_word' id='word_1_176' title='bbox 335 2019 409 2101; x_wconf 91' lang='lat' dir='ltr'>Ego</span> <span class='ocrx_word' id='word_1_177' title='bbox 431 2016 529 2083; x_wconf 91' lang='lat' dir='ltr'>Iulius</span> <span class='ocrx_word' id='word_1_178' title='bbox 553 2016 715 2099; x_wconf 89' lang='lat' dir='ltr'>presbiter</span> <span class='ocrx_word' id='word_1_179' title='bbox 738 2017 909 2081; x_wconf 88' lang='lat' dir='ltr'>cardinalis</span> <span class='ocrx_word' id='word_1_180' title='bbox 933 2018 979 2082; x_wconf 91' lang='lat' dir='ltr'>tit.</span> <span class='ocrx_word' id='word_1_181' title='bbox 1002 2020 1107 2081; x_wconf 91' lang='lat' dir='ltr'>sancti</span> <span class='ocrx_word' id='word_1_182' title='bbox 1130 2018 1277 2082; x_wconf 84' lang='lat' dir='ltr'>Marcelli</span> <span class='ocrx_word' id='word_1_183' title='bbox 1299 2037 1341 2081; x_wconf 91' lang='lat' dir='ltr'>ss.</span> 
     </span>
    </p>

    <p class='ocr_par' dir='ltr' id='par_1_9' title="bbox 292 2105 1410 2195">
     <span class='ocr_line' id='line_1_20' title="bbox 292 2105 1410 2195; baseline -0.001 -26"><span class='ocrx_word' id='word_1_184' title='bbox 292 2106 313 2190; x_wconf 89' lang='lat'><em>†</em></span> <span class='ocrx_word' id='word_1_185' title='bbox 336 2105 409 2190; x_wconf 89' lang='lat' dir='ltr'>Ego</span> <span class='ocrx_word' id='word_1_186' title='bbox 432 2106 592 2171; x_wconf 91' lang='lat' dir='ltr'>Iordanus</span> <span class='ocrx_word' id='word_1_187' title='bbox 615 2105 775 2189; x_wconf 89' lang='lat' dir='ltr'>presbiter</span> <span class='ocrx_word' id='word_1_188' title='bbox 798 2106 969 2171; x_wconf 89' lang='lat' dir='ltr'>cardinalis</span> <span class='ocrx_word' id='word_1_189' title='bbox 991 2109 1041 2171; x_wconf 91' lang='lat' dir='ltr'>tit.</span> <span class='ocrx_word' id='word_1_190' title='bbox 1065 2116 1176 2194; x_wconf 72' lang='lat' dir='ltr'>sancte</span> <span class='ocrx_word' id='word_1_191' title='bbox 1199 2105 1346 2195; x_wconf 69' lang='lat' dir='ltr'>Susanne</span> <span class='ocrx_word' id='word_1_192' title='bbox 1369 2126 1410 2168; x_wconf 91' lang='lat' dir='ltr'>ss.</span> 
     </span>
    </p>

    <p class='ocr_par' dir='ltr' id='par_1_10' title="bbox 292 2187 1702 2281">
     <span class='ocr_line' id='line_1_21' title="bbox 292 2187 1702 2281; baseline -0.004 -22"><span class='ocrx_word' id='word_1_193' title='bbox 292 2232 337 2244; x_wconf 90' lang='lat'>-</span> <span class='ocrx_word' id='word_1_194' title='bbox 358 2196 379 2279; x_wconf 91' lang='lat'>†</span> <span class='ocrx_word' id='word_1_195' title='bbox 401 2197 476 2278; x_wconf 92' lang='lat' dir='ltr'>Ego</span> <span class='ocrx_word' id='word_1_196' title='bbox 501 2193 602 2259; x_wconf 92' lang='lat' dir='ltr'>Oddo</span> <span class='ocrx_word' id='word_1_197' title='bbox 626 2197 783 2260; x_wconf 92' lang='lat' dir='ltr'>diaconus</span> <span class='ocrx_word' id='word_1_198' title='bbox 807 2197 979 2260; x_wconf 89' lang='lat' dir='ltr'>cardinalis</span> <span class='ocrx_word' id='word_1_199' title='bbox 1003 2198 1105 2263; x_wconf 88' lang='lat' dir='ltr'>sancti</span> <span class='ocrx_word' id='word_1_200' title='bbox 1130 2195 1260 2281; x_wconf 84' lang='lat' dir='ltr'>Georgii</span> <span class='ocrx_word' id='word_1_201' title='bbox 1282 2197 1324 2260; x_wconf 94' lang='lat' dir='ltr'>ad</span> <span class='ocrx_word' id='word_1_202' title='bbox 1348 2194 1468 2258; x_wconf 91' lang='lat' dir='ltr'>Velum</span> <span class='ocrx_word' id='word_1_203' title='bbox 1492 2187 1636 2278; x_wconf 69' lang='lat' dir='ltr'>aulireum</span> <span class='ocrx_word' id='word_1_204' title='bbox 1659 2213 1702 2254; x_wconf 91' lang='lat' dir='ltr'>ss.</span> 
     </span>
    </p>

    <p class='ocr_par' dir='ltr' id='par_1_11' title="bbox 292 2281 1754 2370">
     <span class='ocr_line' id='line_1_22' title="bbox 292 2281 1754 2370; baseline -0.003 -22"><span class='ocrx_word' id='word_1_205' title='bbox 292 2286 313 2370; x_wconf 85' lang='lat'><em>†</em></span> <span class='ocrx_word' id='word_1_206' title='bbox 335 2285 409 2368; x_wconf 87' lang='lat' dir='ltr'>Ego</span> <span class='ocrx_word' id='word_1_207' title='bbox 434 2283 633 2349; x_wconf 89' lang='lat' dir='ltr'>Octavianus</span> <span class='ocrx_word' id='word_1_208' title='bbox 663 2286 819 2350; x_wconf 91' lang='lat' dir='ltr'>diaconus</span> <span class='ocrx_word' id='word_1_209' title='bbox 852 2286 1025 2350; x_wconf 88' lang='lat' dir='ltr'>cardinalis</span> <span class='ocrx_word' id='word_1_210' title='bbox 1054 2289 1157 2350; x_wconf 89' lang='lat' dir='ltr'>sancti</span> <span class='ocrx_word' id='word_1_211' title='bbox 1180 2286 1307 2350; x_wconf 90' lang='lat' dir='ltr'>Nicolai</span> <span class='ocrx_word' id='word_1_212' title='bbox 1330 2287 1363 2348; x_wconf 90' lang='lat' dir='ltr'>in</span> <span class='ocrx_word' id='word_1_213' title='bbox 1387 2303 1517 2348; x_wconf 89' lang='lat' dir='ltr'>carcere</span> <span class='ocrx_word' id='word_1_214' title='bbox 1540 2281 1689 2344; x_wconf 89' lang='lat' dir='ltr'>Tulliano</span> <span class='ocrx_word' id='word_1_215' title='bbox 1712 2301 1754 2344; x_wconf 81' lang='lat' dir='ltr'>ss,</span> 
     </span>
    </p>

    <p class='ocr_par' dir='ltr' id='par_1_12' title="bbox 291 2373 1469 2458">
     <span class='ocr_line' id='line_1_23' title="bbox 291 2373 1469 2458; baseline -0.004 -19"><span class='ocrx_word' id='word_1_216' title='bbox 291 2375 313 2458; x_wconf 84' lang='lat'><em>†</em></span> <span class='ocrx_word' id='word_1_217' title='bbox 335 2376 409 2458; x_wconf 91' lang='lat' dir='ltr'>Ego</span> <span class='ocrx_word' id='word_1_218' title='bbox 432 2373 594 2439; x_wconf 90' lang='lat' dir='ltr'>Iohannes</span> <span class='ocrx_word' id='word_1_219' title='bbox 618 2396 744 2458; x_wconf 91' lang='lat' dir='ltr'>paparo</span> <span class='ocrx_word' id='word_1_220' title='bbox 768 2376 924 2439; x_wconf 91' lang='lat' dir='ltr'>diaconus</span> <span class='ocrx_word' id='word_1_221' title='bbox 948 2375 1119 2440; x_wconf 89' lang='lat' dir='ltr'>cardinalis</span> <span class='ocrx_word' id='word_1_222' title='bbox 1142 2378 1245 2440; x_wconf 89' lang='lat' dir='ltr'>sancti</span> <span class='ocrx_word' id='word_1_223' title='bbox 1267 2374 1404 2438; x_wconf 91' lang='lat' dir='ltr'>Adriani</span> <span class='ocrx_word' id='word_1_224' title='bbox 1428 2393 1469 2435; x_wconf 90' lang='lat' dir='ltr'>ss.</span> 
     </span>
    </p>

    <p class='ocr_par' dir='ltr' id='par_1_13' title="bbox 291 2462 1384 2550">
     <span class='ocr_line' id='line_1_24' title="bbox 291 2462 1384 2550; baseline -0.001 -23"><span class='ocrx_word' id='word_1_225' title='bbox 291 2464 312 2547; x_wconf 90' lang='lat'>†</span> <span class='ocrx_word' id='word_1_226' title='bbox 335 2463 410 2548; x_wconf 89' lang='lat' dir='ltr'>Ego</span> <span class='ocrx_word' id='word_1_227' title='bbox 435 2462 611 2547; x_wconf 85' lang='lat' dir='ltr'>Gregorius</span> <span class='ocrx_word' id='word_1_228' title='bbox 635 2464 792 2530; x_wconf 90' lang='lat' dir='ltr'>diaconus</span> <span class='ocrx_word' id='word_1_229' title='bbox 816 2465 989 2530; x_wconf 89' lang='lat' dir='ltr'>cardinalis</span> <span class='ocrx_word' id='word_1_230' title='bbox 1011 2467 1115 2529; x_wconf 88' lang='lat' dir='ltr'>sancti</span> <span class='ocrx_word' id='word_1_231' title='bbox 1135 2465 1256 2550; x_wconf 90' lang='lat' dir='ltr'>Angeli</span> <span class='ocrx_word' id='word_1_232' title='bbox 1279 2485 1320 2529; x_wconf 92' lang='lat' dir='ltr'>ss.</span> <span class='ocrx_word' id='word_1_233' title='bbox 1337 2464 1384 2545; x_wconf 85' lang='lat'>(1)</span> 
     </span>
    </p>

    <p class='ocr_par' dir='ltr' id='par_1_14' title="bbox 292 2552 1635 2637">
     <span class='ocr_line' id='line_1_25' title="bbox 292 2552 1635 2637; baseline -0.004 -20"><span class='ocrx_word' id='word_1_234' title='bbox 292 2553 313 2637; x_wconf 86' lang='lat'><em>†</em></span> <span class='ocrx_word' id='word_1_235' title='bbox 335 2553 409 2637; x_wconf 90' lang='lat' dir='ltr'>Ego</span> <span class='ocrx_word' id='word_1_236' title='bbox 434 2553 594 2617; x_wconf 86' lang='lat' dir='ltr'>iacinctus</span> <span class='ocrx_word' id='word_1_237' title='bbox 618 2555 776 2618; x_wconf 89' lang='lat' dir='ltr'>diaconus</span> <span class='ocrx_word' id='word_1_238' title='bbox 799 2555 972 2618; x_wconf 88' lang='lat' dir='ltr'>cardinalis</span> <span class='ocrx_word' id='word_1_239' title='bbox 995 2564 1107 2618; x_wconf 87' lang='lat' dir='ltr'>sancte</span> <span class='ocrx_word' id='word_1_240' title='bbox 1130 2557 1233 2619; x_wconf 89' lang='lat' dir='ltr'>Marie</span> <span class='ocrx_word' id='word_1_241' title='bbox 1256 2555 1288 2618; x_wconf 91' lang='lat' dir='ltr'>in</span> <span class='ocrx_word' id='word_1_242' title='bbox 1312 2553 1506 2634; x_wconf 89' lang='lat' dir='ltr'>Cosmydyn</span> <span class='ocrx_word' id='word_1_243' title='bbox 1529 2571 1570 2614; x_wconf 90' lang='lat' dir='ltr'>ss.</span> <span class='ocrx_word' id='word_1_244' title='bbox 1587 2552 1635 2632; x_wconf 84' lang='lat'>(2)</span> 
     </span>
    </p>

    <p class='ocr_par' dir='ltr' id='par_1_15' title="bbox 240 2636 1755 2725">
     <span class='ocr_line' id='line_1_26' title="bbox 240 2636 1755 2725; baseline -0.004 -21"><span class='ocrx_word' id='word_1_245' title='bbox 240 2641 316 2707; x_wconf 86' lang='lat' dir='ltr'>Dat</span> <span class='ocrx_word' id='word_1_246' title='bbox 340 2643 460 2720; x_wconf 82' lang='lat' dir='ltr'>Brixie,</span> <span class='ocrx_word' id='word_1_247' title='bbox 489 2664 549 2725; x_wconf 93' lang='lat' dir='ltr'>per</span> <span class='ocrx_word' id='word_1_248' title='bbox 571 2664 704 2707; x_wconf 88' lang='lat' dir='ltr'>manum</span> <span class='ocrx_word' id='word_1_249' title='bbox 729 2643 916 2720; x_wconf 82' lang='lat' dir='ltr'>GUIDONIS,</span> <span class='ocrx_word' id='word_1_250' title='bbox 942 2653 1055 2708; x_wconf 89' lang='lat' dir='ltr'>sancte</span> <span class='ocrx_word' id='word_1_251' title='bbox 1078 2645 1227 2710; x_wconf 90' lang='lat' dir='ltr'>Romane</span> <span class='ocrx_word' id='word_1_252' title='bbox 1255 2643 1392 2708; x_wconf 90' lang='lat' dir='ltr'>ecclesie</span> <span class='ocrx_word' id='word_1_253' title='bbox 1422 2641 1553 2706; x_wconf 89' lang='lat' dir='ltr'>diaconi</span> <span class='ocrx_word' id='word_1_254' title='bbox 1576 2636 1755 2702; x_wconf 90' lang='lat' dir='ltr'>&#39;cardinalis</span> 
     </span>
    </p>

    <p class='ocr_par' dir='ltr' id='par_1_16' title="bbox 75 2728 1755 2907">
     <span class='ocr_line' id='line_1_27' title="bbox 76 2728 1755 2816; baseline -0.004 -20"><span class='ocrx_word' id='word_1_255' title='bbox 76 2740 111 2796; x_wconf 90' lang='lat' dir='ltr'>et</span> <span class='ocrx_word' id='word_1_256' title='bbox 132 2729 328 2796; x_wconf 88' lang='lat' dir='ltr'>cancellarii.</span> <span class='ocrx_word' id='word_1_257' title='bbox 367 2749 405 2797; x_wconf 85' lang='lat' dir='ltr'>xl</span> <span class='ocrx_word' id='word_1_258' title='bbox 427 2729 481 2797; x_wconf 94' lang='lat' dir='ltr'>Kl.</span> <span class='ocrx_word' id='word_1_259' title='bbox 500 2733 587 2816; x_wconf 90' lang='lat' dir='ltr'>Aug.</span> <span class='ocrx_word' id='word_1_260' title='bbox 626 2734 805 2798; x_wconf 86' lang='lat' dir='ltr'>indictione</span> <span class='ocrx_word' id='word_1_261' title='bbox 827 2749 873 2797; x_wconf 76' lang='lat' dir='ltr'>xi.</span> <span class='ocrx_word' id='word_1_262' title='bbox 910 2734 1143 2798; x_wconf 89' lang='lat' dir='ltr'>Incarnationis</span> <span class='ocrx_word' id='word_1_263' title='bbox 1166 2735 1331 2799; x_wconf 90' lang='lat' dir='ltr'>dominice</span> <span class='ocrx_word' id='word_1_264' title='bbox 1354 2753 1440 2796; x_wconf 89' lang='lat' dir='ltr'>anno</span> <span class='ocrx_word' id='word_1_265' title='bbox 1464 2742 1634 2794; x_wconf 84' lang='lat' dir='ltr'>Mchvm.</span> <span class='ocrx_word' id='word_1_266' title='bbox 1672 2728 1755 2791; x_wconf 91' lang='lat' dir='ltr'>Pon·</span> 
     </span>
     <span class='ocr_line' id='line_1_28' title="bbox 75 2821 1103 2907; baseline 0.002 -21"><span class='ocrx_word' id='word_1_267' title='bbox 75 2821 218 2886; x_wconf 88' lang='lat' dir='ltr'>tificatus</span> <span class='ocrx_word' id='word_1_268' title='bbox 241 2841 321 2886; x_wconf 91' lang='lat' dir='ltr'>vero</span> <span class='ocrx_word' id='word_1_269' title='bbox 345 2821 458 2886; x_wconf 90' lang='lat' dir='ltr'>domni</span> <span class='ocrx_word' id='word_1_270' title='bbox 482 2823 637 2886; x_wconf 79' lang='lat' dir='ltr'>EUGENH</span> <span class='ocrx_word' id='word_1_271' title='bbox 659 2838 698 2886; x_wconf 92' lang='lat'>111</span> <span class='ocrx_word' id='word_1_272' title='bbox 722 2845 777 2907; x_wconf 89' lang='lat' dir='ltr'>pp.</span> <span class='ocrx_word' id='word_1_273' title='bbox 802 2844 888 2887; x_wconf 90' lang='lat' dir='ltr'>anno</span> <span class='ocrx_word' id='word_1_274' title='bbox 912 2832 1038 2906; x_wconf 81' lang='lat' dir='ltr'>quarto.</span> <span class='ocrx_word' id='word_1_275' title='bbox 1059 2860 1103 2870; x_wconf 90' lang='lat'>-</span> 
     </span>
    </p>
   </div>
   <div class='ocr_carea' id='block_1_3' title="bbox 73 2929 1761 3794">
    <p class='ocr_par' dir='ltr' id='par_1_17' title="bbox 77 2929 1757 3060">
     <span class='ocr_line' id='line_1_29' title="bbox 242 2929 1757 3004; baseline -0.005 -18"><span class='ocrx_word' id='word_1_276' title='bbox 242 2937 286 2987; x_wconf 88' lang='lat' dir='ltr'>Or.</span> <span class='ocrx_word' id='word_1_277' title='bbox 314 2937 371 2986; x_wconf 80' lang='lat' dir='ltr'>und</span> <span class='ocrx_word' id='word_1_278' title='bbox 392 2937 517 3002; x_wconf 70' lang='lat' dir='ltr'>Abschrr&#39;st</span> <span class='ocrx_word' id='word_1_279' title='bbox 538 2954 594 2988; x_wconf 83' lang='lat' dir='ltr'>vom</span> <span class='ocrx_word' id='word_1_280' title='bbox 613 2939 645 2988; x_wconf 82' lang='lat'>13</span> <span class='ocrx_word' id='word_1_281' title='bbox 666 2938 758 3003; x_wconf 75' lang='lat' dir='ltr'>Jahrln</span> <span class='ocrx_word' id='word_1_282' title='bbox 787 2939 830 2988; x_wconf 87' lang='lat' dir='ltr'>der</span> <span class='ocrx_word' id='word_1_283' title='bbox 855 2940 953 2989; x_wconf 73' lang='lat' dir='ltr'>Sintula</span> <span class='ocrx_word' id='word_1_284' title='bbox 984 2939 1042 3004; x_wconf 72' lang='lat' dir='ltr'>Cap.</span> <span class='ocrx_word' id='word_1_285' title='bbox 1068 2939 1093 2988; x_wconf 92' lang='lat' dir='ltr'>S.</span> <span class='ocrx_word' id='word_1_286' title='bbox 1118 2937 1236 2988; x_wconf 83' lang='lat' dir='ltr'>Antom&#39;ru&#39;</span> <span class='ocrx_word' id='word_1_287' title='bbox 1252 2945 1280 3003; x_wconf 86' lang='lat' dir='ltr'>p.</span> <span class='ocrx_word' id='word_1_288' title='bbox 1301 2940 1343 3000; x_wconf 73' lang='lat'>74,</span> <span class='ocrx_word' id='word_1_289' title='bbox 1367 2935 1401 2986; x_wconf 86' lang='lat' dir='ltr'>im</span> <span class='ocrx_word' id='word_1_290' title='bbox 1428 2933 1541 2986; x_wconf 83' lang='lat' dir='ltr'>Archr&#39;vr&#39;o</span> <span class='ocrx_word' id='word_1_291' title='bbox 1571 2931 1704 2998; x_wconf 67' lang='lat' dir='ltr'>Caprlolare</span> <span class='ocrx_word' id='word_1_292' title='bbox 1730 2929 1757 2978; x_wconf 84' lang='lat' dir='ltr'>di</span> 
     </span>
     <span class='ocr_line' id='line_1_30' title="bbox 77 3009 441 3060; baseline -0.008 0"><span class='ocrx_word' id='word_1_293' title='bbox 77 3011 104 3060; x_wconf 86' lang='lat' dir='ltr'>S.</span> <span class='ocrx_word' id='word_1_294' title='bbox 123 3009 247 3060; x_wconf 66' lang='lat' dir='ltr'>Antandro</span> <span class='ocrx_word' id='word_1_295' title='bbox 264 3025 294 3058; x_wconf 77' lang='lat' dir='ltr'>su</span> <span class='ocrx_word' id='word_1_296' title='bbox 314 3009 441 3058; x_wconf 67' lang='lat' dir='ltr'>Piscense</span> 
     </span>
    </p>

    <p class='ocr_par' dir='ltr' id='par_1_18' title="bbox 73 3074 1761 3794">
     <span class='ocr_line' id='line_1_31' title="bbox 242 3074 1756 3148; baseline -0.005 -18"><span class='ocrx_word' id='word_1_297' title='bbox 242 3081 311 3147; x_wconf 80' lang='lat' dir='ltr'>Prrg.</span> <span class='ocrx_word' id='word_1_298' title='bbox 330 3081 391 3138; x_wconf 66' lang='lat' dir='ltr'>rat,</span> <span class='ocrx_word' id='word_1_299' title='bbox 418 3081 454 3129; x_wconf 87' lang='lat' dir='ltr'>br.</span> <span class='ocrx_word' id='word_1_300' title='bbox 474 3082 561 3142; x_wconf 78' lang='lat'>0,475,</span> <span class='ocrx_word' id='word_1_301' title='bbox 590 3082 651 3147; x_wconf 80' lang='lat' dir='ltr'>lang</span> <span class='ocrx_word' id='word_1_302' title='bbox 667 3082 737 3144; x_wconf 81' lang='lat'>0‚63,</span> <span class='ocrx_word' id='word_1_303' title='bbox 765 3089 840 3131; x_wconf 71' lang='lat' dir='ltr'>urum</span> <span class='ocrx_word' id='word_1_304' title='bbox 858 3083 939 3142; x_wconf 70' lang='lat' dir='ltr'>uota</span> <span class='ocrx_word' id='word_1_305' title='bbox 956 3083 1146 3148; x_wconf 78' lang='lat' dir='ltr'>urrrgesclrlagm,</span> <span class='ocrx_word' id='word_1_306' title='bbox 1174 3083 1250 3132; x_wconf 78' lang='lat' dir='ltr'>durch</span> <span class='ocrx_word' id='word_1_307' title='bbox 1277 3080 1335 3131; x_wconf 76' lang='lat' dir='ltr'>sauri</span> <span class='ocrx_word' id='word_1_308' title='bbox 1357 3079 1450 3130; x_wconf 79' lang='lat' dir='ltr'>Lir&#39;clrrr</span> <span class='ocrx_word' id='word_1_309' title='bbox 1468 3079 1526 3144; x_wconf 76' lang='lat' dir='ltr'>geht</span> <span class='ocrx_word' id='word_1_310' title='bbox 1547 3077 1598 3127; x_wconf 79' lang='lat' dir='ltr'>einr</span> <span class='ocrx_word' id='word_1_311' title='bbox 1620 3074 1756 3140; x_wconf 75' lang='lat' dir='ltr'>dicksddigr</span> 
     </span>
     <span class='ocr_line' id='line_1_32' title="bbox 77 3146 1754 3221; baseline -0.005 -17"><span class='ocrx_word' id='word_1_312' title='bbox 77 3155 183 3204; x_wconf 70' lang='grc' dir='ltr'><em>Μίνωα</em></span> <span class='ocrx_word' id='word_1_313' title='bbox 207 3153 263 3201; x_wconf 76' lang='lat' dir='ltr'>und</span> <span class='ocrx_word' id='word_1_314' title='bbox 284 3153 396 3218; x_wconf 77' lang='lat' dir='ltr'>hellgelbe</span> <span class='ocrx_word' id='word_1_315' title='bbox 412 3152 600 3211; x_wconf 75' lang='lat' dir='ltr'>Ser&#39;dcrrsclmur,</span> <span class='ocrx_word' id='word_1_316' title='bbox 628 3153 699 3203; x_wconf 83' lang='lat' dir='ltr'>deren</span> <span class='ocrx_word' id='word_1_317' title='bbox 723 3153 940 3221; x_wconf 72' lang='lat' dir='ltr'>Siegrlrrerloren.</span> <span class='ocrx_word' id='word_1_318' title='bbox 976 3155 1086 3220; x_wconf 73' lang='lat' dir='ltr'>Fallung</span> <span class='ocrx_word' id='word_1_319' title='bbox 1110 3156 1153 3204; x_wconf 85' lang='lat' dir='ltr'>der</span> <span class='ocrx_word' id='word_1_320' title='bbox 1176 3155 1273 3204; x_wconf 79' lang='lat' dir='ltr'>Brdlen.</span> <span class='ocrx_word' id='word_1_321' title='bbox 1310 3153 1408 3203; x_wconf 78' lang='lat' dir='ltr'>Initiale</span> <span class='ocrx_word' id='word_1_322' title='bbox 1430 3159 1501 3201; x_wconf 74' lang='lat' dir='ltr'>untrr</span> <span class='ocrx_word' id='word_1_323' title='bbox 1523 3150 1560 3200; x_wconf 83' lang='lat' dir='ltr'>die</span> <span class='ocrx_word' id='word_1_324' title='bbox 1579 3149 1641 3198; x_wconf 81' lang='lat' dir='ltr'>Zeile</span> <span class='ocrx_word' id='word_1_325' title='bbox 1654 3146 1754 3214; x_wconf 80' lang='lat' dir='ltr'>gelrrnd,</span> 
     </span>
     <span class='ocr_line' id='line_1_33' title="bbox 73 3221 1756 3292; baseline -0.004 -18"><span class='ocrx_word' id='word_1_326' title='bbox 73 3224 221 3292; x_wconf 67' lang='lat' dir='ltr'>ssmhbogrgr</span> <span class='ocrx_word' id='word_1_327' title='bbox 236 3223 343 3274; x_wconf 77' lang='lat' dir='ltr'>u&#39;emlr&#39;ch</span> <span class='ocrx_word' id='word_1_328' title='bbox 367 3224 476 3290; x_wconf 78' lang='lat' dir='ltr'>er&#39;rrsache</span> <span class='ocrx_word' id='word_1_329' title='bbox 496 3223 655 3285; x_wconf 78' lang='lat' dir='ltr'>Unar&#39;alsnrrrr,</span> <span class='ocrx_word' id='word_1_330' title='bbox 675 3226 794 3276; x_wconf 81' lang='lat' dir='ltr'>fundet</span> <span class='ocrx_word' id='word_1_331' title='bbox 813 3225 1090 3289; x_wconf 72' lang='lat' dir='ltr'>Spr&#39;trwr&#39;ckrlschndrkcl.</span> <span class='ocrx_word' id='word_1_332' title='bbox 1134 3226 1211 3276; x_wconf 72' lang='lat' dir='ltr'>Worte</span> <span class='ocrx_word' id='word_1_333' title='bbox 1234 3226 1301 3275; x_wconf 74' lang='lat' dir='ltr'>nicht</span> <span class='ocrx_word' id='word_1_334' title='bbox 1316 3225 1392 3285; x_wconf 83' lang='lat' dir='ltr'>stark,</span> <span class='ocrx_word' id='word_1_335' title='bbox 1411 3224 1470 3273; x_wconf 77' lang='lat' dir='ltr'>doch</span> <span class='ocrx_word' id='word_1_336' title='bbox 1489 3221 1620 3288; x_wconf 74' lang='lat' dir='ltr'>geniigmd</span> <span class='ocrx_word' id='word_1_337' title='bbox 1637 3225 1756 3285; x_wconf 73' lang='lat' dir='ltr'>gerrem.</span> 
     </span>
     <span class='ocr_line' id='line_1_34' title="bbox 81 3291 1756 3364; baseline -0.004 -18"><span class='ocrx_word' id='word_1_338' title='bbox 81 3297 242 3363; x_wconf 65' lang='lat' dir='ltr'>Verererjgamg</span> <span class='ocrx_word' id='word_1_339' title='bbox 257 3297 305 3346; x_wconf 85' lang='lat' dir='ltr'>Nr.</span> <span class='ocrx_word' id='word_1_340' title='bbox 325 3297 425 3356; x_wconf 72' lang='lat' dir='ltr'>1va⁶‚</span> <span class='ocrx_word' id='word_1_341' title='bbox 435 3296 505 3360; x_wconf 71' lang='lat' dir='ltr'>fltltr</span> <span class='ocrx_word' id='word_1_342' title='bbox 522 3299 591 3357; x_wconf 78' lang='lat'>0,06.</span> <span class='ocrx_word' id='word_1_343' title='bbox 628 3297 760 3361; x_wconf 62' lang='lat' dir='ltr'>Immcn&#39;ptt</span> <span class='ocrx_word' id='word_1_344' title='bbox 775 3297 1011 3364; x_wconf 68' lang='lat' dir='ltr'>schmalbuckstadrg‚</span> <span class='ocrx_word' id='word_1_345' title='bbox 1031 3313 1048 3362; x_wconf 89' lang='lat' dir='ltr'>g</span> <span class='ocrx_word' id='word_1_346' title='bbox 1065 3298 1111 3347; x_wconf 83' lang='lat' dir='ltr'>mil</span> <span class='ocrx_word' id='word_1_347' title='bbox 1127 3297 1351 3364; x_wconf 71' lang='lat' dir='ltr'>lirtksgrschwrrflrr</span> <span class='ocrx_word' id='word_1_348' title='bbox 1372 3297 1519 3360; x_wconf 72' lang='lat' dir='ltr'>Unrerltnge</span> <span class='ocrx_word' id='word_1_349' title='bbox 1534 3295 1592 3344; x_wconf 84' lang='lat' dir='ltr'>oder</span> <span class='ocrx_word' id='word_1_350' title='bbox 1608 3293 1653 3342; x_wconf 81' lang='lat' dir='ltr'>mit</span> <span class='ocrx_word' id='word_1_351' title='bbox 1669 3291 1756 3340; x_wconf 79' lang='lat' dir='ltr'>Ls&#39;nks·</span> 
     </span>
     <span class='ocr_line' id='line_1_35' title="bbox 76 3363 1756 3436; baseline -0.005 -18"><span class='ocrx_word' id='word_1_352' title='bbox 76 3369 210 3419; x_wconf 72' lang='lat' dir='ltr'>sclrrrdrkel.</span> <span class='ocrx_word' id='word_1_353' title='bbox 248 3367 504 3434; x_wconf 78' lang='lat' dir='ltr'>Celestiniltalblang,</span> <span class='ocrx_word' id='word_1_354' title='bbox 523 3367 664 3434; x_wconf 71' lang='lat' dir='ltr'>Majuskelrr</span> <span class='ocrx_word' id='word_1_355' title='bbox 682 3368 761 3436; x_wconf 82' lang='lat' dir='ltr'>wenig</span> <span class='ocrx_word' id='word_1_356' title='bbox 776 3370 969 3436; x_wconf 74' lang='lat' dir='ltr'>hervorgehoben.</span> <span class='ocrx_word' id='word_1_357' title='bbox 1006 3369 1071 3419; x_wconf 86' lang='lat' dir='ltr'>Dm&#39;</span> <span class='ocrx_word' id='word_1_358' title='bbox 1079 3371 1158 3420; x_wconf 81' lang='lat' dir='ltr'>Amen</span> <span class='ocrx_word' id='word_1_359' title='bbox 1168 3371 1216 3420; x_wconf 89' lang='lat' dir='ltr'>Nr.</span> <span class='ocrx_word' id='word_1_360' title='bbox 1230 3372 1254 3430; x_wconf 84' lang='lat'>7,</span> <span class='ocrx_word' id='word_1_361' title='bbox 1274 3370 1329 3420; x_wconf 77' lang='lat' dir='ltr'>weit</span> <span class='ocrx_word' id='word_1_362' title='bbox 1345 3367 1613 3432; x_wconf 74' lang='lat' dir='ltr'>ausdnandergestellt‚</span> <span class='ocrx_word' id='word_1_363' title='bbox 1632 3363 1756 3414; x_wconf 79' lang='lat' dir='ltr'>schliessm</span> 
     </span>
     <span class='ocr_line' id='line_1_36' title="bbox 77 3438 1756 3502; baseline -0.004 -12"><span class='ocrx_word' id='word_1_364' title='bbox 77 3441 114 3490; x_wconf 76' lang='lat' dir='ltr'>die</span> <span class='ocrx_word' id='word_1_365' title='bbox 131 3443 197 3490; x_wconf 79' lang='lat' dir='ltr'>letste</span> <span class='ocrx_word' id='word_1_366' title='bbox 215 3439 285 3490; x_wconf 80' lang='lat' dir='ltr'>Zeile.</span> <span class='ocrx_word' id='word_1_367' title='bbox 321 3442 385 3489; x_wconf 83' lang='lat' dir='ltr'>Rota</span> <span class='ocrx_word' id='word_1_368' title='bbox 403 3439 450 3489; x_wconf 89' lang='lat' dir='ltr'>Nr.</span> <span class='ocrx_word' id='word_1_369' title='bbox 474 3443 498 3500; x_wconf 85' lang='lat'>1,</span> <span class='ocrx_word' id='word_1_370' title='bbox 525 3441 701 3490; x_wconf 77' lang='lat' dir='ltr'>Durcltrussser</span> <span class='ocrx_word' id='word_1_371' title='bbox 718 3443 805 3502; x_wconf 76' lang='lat'>0,057,</span> <span class='ocrx_word' id='word_1_372' title='bbox 833 3457 881 3490; x_wconf 81' lang='lat' dir='ltr'>ven</span> <span class='ocrx_word' id='word_1_373' title='bbox 906 3443 949 3491; x_wconf 85' lang='lat' dir='ltr'>der</span> <span class='ocrx_word' id='word_1_374' title='bbox 972 3443 1054 3490; x_wconf 78' lang='lat' dir='ltr'>lrtsterr</span> <span class='ocrx_word' id='word_1_375' title='bbox 1073 3441 1135 3491; x_wconf 85' lang='lat' dir='ltr'>Zeilr</span> <span class='ocrx_word' id='word_1_376' title='bbox 1153 3442 1240 3502; x_wconf 81' lang='lat'>0,008,</span> <span class='ocrx_word' id='word_1_377' title='bbox 1267 3457 1315 3491; x_wconf 82' lang='lat' dir='ltr'>von</span> <span class='ocrx_word' id='word_1_378' title='bbox 1339 3442 1383 3490; x_wconf 84' lang='lat' dir='ltr'>der</span> <span class='ocrx_word' id='word_1_379' title='bbox 1405 3439 1487 3490; x_wconf 80' lang='lat' dir='ltr'>linkerr</span> <span class='ocrx_word' id='word_1_380' title='bbox 1503 3438 1586 3488; x_wconf 77' lang='lat' dir='ltr'>Kame</span> <span class='ocrx_word' id='word_1_381' title='bbox 1604 3439 1673 3498; x_wconf 86' lang='lat'>0‚09,</span> <span class='ocrx_word' id='word_1_382' title='bbox 1701 3451 1756 3484; x_wconf 76' lang='lat' dir='ltr'>vorrr</span> 
     </span>
     <span class='ocr_line' id='line_1_37' title="bbox 76 3508 1756 3579; baseline -0.005 -17"><span class='ocrx_word' id='word_1_383' title='bbox 76 3513 263 3578; x_wconf 79' lang='lat' dir='ltr'>Mmgrarnme</span> <span class='ocrx_word' id='word_1_384' title='bbox 282 3513 368 3572; x_wconf 57' lang='lat'>0315.</span> <span class='ocrx_word' id='word_1_385' title='bbox 406 3509 643 3578; x_wconf 79' lang='lat' dir='ltr'>MonogrammNr.</span> <span class='ocrx_word' id='word_1_386' title='bbox 662 3511 915 3573; x_wconf 61' lang='lat' dir='ltr'>summensteten</span> <span class='ocrx_word' id='word_1_387' title='bbox 939 3513 1108 3579; x_wconf 79' lang='lat' dir='ltr'>Vrrdrrsclrafl</span> <span class='ocrx_word' id='word_1_388' title='bbox 1129 3512 1234 3563; x_wconf 78' lang='lat' dir='ltr'>airrrrlr&#39;clr</span> <span class='ocrx_word' id='word_1_389' title='bbox 1259 3512 1394 3578; x_wconf 79' lang='lat' dir='ltr'>starklinig,</span> <span class='ocrx_word' id='word_1_390' title='bbox 1419 3511 1480 3561; x_wconf 74' lang='lat' dir='ltr'>koch</span> <span class='ocrx_word' id='word_1_391' title='bbox 1498 3513 1583 3570; x_wconf 80' lang='lat'>0,057,</span> <span class='ocrx_word' id='word_1_392' title='bbox 1611 3508 1671 3558; x_wconf 77' lang='lat' dir='ltr'>bref!</span> <span class='ocrx_word' id='word_1_393' title='bbox 1685 3509 1756 3568; x_wconf 77' lang='grc'><em>0,01,</em></span> 
     </span>
     <span class='ocr_line' id='line_1_38' title="bbox 76 3578 1757 3652; baseline -0.005 -18"><span class='ocrx_word' id='word_1_394' title='bbox 76 3585 145 3634; x_wconf 68' lang='lat' dir='ltr'>distr</span> <span class='ocrx_word' id='word_1_395' title='bbox 160 3590 236 3633; x_wconf 72' lang='lat' dir='ltr'>mter</span> <span class='ocrx_word' id='word_1_396' title='bbox 252 3584 300 3650; x_wconf 74' lang='lat' dir='ltr'>der,</span> <span class='ocrx_word' id='word_1_397' title='bbox 311 3585 394 3633; x_wconf 78' lang='lat' dir='ltr'>lrtnten</span> <span class='ocrx_word' id='word_1_398' title='bbox 412 3582 482 3643; x_wconf 80' lang='lat' dir='ltr'>Zeilr,</span> <span class='ocrx_word' id='word_1_399' title='bbox 501 3599 549 3633; x_wconf 84' lang='lat' dir='ltr'>von</span> <span class='ocrx_word' id='word_1_400' title='bbox 567 3585 610 3634; x_wconf 81' lang='lat' dir='ltr'>der</span> <span class='ocrx_word' id='word_1_401' title='bbox 627 3583 720 3634; x_wconf 78' lang='lat' dir='ltr'>rechten</span> <span class='ocrx_word' id='word_1_402' title='bbox 738 3585 819 3636; x_wconf 71' lang='lat' dir='ltr'>Konta</span> <span class='ocrx_word' id='word_1_403' title='bbox 831 3585 918 3644; x_wconf 84' lang='lat'>0,078.</span> <span class='ocrx_word' id='word_1_404' title='bbox 943 3585 1080 3652; x_wconf 80' lang='lat' dir='ltr'>Ringkreua</span> <span class='ocrx_word' id='word_1_405' title='bbox 1097 3586 1153 3633; x_wconf 85' lang='lat' dir='ltr'>und</span> <span class='ocrx_word' id='word_1_406' title='bbox 1166 3585 1330 3650; x_wconf 77' lang='lat' dir='ltr'>llmrrsclm&#39;st</span> <span class='ocrx_word' id='word_1_407' title='bbox 1343 3583 1433 3650; x_wconf 78' lang='lat' dir='ltr'>gleiche</span> <span class='ocrx_word' id='word_1_408' title='bbox 1451 3582 1533 3641; x_wconf 79' lang='lat' dir='ltr'>Dr&#39;nte,</span> <span class='ocrx_word' id='word_1_409' title='bbox 1553 3581 1644 3634; x_wconf 74' lang='lat' dir='ltr'>scheint</span> <span class='ocrx_word' id='word_1_410' title='bbox 1661 3578 1757 3628; x_wconf 80' lang='lat' dir='ltr'>dieselbr</span> 
     </span>
     <span class='ocr_line' id='line_1_39' title="bbox 77 3649 1761 3723; baseline -0.005 -17"><span class='ocrx_word' id='word_1_411' title='bbox 77 3656 162 3716; x_wconf 80' lang='lat' dir='ltr'>Dinte,</span> <span class='ocrx_word' id='word_1_412' title='bbox 182 3655 227 3705; x_wconf 85' lang='lat' dir='ltr'>wir</span> <span class='ocrx_word' id='word_1_413' title='bbox 244 3656 289 3704; x_wconf 80' lang='lat' dir='ltr'>dar</span> <span class='ocrx_word' id='word_1_414' title='bbox 307 3655 479 3721; x_wconf 79' lang='lat' dir='ltr'>Morwgramm</span> <span class='ocrx_word' id='word_1_415' title='bbox 496 3671 526 3704; x_wconf 75' lang='lat' dir='ltr'>su</span> <span class='ocrx_word' id='word_1_416' title='bbox 542 3656 600 3705; x_wconf 80' lang='lat' dir='ltr'>sein.</span> <span class='ocrx_word' id='word_1_417' title='bbox 642 3656 778 3721; x_wconf 76' lang='lat' dir='ltr'>Uruschrr&#39;st</span> <span class='ocrx_word' id='word_1_418' title='bbox 794 3657 849 3706; x_wconf 82' lang='lat' dir='ltr'>und</span> <span class='ocrx_word' id='word_1_419' title='bbox 865 3656 994 3723; x_wconf 77' lang='lat' dir='ltr'>Dalinmg</span> <span class='ocrx_word' id='word_1_420' title='bbox 1009 3657 1077 3706; x_wconf 76' lang='lat' dir='ltr'>wohl</span> <span class='ocrx_word' id='word_1_421' title='bbox 1089 3673 1144 3706; x_wconf 82' lang='lat' dir='ltr'>vom</span> <span class='ocrx_word' id='word_1_422' title='bbox 1162 3657 1285 3706; x_wconf 77' lang='lat' dir='ltr'>Schrciber</span> <span class='ocrx_word' id='word_1_423' title='bbox 1302 3657 1341 3706; x_wconf 81' lang='lat' dir='ltr'>drs</span> <span class='ocrx_word' id='word_1_424' title='bbox 1356 3655 1545 3720; x_wconf 71' lang='lat' dir='ltr'>Hauptkdrpers.</span> <span class='ocrx_word' id='word_1_425' title='bbox 1582 3653 1676 3719; x_wconf 80' lang='lat' dir='ltr'>Zeugrn</span> <span class='ocrx_word' id='word_1_426' title='bbox 1693 3649 1761 3699; x_wconf 78' lang='lat' dir='ltr'>wohl</span> 
     </span>
     <span class='ocr_line' id='line_1_40' title="bbox 76 3726 1313 3794; baseline 0 -16"><span class='ocrx_word' id='word_1_427' title='bbox 76 3729 187 3778; x_wconf 69' lang='lat' dir='ltr'>matrem</span> <span class='ocrx_word' id='word_1_428' title='bbox 205 3743 253 3777; x_wconf 84' lang='lat' dir='ltr'>von</span> <span class='ocrx_word' id='word_1_429' title='bbox 270 3726 447 3777; x_wconf 75' lang='lat' dir='ltr'>verschiedrmr</span> <span class='ocrx_word' id='word_1_430' title='bbox 463 3727 549 3778; x_wconf 79' lang='lat' dir='ltr'>Hand.</span> <span class='ocrx_word' id='word_1_431' title='bbox 586 3727 634 3778; x_wconf 86' lang='lat' dir='ltr'>Dic</span> <span class='ocrx_word' id='word_1_432' title='bbox 651 3728 780 3778; x_wconf 79' lang='lat' dir='ltr'>Diakorurr</span> <span class='ocrx_word' id='word_1_433' title='bbox 802 3728 929 3794; x_wconf 80' lang='lat' dir='ltr'>Johonrus</span> <span class='ocrx_word' id='word_1_434' title='bbox 946 3729 1001 3779; x_wconf 82' lang='lat' dir='ltr'>und</span> <span class='ocrx_word' id='word_1_435' title='bbox 1020 3729 1113 3794; x_wconf 82' lang='lat' dir='ltr'>Gregor</span> <span class='ocrx_word' id='word_1_436' title='bbox 1124 3728 1213 3794; x_wconf 77' lang='lat' dir='ltr'>gleichr</span> <span class='ocrx_word' id='word_1_437' title='bbox 1230 3728 1313 3779; x_wconf 83' lang='lat' dir='ltr'>Dirrte.</span> 
     </span>
    </p>
   </div>
   <div class='ocr_carea' id='block_1_4' title="bbox 837 4010 997 4086">
    <p class='ocr_par' dir='ltr' id='par_1_19' title="bbox 837 4010 997 4086">
     <span class='ocr_line' id='line_1_41' title="bbox 837 4010 997 4086; baseline 0.006 -1"><span class='ocrx_word' id='word_1_438' title='bbox 837 4010 904 4085; x_wconf 87' lang='lat' dir='ltr'>Nr.</span> <span class='ocrx_word' id='word_1_439' title='bbox 936 4015 997 4086; x_wconf 87' lang='lat'>91.</span> 
     </span>
    </p>
   </div>
   <div class='ocr_carea' id='block_1_5' title="bbox 77 4141 1756 4322">
    <p class='ocr_par' dir='ltr' id='par_1_20' title="bbox 77 4141 1756 4322">
     <span class='ocr_line' id='line_1_42' title="bbox 77 4141 1756 4234; baseline -0.005 -22"><span class='ocrx_word' id='word_1_440' title='bbox 77 4148 193 4232; x_wconf 82' lang='lat' dir='ltr'>Eugrn</span> <span class='ocrx_word' id='word_1_441' title='bbox 222 4147 288 4212; x_wconf 89' lang='lat' dir='ltr'>III</span> <span class='ocrx_word' id='word_1_442' title='bbox 310 4147 461 4232; x_wconf 71' lang='lat' dir='ltr'>bestdtrgt</span> <span class='ocrx_word' id='word_1_443' title='bbox 487 4144 561 4210; x_wconf 85' lang='lat' dir='ltr'>dem</span> <span class='ocrx_word' id='word_1_444' title='bbox 588 4143 667 4208; x_wconf 78' lang='lat' dir='ltr'>Abte</span> <span class='ocrx_word' id='word_1_445' title='bbox 700 4143 848 4207; x_wconf 82' lang='lat' dir='ltr'>Willrelm</span> <span class='ocrx_word' id='word_1_446' title='bbox 874 4165 938 4208; x_wconf 82' lang='lat' dir='ltr'>von</span> <span class='ocrx_word' id='word_1_447' title='bbox 962 4144 1031 4209; x_wconf 82' lang='lat' dir='ltr'>San</span> <span class='ocrx_word' id='word_1_448' title='bbox 1054 4145 1223 4210; x_wconf 79' lang='lat' dir='ltr'>Benedetto</span> <span class='ocrx_word' id='word_1_449' title='bbox 1247 4147 1294 4211; x_wconf 85' lang='lat' dir='ltr'>Po</span> <span class='ocrx_word' id='word_1_450' title='bbox 1317 4147 1374 4230; x_wconf 89' lang='lat' dir='ltr'>(D.</span> <span class='ocrx_word' id='word_1_451' title='bbox 1406 4144 1576 4234; x_wconf 83' lang='lat' dir='ltr'>Mantova)</span> <span class='ocrx_word' id='word_1_452' title='bbox 1612 4141 1756 4206; x_wconf 73' lang='lat' dir='ltr'>melerere</span> 
     </span>
     <span class='ocr_line' id='line_1_43' title="bbox 627 4233 1212 4322; baseline 0.007 -26"><span class='ocrx_word' id='word_1_453' title='bbox 627 4233 864 4298; x_wconf 72' lang='lat' dir='ltr'>Besitztlnimer</span> <span class='ocrx_word' id='word_1_454' title='bbox 885 4235 989 4298; x_wconf 80' lang='lat' dir='ltr'>ser&#39;nes</span> <span class='ocrx_word' id='word_1_455' title='bbox 1014 4234 1159 4300; x_wconf 83' lang='lat' dir='ltr'>Klosters</span> <span class='ocrx_word' id='word_1_456' title='bbox 1177 4237 1212 4322; x_wconf 91' lang='lat'>¹).</span> 
     </span>
    </p>
   </div>
   <div class='ocr_carea' id='block_1_6' title="bbox 665 4348 1170 4433">
    <p class='ocr_par' dir='ltr' id='par_1_21' title="bbox 665 4348 1170 4433">
     <span class='ocr_line' id='line_1_44' title="bbox 665 4348 1170 4433; baseline 0.008 -20"><span class='ocrx_word' id='word_1_457' title='bbox 665 4353 750 4414; x_wconf 80' lang='grc'><em>1118</em></span> <span class='ocrx_word' id='word_1_458' title='bbox 766 4348 951 4433; x_wconf 82' lang='lat' dir='ltr'>September</span> <span class='ocrx_word' id='word_1_459' title='bbox 965 4354 994 4416; x_wconf 80' lang='lat'>6.</span> <span class='ocrx_word' id='word_1_460' title='bbox 1026 4351 1170 4417; x_wconf 84' lang='lat' dir='ltr'>Brescia.</span> 
     </span>
    </p>
   </div>
   <div class='ocr_carea' id='block_1_7' title="bbox 77 4483 1756 5017">
    <p class='ocr_par' dir='ltr' id='par_1_22' title="bbox 77 4483 1756 5017">
     <span class='ocr_line' id='line_1_45' title="bbox 240 4483 1755 4570; baseline -0.004 -20"><span class='ocrx_word' id='word_1_461' title='bbox 240 4488 406 4570; x_wconf 90' lang='lat' dir='ltr'>Eugenius</span> <span class='ocrx_word' id='word_1_462' title='bbox 422 4487 605 4570; x_wconf 87' lang='lat' dir='ltr'>episcopus,</span> <span class='ocrx_word' id='word_1_463' title='bbox 629 4505 741 4548; x_wconf 90' lang='lat' dir='ltr'>servus</span> <span class='ocrx_word' id='word_1_464' title='bbox 756 4503 925 4548; x_wconf 91' lang='lat' dir='ltr'>servorum</span> <span class='ocrx_word' id='word_1_465' title='bbox 941 4486 1004 4561; x_wconf 90' lang='lat' dir='ltr'>dei,</span> <span class='ocrx_word' id='word_1_466' title='bbox 1021 4485 1143 4550; x_wconf 89' lang='lat' dir='ltr'>dilecto</span> <span class='ocrx_word' id='word_1_467' title='bbox 1160 4486 1225 4551; x_wconf 87' lang='lat' dir='ltr'>filio</span> <span class='ocrx_word' id='word_1_468' title='bbox 1242 4485 1426 4564; x_wconf 91' lang='lat' dir='ltr'>Guilielmo,</span> <span class='ocrx_word' id='word_1_469' title='bbox 1443 4486 1553 4551; x_wconf 90' lang='lat' dir='ltr'>abbati</span> <span class='ocrx_word' id='word_1_470' title='bbox 1572 4483 1755 4548; x_wconf 90' lang='lat' dir='ltr'>monasterii</span> 
     </span>
     <span class='ocr_line' id='line_1_46' title="bbox 77 4573 1755 4659; baseline -0.003 -18"><span class='ocrx_word' id='word_1_471' title='bbox 77 4578 183 4642; x_wconf 88' lang='lat' dir='ltr'>sancti</span> <span class='ocrx_word' id='word_1_472' title='bbox 207 4577 387 4652; x_wconf 88' lang='lat' dir='ltr'>Benedicti,</span> <span class='ocrx_word' id='word_1_473' title='bbox 419 4578 510 4657; x_wconf 90' lang='lat' dir='ltr'>quod</span> <span class='ocrx_word' id='word_1_474' title='bbox 541 4596 639 4658; x_wconf 90' lang='lat' dir='ltr'>super</span> <span class='ocrx_word' id='word_1_475' title='bbox 662 4575 786 4638; x_wconf 90' lang='lat' dir='ltr'>Padum</span> <span class='ocrx_word' id='word_1_476' title='bbox 819 4576 918 4638; x_wconf 90' lang='lat' dir='ltr'>situm</span> <span class='ocrx_word' id='word_1_477' title='bbox 941 4583 999 4650; x_wconf 91' lang='lat' dir='ltr'>est,</span> <span class='ocrx_word' id='word_1_478' title='bbox 1035 4577 1170 4656; x_wconf 91' lang='lat' dir='ltr'>eiusque</span> <span class='ocrx_word' id='word_1_479' title='bbox 1193 4576 1444 4654; x_wconf 89' lang='lat' dir='ltr'>successoribus,</span> <span class='ocrx_word' id='word_1_480' title='bbox 1469 4575 1658 4659; x_wconf 89' lang='lat' dir='ltr'>regulariter</span> <span class='ocrx_word' id='word_1_481' title='bbox 1680 4573 1755 4636; x_wconf 94' lang='lat' dir='ltr'>sub-</span> 
     </span>
     <span class='ocr_line' id='line_1_47' title="bbox 77 4661 1756 4751; baseline -0.004 -20"><span class='ocrx_word' id='word_1_482' title='bbox 77 4667 253 4732; x_wconf 89' lang='lat' dir='ltr'>stituendis</span> <span class='ocrx_word' id='word_1_483' title='bbox 273 4663 304 4750; x_wconf 64' lang='grc' dir='ltr'>Ε)</span> <span class='ocrx_word' id='word_1_484' title='bbox 319 4680 357 4730; x_wconf 82' lang='grc' dir='ltr'>ΙΝ</span> <span class='ocrx_word' id='word_1_485' title='bbox 372 4677 450 4727; x_wconf 89' lang='grc' dir='ltr'><strong>ΡΡΜ.</strong></span> <span class='ocrx_word' id='word_1_486' title='bbox 473 4701 517 4712; x_wconf 87' lang='lat'><em>-</em></span> <span class='ocrx_word' id='word_1_487' title='bbox 536 4661 542 4751; x_wconf 90' lang='grc' dir='ltr'>Ι</span> <span class='ocrx_word' id='word_1_488' title='bbox 562 4665 735 4748; x_wconf 90' lang='lat' dir='ltr'>Religiosis</span> <span class='ocrx_word' id='word_1_489' title='bbox 759 4664 929 4727; x_wconf 90' lang='lat' dir='ltr'>desideriis</span> <span class='ocrx_word' id='word_1_490' title='bbox 952 4666 1086 4747; x_wconf 89' lang='lat' dir='ltr'>dignum</span> <span class='ocrx_word' id='word_1_491' title='bbox 1111 4675 1161 4728; x_wconf 90' lang='lat' dir='ltr'>est</span> <span class='ocrx_word' id='word_1_492' title='bbox 1184 4665 1308 4729; x_wconf 82' lang='lat' dir='ltr'>facilem</span> <span class='ocrx_word' id='word_1_493' title='bbox 1329 4665 1468 4748; x_wconf 89' lang='lat' dir='ltr'>prebere</span> <span class='ocrx_word' id='word_1_494' title='bbox 1491 4684 1696 4738; x_wconf 90' lang='lat' dir='ltr'>consensum,</span> <span class='ocrx_word' id='word_1_495' title='bbox 1721 4669 1756 4725; x_wconf 88' lang='lat' dir='ltr'>ut</span> 
     </span>
     <span class='ocr_line' id='line_1_48' title="bbox 78 4751 1755 4838; baseline -0.004 -18"><span class='ocrx_word' id='word_1_496' title='bbox 78 4756 186 4820; x_wconf 89' lang='lat' dir='ltr'>fidelis</span> <span class='ocrx_word' id='word_1_497' title='bbox 202 4755 336 4820; x_wconf 89' lang='lat' dir='ltr'>devotio</span> <span class='ocrx_word' id='word_1_498' title='bbox 352 4753 490 4818; x_wconf 90' lang='lat' dir='ltr'>celerem</span> <span class='ocrx_word' id='word_1_499' title='bbox 505 4757 659 4819; x_wconf 90' lang='lat' dir='ltr'>sortiatur</span> <span class='ocrx_word' id='word_1_500' title='bbox 679 4753 840 4817; x_wconf 89' lang='lat' dir='ltr'>effectum.</span> <span class='ocrx_word' id='word_1_501' title='bbox 880 4753 1066 4836; x_wconf 90' lang='lat' dir='ltr'>Eapropter</span> <span class='ocrx_word' id='word_1_502' title='bbox 1085 4751 1090 4838; x_wconf 76' lang='grc' dir='ltr'>Ι</span> <span class='ocrx_word' id='word_1_503' title='bbox 1110 4757 1183 4831; x_wconf 91' lang='lat' dir='ltr'>tuis,</span> <span class='ocrx_word' id='word_1_504' title='bbox 1205 4755 1324 4818; x_wconf 89' lang='lat' dir='ltr'>dilecte</span> <span class='ocrx_word' id='word_1_505' title='bbox 1340 4755 1369 4817; x_wconf 92' lang='lat' dir='ltr'>in</span> <span class='ocrx_word' id='word_1_506' title='bbox 1387 4755 1520 4819; x_wconf 90' lang='lat' dir='ltr'>domino</span> <span class='ocrx_word' id='word_1_507' title='bbox 1536 4755 1589 4830; x_wconf 88' lang='lat' dir='ltr'>fili,</span> <span class='ocrx_word' id='word_1_508' title='bbox 1605 4752 1755 4836; x_wconf 90' lang='lat' dir='ltr'>precibus</span> 
     </span>
     <span class='ocr_line' id='line_1_49' title="bbox 78 4840 1755 4928; baseline -0.004 -18"><span class='ocrx_word' id='word_1_509' title='bbox 78 4847 233 4921; x_wconf 89' lang='lat' dir='ltr'>inclinati,</span> <span class='ocrx_word' id='word_1_510' title='bbox 250 4843 491 4928; x_wconf 90' lang='lat' dir='ltr'>predecessoris</span> <span class='ocrx_word' id='word_1_511' title='bbox 508 4845 619 4920; x_wconf 88' lang='lat' dir='ltr'>nostri,</span> <span class='ocrx_word' id='word_1_512' title='bbox 641 4843 745 4907; x_wconf 89' lang='lat' dir='ltr'>felicis</span> <span class='ocrx_word' id='word_1_513' title='bbox 762 4845 919 4906; x_wconf 88' lang='lat' dir='ltr'>memorie</span> <span class='ocrx_word' id='word_1_514' title='bbox 935 4863 1022 4925; x_wconf 90' lang='lat' dir='ltr'>pape</span> <span class='ocrx_word' id='word_1_515' title='bbox 1038 4843 1255 4920; x_wconf 81' lang='lat' dir='ltr'>INNOCENTH,</span> <span class='ocrx_word' id='word_1_516' title='bbox 1276 4845 1411 4927; x_wconf 89' lang='lat' dir='ltr'>vestigia</span> <span class='ocrx_word' id='word_1_517' title='bbox 1430 4845 1459 4924; x_wconf 88' lang='lat' dir='ltr'>b)</span> <span class='ocrx_word' id='word_1_518' title='bbox 1475 4845 1712 4925; x_wconf 91' lang='lat' dir='ltr'>subsequentes</span> <span class='ocrx_word' id='word_1_519' title='bbox 1727 4840 1755 4924; x_wconf 77' lang='lat'>²)</span> 
     </span>
     <span class='ocr_line' id='line_1_50' title="bbox 79 4932 1754 5017; baseline -0.002 -19"><span class='ocrx_word' id='word_1_520' title='bbox 79 4937 146 4999; x_wconf 93' lang='lat' dir='ltr'>duo</span> <span class='ocrx_word' id='word_1_521' title='bbox 162 4936 370 5008; x_wconf 88' lang='lat' dir='ltr'>monasteria,</span> <span class='ocrx_word' id='word_1_522' title='bbox 394 4953 458 5016; x_wconf 89' lang='lat' dir='ltr'>que</span> <span class='ocrx_word' id='word_1_523' title='bbox 473 4934 562 4998; x_wconf 91' lang='lat' dir='ltr'>beati</span> <span class='ocrx_word' id='word_1_524' title='bbox 578 4935 664 4997; x_wconf 91' lang='lat' dir='ltr'>Petri</span> <span class='ocrx_word' id='word_1_525' title='bbox 681 4933 756 4996; x_wconf 89' lang='lat' dir='ltr'>iuris</span> <span class='ocrx_word' id='word_1_526' title='bbox 772 4935 916 4996; x_wconf 86' lang='lat' dir='ltr'>existunt</span> <span class='ocrx_word' id='word_1_527' title='bbox 931 4941 965 4995; x_wconf 90' lang='lat' dir='ltr'>et</span> <span class='ocrx_word' id='word_1_528' title='bbox 981 4935 1013 4995; x_wconf 91' lang='lat' dir='ltr'>in</span> <span class='ocrx_word' id='word_1_529' title='bbox 1030 4932 1185 4997; x_wconf 89' lang='lat' dir='ltr'>Paduano</span> <span class='ocrx_word' id='word_1_530' title='bbox 1202 4935 1395 5017; x_wconf 91' lang='lat' dir='ltr'>episcopatu</span> <span class='ocrx_word' id='word_1_531' title='bbox 1415 4937 1478 4998; x_wconf 91' lang='lat' dir='ltr'>sita</span> <span class='ocrx_word' id='word_1_532' title='bbox 1500 4943 1583 5010; x_wconf 91' lang='lat' dir='ltr'>sunt,</span> <span class='ocrx_word' id='word_1_533' title='bbox 1607 4934 1665 4997; x_wconf 92' lang='lat' dir='ltr'>tibi</span> <span class='ocrx_word' id='word_1_534' title='bbox 1681 4932 1754 4995; x_wconf 94' lang='lat' dir='ltr'>tuis·</span> 
     </span>
    </p>
   </div>
   <div class='ocr_carea' id='block_1_8' title="bbox 78 5021 1755 5465">
    <p class='ocr_par' dir='ltr' id='par_1_23' title="bbox 78 5021 1755 5465">
     <span class='ocr_line' id='line_1_51' title="bbox 79 5021 1755 5112; baseline -0.002 -24"><span class='ocrx_word' id='word_1_535' title='bbox 79 5045 144 5108; x_wconf 89' lang='lat' dir='ltr'>que</span> <span class='ocrx_word' id='word_1_536' title='bbox 165 5023 409 5088; x_wconf 87' lang='lat' dir='ltr'>successoribus</span> <span class='ocrx_word' id='word_1_537' title='bbox 432 5023 474 5085; x_wconf 89' lang='lat' dir='ltr'>ad</span> <span class='ocrx_word' id='word_1_538' title='bbox 491 5021 749 5086; x_wconf 89' lang='lat' dir='ltr'>meliorationem</span> <span class='ocrx_word' id='word_1_539' title='bbox 773 5031 806 5085; x_wconf 90' lang='lat' dir='ltr'>et</span> <span class='ocrx_word' id='word_1_540' title='bbox 822 5021 986 5104; x_wconf 85' lang='lat' dir='ltr'>religionis</span> <span class='ocrx_word' id='word_1_541' title='bbox 1002 5022 1270 5086; x_wconf 83' lang='lat' dir='ltr'>reformationem</span> <span class='ocrx_word' id='word_1_542' title='bbox 1287 5045 1329 5087; x_wconf 92' lang='lat' dir='ltr'>ex</span> <span class='ocrx_word' id='word_1_543' title='bbox 1352 5024 1532 5112; x_wconf 72' lang='lat' dir='ltr'>apostolice</span> <span class='ocrx_word' id='word_1_544' title='bbox 1556 5023 1642 5087; x_wconf 89' lang='lat' dir='ltr'>sedis</span> <span class='ocrx_word' id='word_1_545' title='bbox 1665 5022 1755 5086; x_wconf 91' lang='lat' dir='ltr'>beni·</span> 
     </span>
     <span class='ocr_line' id='line_1_52' title="bbox 78 5111 1755 5200; baseline -0.002 -22"><span class='ocrx_word' id='word_1_546' title='bbox 78 5115 202 5198; x_wconf 86' lang='lat' dir='ltr'>gnitate</span> <span class='ocrx_word' id='word_1_547' title='bbox 217 5113 468 5177; x_wconf 91' lang='lat' dir='ltr'>committimus:</span> <span class='ocrx_word' id='word_1_548' title='bbox 493 5111 645 5175; x_wconf 89' lang='lat' dir='ltr'>videlicet</span> <span class='ocrx_word' id='word_1_549' title='bbox 659 5119 770 5200; x_wconf 74' lang='lat' dir='ltr'>sancte</span> <span class='ocrx_word' id='word_1_550' title='bbox 787 5111 888 5200; x_wconf 63' lang='lat' dir='ltr'>Maris</span> <span class='ocrx_word' id='word_1_551' title='bbox 905 5111 947 5174; x_wconf 95' lang='lat' dir='ltr'>de</span> <span class='ocrx_word' id='word_1_552' title='bbox 963 5111 1111 5189; x_wconf 89' lang='lat' dir='ltr'>Pratalia,</span> <span class='ocrx_word' id='word_1_553' title='bbox 1128 5134 1188 5194; x_wconf 91' lang='lat' dir='ltr'>pro</span> <span class='ocrx_word' id='word_1_554' title='bbox 1204 5132 1271 5193; x_wconf 94' lang='lat' dir='ltr'>quo</span> <span class='ocrx_word' id='word_1_555' title='bbox 1292 5120 1432 5194; x_wconf 89' lang='lat' dir='ltr'>quatuor</span> <span class='ocrx_word' id='word_1_556' title='bbox 1447 5134 1571 5189; x_wconf 87' lang='lat' dir='ltr'>aureos,</span> <span class='ocrx_word' id='word_1_557' title='bbox 1595 5120 1629 5178; x_wconf 89' lang='lat' dir='ltr'>et</span> <span class='ocrx_word' id='word_1_558' title='bbox 1644 5119 1755 5198; x_wconf 68' lang='lat' dir='ltr'>sancte</span> 
     </span>
     <span class='ocr_line' id='line_1_53' title="bbox 79 5200 1755 5285; baseline -0.002 -17"><span class='ocrx_word' id='word_1_559' title='bbox 79 5203 191 5269; x_wconf 89' lang='lat' dir='ltr'>Crucis</span> <span class='ocrx_word' id='word_1_560' title='bbox 213 5203 258 5266; x_wconf 89' lang='lat' dir='ltr'>de</span> <span class='ocrx_word' id='word_1_561' title='bbox 282 5201 410 5284; x_wconf 90' lang='lat' dir='ltr'>Campo</span> <span class='ocrx_word' id='word_1_562' title='bbox 434 5200 535 5283; x_wconf 87' lang='lat' dir='ltr'>Syon,</span> <span class='ocrx_word' id='word_1_563' title='bbox 560 5223 620 5285; x_wconf 90' lang='lat' dir='ltr'>pro</span> <span class='ocrx_word' id='word_1_564' title='bbox 644 5221 711 5282; x_wconf 91' lang='lat' dir='ltr'>quo</span> <span class='ocrx_word' id='word_1_565' title='bbox 736 5202 819 5265; x_wconf 92' lang='lat' dir='ltr'>duos</span> <span class='ocrx_word' id='word_1_566' title='bbox 842 5220 959 5264; x_wconf 89' lang='lat' dir='ltr'>aureos</span> <span class='ocrx_word' id='word_1_567' title='bbox 983 5204 1158 5280; x_wconf 88' lang='lat' dir='ltr'>quotannis</span> <span class='ocrx_word' id='word_1_568' title='bbox 1181 5203 1275 5266; x_wconf 91' lang='lat' dir='ltr'>nobis</span> <span class='ocrx_word' id='word_1_569' title='bbox 1299 5205 1484 5284; x_wconf 88' lang='lat' dir='ltr'>nostrisque</span> <span class='ocrx_word' id='word_1_570' title='bbox 1513 5202 1755 5266; x_wconf 89' lang='lat' dir='ltr'>successoribus</span> 
     </span>
     <span class='ocr_line' id='line_1_54' title="bbox 80 5289 1754 5376; baseline -0.001 -21"><span class='ocrx_word' id='word_1_571' title='bbox 80 5293 285 5376; x_wconf 89' lang='lat' dir='ltr'>persolvetis.</span> <span class='ocrx_word' id='word_1_572' title='bbox 338 5292 574 5356; x_wconf 87' lang='lat' dir='ltr'>Monasterium</span> <span class='ocrx_word' id='word_1_573' title='bbox 606 5311 739 5374; x_wconf 93' lang='lat' dir='ltr'>quoque</span> <span class='ocrx_word' id='word_1_574' title='bbox 769 5299 957 5354; x_wconf 91' lang='lat' dir='ltr'>sanctorum</span> <span class='ocrx_word' id='word_1_575' title='bbox 988 5289 1088 5354; x_wconf 91' lang='lat' dir='ltr'>Firmi</span> <span class='ocrx_word' id='word_1_576' title='bbox 1125 5299 1159 5354; x_wconf 90' lang='lat' dir='ltr'>et</span> <span class='ocrx_word' id='word_1_577' title='bbox 1189 5291 1312 5355; x_wconf 91' lang='lat' dir='ltr'>Rustici</span> <span class='ocrx_word' id='word_1_578' title='bbox 1343 5293 1386 5355; x_wconf 90' lang='lat' dir='ltr'>de</span> <span class='ocrx_word' id='word_1_579' title='bbox 1409 5292 1553 5376; x_wconf 91' lang='lat' dir='ltr'>Lunigo,</span> <span class='ocrx_word' id='word_1_580' title='bbox 1591 5295 1688 5356; x_wconf 90' lang='lat' dir='ltr'>situm</span> <span class='ocrx_word' id='word_1_581' title='bbox 1722 5294 1754 5354; x_wconf 90' lang='lat' dir='ltr'>in</span> 
     </span>
     <span class='ocr_line' id='line_1_55' title="bbox 78 5379 1755 5465; baseline -0.001 -19"><span class='ocrx_word' id='word_1_582' title='bbox 78 5383 255 5447; x_wconf 90' lang='lat' dir='ltr'>Vicentino</span> <span class='ocrx_word' id='word_1_583' title='bbox 287 5381 489 5465; x_wconf 88' lang='lat' dir='ltr'>episcopatu,</span> <span class='ocrx_word' id='word_1_584' title='bbox 519 5379 615 5446; x_wconf 89' lang='lat' dir='ltr'>vobis</span> <span class='ocrx_word' id='word_1_585' title='bbox 646 5401 721 5444; x_wconf 91' lang='lat' dir='ltr'>cum</span> <span class='ocrx_word' id='word_1_586' title='bbox 752 5380 905 5444; x_wconf 91' lang='lat' dir='ltr'>omnibus</span> <span class='ocrx_word' id='word_1_587' title='bbox 934 5379 1000 5443; x_wconf 90' lang='lat' dir='ltr'>suis</span> <span class='ocrx_word' id='word_1_588' title='bbox 1031 5381 1232 5462; x_wconf 90' lang='lat' dir='ltr'>pertinentiis</span> <span class='ocrx_word' id='word_1_589' title='bbox 1261 5383 1496 5446; x_wconf 89' lang='lat' dir='ltr'>committimus</span> <span class='ocrx_word' id='word_1_590' title='bbox 1514 5383 1555 5462; x_wconf 85' lang='lat' dir='ltr'>c).</span> <span class='ocrx_word' id='word_1_591' title='bbox 1601 5381 1755 5444; x_wconf 89' lang='lat' dir='ltr'>Decimas</span> 
     </span>
    </p>
   </div>
   <div class='ocr_carea' id='block_1_9' title="bbox 77 5574 1757 5788">
    <p class='ocr_par' dir='ltr' id='par_1_24' title="bbox 77 5574 1757 5788">
     <span class='ocr_line' id='line_1_56' title="bbox 239 5574 1755 5646; baseline -0.001 -18"><span class='ocrx_word' id='word_1_592' title='bbox 239 5579 266 5646; x_wconf 81' lang='lat' dir='ltr'>a)</span> <span class='ocrx_word' id='word_1_593' title='bbox 285 5576 443 5628; x_wconf 87' lang='lat' dir='ltr'>substuendis</span> <span class='ocrx_word' id='word_1_594' title='bbox 533 5577 561 5640; x_wconf 86' lang='lat' dir='ltr'>b)</span> <span class='ocrx_word' id='word_1_595' title='bbox 580 5589 595 5625; x_wconf 80' lang='lat' dir='ltr'>a</span> <span class='ocrx_word' id='word_1_596' title='bbox 612 5591 659 5625; x_wconf 86' lang='lat' dir='ltr'>aus</span> <span class='ocrx_word' id='word_1_597' title='bbox 676 5592 692 5625; x_wconf 95' lang='lat' dir='ltr'>o</span> <span class='ocrx_word' id='word_1_598' title='bbox 715 5574 827 5642; x_wconf 69' lang='lat' dir='ltr'>corrigia</span> <span class='ocrx_word' id='word_1_599' title='bbox 915 5579 939 5645; x_wconf 90' lang='lat' dir='ltr'>c)</span> <span class='ocrx_word' id='word_1_600' title='bbox 958 5576 1003 5626; x_wconf 81' lang='lat' dir='ltr'>rm&#39;t</span> <span class='ocrx_word' id='word_1_601' title='bbox 1019 5578 1063 5626; x_wconf 84' lang='lat' dir='ltr'>der</span> <span class='ocrx_word' id='word_1_602' title='bbox 1079 5577 1210 5628; x_wconf 81' lang='lat' dir='ltr'>dmrklrrm</span> <span class='ocrx_word' id='word_1_603' title='bbox 1227 5575 1303 5627; x_wconf 77' lang='lat' dir='ltr'>Dirrte</span> <span class='ocrx_word' id='word_1_604' title='bbox 1320 5578 1364 5627; x_wconf 87' lang='lat' dir='ltr'>drr</span> <span class='ocrx_word' id='word_1_605' title='bbox 1380 5583 1480 5628; x_wconf 81' lang='lat' dir='ltr'>unrrren</span> <span class='ocrx_word' id='word_1_606' title='bbox 1497 5576 1700 5642; x_wconf 75' lang='lat' dir='ltr'>Korucrr&#39;pthdlfir</span> <span class='ocrx_word' id='word_1_607' title='bbox 1714 5593 1755 5644; x_wconf 83' lang='lat' dir='ltr'>ge·</span> 
     </span>
     <span class='ocr_line' id='line_1_57' title="bbox 77 5648 1757 5717; baseline -0.001 -15"><span class='ocrx_word' id='word_1_608' title='bbox 77 5648 204 5702; x_wconf 60' lang='lat' dir='ltr'>urnam</span> <span class='ocrx_word' id='word_1_609' title='bbox 223 5687 276 5696; x_wconf 79' lang='lat'><em>-</em></span> <span class='ocrx_word' id='word_1_610' title='bbox 296 5651 332 5715; x_wconf 87' lang='lat'>.1)</span> <span class='ocrx_word' id='word_1_611' title='bbox 357 5649 434 5716; x_wconf 84' lang='lat' dir='ltr'>Vergl.</span> <span class='ocrx_word' id='word_1_612' title='bbox 460 5649 497 5700; x_wconf 76' lang='lat' dir='ltr'>die</span> <span class='ocrx_word' id='word_1_613' title='bbox 518 5648 579 5702; x_wconf 80' lang='lat' dir='ltr'>Urk.</span> <span class='ocrx_word' id='word_1_614' title='bbox 601 5663 656 5698; x_wconf 81' lang='lat' dir='ltr'>vom</span> <span class='ocrx_word' id='word_1_615' title='bbox 674 5649 708 5698; x_wconf 85' lang='lat'>13</span> <span class='ocrx_word' id='word_1_616' title='bbox 728 5648 796 5714; x_wconf 78' lang='lat' dir='ltr'>Jum&#39;</span> <span class='ocrx_word' id='word_1_617' title='bbox 812 5649 889 5700; x_wconf 82' lang='grc'><em>1151.</em></span> <span class='ocrx_word' id='word_1_618' title='bbox 975 5650 1002 5717; x_wconf 84' lang='lat'>2)</span> <span class='ocrx_word' id='word_1_619' title='bbox 1025 5650 1102 5716; x_wconf 80' lang='lat' dir='ltr'>Vergl.</span> <span class='ocrx_word' id='word_1_620' title='bbox 1120 5649 1158 5700; x_wconf 85' lang='lat' dir='ltr'>dir</span> <span class='ocrx_word' id='word_1_621' title='bbox 1179 5649 1238 5701; x_wconf 84' lang='lat' dir='ltr'>Urk.</span> <span class='ocrx_word' id='word_1_622' title='bbox 1257 5649 1639 5710; x_wconf 76' lang='lat' dir='ltr'>vom28Februar1136,2d</span> <span class='ocrx_word' id='word_1_623' title='bbox 1660 5649 1757 5700; x_wconf 77' lang='lat' dir='ltr'>October</span> 
     </span>
     <span class='ocr_line' id='line_1_58' title="bbox 78 5719 1496 5788; baseline 0.001 -16"><span class='ocrx_word' id='word_1_624' title='bbox 78 5723 147 5774; x_wconf 79' lang='lat'><strong><em>1138</em></strong></span> <span class='ocrx_word' id='word_1_625' title='bbox 163 5723 221 5772; x_wconf 73' lang='lat' dir='ltr'>mid</span> <span class='ocrx_word' id='word_1_626' title='bbox 236 5723 271 5772; x_wconf 78' lang='lat'>25</span> <span class='ocrx_word' id='word_1_627' title='bbox 294 5720 363 5788; x_wconf 61' lang='grc' dir='ltr'>ἵππι’</span> <span class='ocrx_word' id='word_1_628' title='bbox 380 5723 459 5784; x_wconf 77' lang='lat'>1132,</span> <span class='ocrx_word' id='word_1_629' title='bbox 477 5721 537 5772; x_wconf 78' lang='lat' dir='ltr'>doch</span> <span class='ocrx_word' id='word_1_630' title='bbox 555 5719 646 5772; x_wconf 65' lang='lat' dir='ltr'>scheria</span> <span class='ocrx_word' id='word_1_631' title='bbox 661 5721 698 5770; x_wconf 83' lang='lat' dir='ltr'>dir</span> <span class='ocrx_word' id='word_1_632' title='bbox 719 5719 788 5782; x_wconf 72' lang='lat' dir='ltr'>Ura,</span> <span class='ocrx_word' id='word_1_633' title='bbox 807 5723 910 5788; x_wconf 76' lang='lat' dir='ltr'>wormes</span> <span class='ocrx_word' id='word_1_634' title='bbox 922 5721 974 5772; x_wconf 79' lang='lat' dir='ltr'>hier</span> <span class='ocrx_word' id='word_1_635' title='bbox 990 5723 1117 5774; x_wconf 68' lang='lat' dir='ltr'>nennium</span> <span class='ocrx_word' id='word_1_636' title='bbox 1134 5722 1170 5785; x_wconf 87' lang='lat' dir='ltr'>ist,</span> <span class='ocrx_word' id='word_1_637' title='bbox 1187 5722 1255 5773; x_wconf 82' lang='lat' dir='ltr'>nicht</span> <span class='ocrx_word' id='word_1_638' title='bbox 1270 5721 1376 5773; x_wconf 75' lang='lat' dir='ltr'>crhalten</span> <span class='ocrx_word' id='word_1_639' title='bbox 1391 5739 1422 5772; x_wconf 76' lang='lat' dir='ltr'>ur</span> <span class='ocrx_word' id='word_1_640' title='bbox 1439 5721 1496 5773; x_wconf 81' lang='lat' dir='ltr'>sein.</span> 
     </span>
    </p>
   </div>
   <div class='ocr_carea' id='block_1_10' title="bbox 0 0 2069 6356">
    <p class='ocr_par' dir='ltr' id='par_1_25' title="bbox 0 0 2069 6356">
     <span class='ocr_line' id='line_1_59' title="bbox 0 0 2069 6356; baseline 0 0"><span class='ocrx_word' id='word_1_641' title='bbox 0 0 2069 6356; x_wconf 95' lang='lat' dir='ltr'> </span> 
     </span>
    </p>
   </div>
  </div>
 </body>
</html>
