4090 6358
1706 333 1742 398 13

78 504 204 570 Martini
227 503 465 586 respondentes
487 504 651 580 dicebant,
676 504 742 567 iarn
765 504 888 568 dictam
911 505 1083 570 ecclesiam
1106 527 1149 570 ex
1172 505 1385 570 concessione
1400 527 1435 570 se
1450 506 1597 570 eiusdem
1612 507 1744 571 Brienni

77 605 190 670 tenere,
214 602 248 657 et
269 593 402 678 insuper
424 613 467 657 ex
491 593 625 658 datione
647 593 879 658 Namnetensis
902 596 1064 678 episcopi,
1088 596 1178 659 cuius
1207 595 1265 659 iuri
1298 606 1332 659 et
1353 596 1546 678 proprietati
1577 596 1746 679 praedicta

77 682 209 748 ecclesia
230 683 415 765 pertineret,
441 691 475 746 et
497 683 664 766 utriusque
695 684 915 748 concessionis
945 687 1068 767 scripta
1091 685 1321 748 ostendebant.
1367 686 1428 748 His
1451 685 1579 761 auditis,
1611 685 1744 750 interro·

76 773 227 857 gavimus,
258 772 284 836 si
315 771 388 854 ipsa
411 773 549 836 ecclesia
572 770 615 836 de
637 769 753 859 quallis
776 785 960 851 emerserat,
992 774 1105 840 luisset
1134 775 1235 857 ipsius
1257 775 1390 838 Brienni
1421 795 1481 857 per
1509 775 1745 858 proprietatem

77 882 196 944 anper
219 860 424 925 beneficium.
449 861 525 938 ,Ad
548 861 613 926 hoc
640 873 777 944 utraque
800 883 876 945 pars
900 865 1078 946 respondit,
1110 864 1200 947 quod
1223 864 1286 946 ipsi
1309 863 1452 929 Brienno
1479 865 1658 947 pertineret
1687 886 1747 948 per

76 951 267 1023 beneficium
289 951 504 1016 Namnetensi
528 950 727 1036 ecclesia(e),
759 962 792 1016 et
815 973 881 1016 nou
903 974 964 1036 per
991 954 1237 1036 proprietatem.
1282 953 1353 1017 Nos
1383 954 1587 1036 percunctati
1618 955 1644 1018 si
1676 956 1746 1042 ipse

77 1041 299 1105 concessiones
328 1040 462 1105 Brienni
493 1052 691 1123 acceperunt
723 1042 875 1106 eflectum
905 1042 1074 1106 voluntate
1101 1042 1333 1107 Namnetensis
1362 1044 1519 1126 episcopi,
1553 1063 1746 1126 responsum

77 1130 272 1214 accepimus:
297 1129 440 1194 minime.
486 1131 547 1194 His
571 1131 699 1207 auditis,
722 1132 828 1195 visum
851 1141 901 1194 est
923 1133 1020 1196 nobis
1043 1133 1227 1213 nostrisque
1251 1132 1415 1210 fidelibus,
1439 1133 1615 1196 Briennum
1639 1133 1747 1215 ipsum

77 1229 184 1284 neutro
207 1220 408 1284 monasterio
431 1221 678 1284 concessionem
701 1221 809 1284 iacere
831 1222 978 1302 potuisse
1002 1222 1127 1304 absque
1146 1222 1315 1285 voluntate
1336 1221 1567 1286 Namnetensis
1588 1221 1746 1305 episcopi,

78 1311 161 1374 cuius
177 1309 236 1373 iuri
260 1309 333 1392 ipsa
348 1308 487 1374 ecclesia
509 1310 705 1392 pertinebat.
750 1311 824 1374 Hac
848 1331 946 1374 causa
961 1332 1004 1374 ex
1018 1320 1113 1393 parte
1128 1311 1260 1374 Brienni
1282 1312 1327 1374 ita
1342 1312 1566 1387 determinata,
1591 1321 1748 1393 ceperunt

77 1400 179 1464 dicere
201 1399 268 1462 iam
293 1399 372 1463 dicti
387 1399 606 1476 Rotonenses,
631 1399 722 1482 quod
746 1420 789 1463 ex
812 1401 1025 1464 concessione
1041 1401 1313 1464 Namnetensium
1332 1401 1572 1483 episcoporum,
1596 1401 1749 1465 videlicet

77 1487 201 1552 Airardi
221 1487 245 1568 ¹)
270 1498 303 1552 et
325 1488 470 1569 Quiriaci
487 1487 520 1570 ¹),
552 1489 618 1553 iam
643 1489 766 1553 dictam
790 1490 961 1553 ecclesiam
984 1489 1151 1566 haberent,
1176 1489 1266 1553 cuius
1289 1491 1517 1566 concessionis,
1549 1489 1625 1553 licet
1647 1500 1747 1555 testes

77 1579 230 1644 habereut
261 1577 294 1640 in
325 1588 411 1642 terra
440 1598 514 1654 sua,
559 1578 647 1643 nulla
681 1589 793 1643 tamen
823 1580 947 1662 scripta
977 1579 1150 1644 ostendere
1179 1588 1342 1661 poterant.
1396 1580 1529 1643 Maioris
1559 1580 1746 1643 monasterii

78 1667 223 1734 monachi
255 1686 313 1754 sue
343 1667 565 1732 concessionis
595 1669 719 1751 scripta
748 1669 961 1733 ostendentes
994 1669 1193 1745 asserebant,
1216 1665 1433 1732 Rodonenses
1463 1668 1645 1732 monachos
1669 1683 1771 1732 nun-¹

79 1778 170 1842 quam
193 1758 302 1839 ipsam
324 1757 497 1820 ecclesiam
520 1758 732 1840 apraedictis
759 1759 925 1841 episcopis
948 1768 1144 1822 consecutos
1168 1758 1275 1821 luisse.
1323 1757 1472 1840 Cumque
1495 1757 1557 1846 hec
1579 1758 1748 1822 altercatio

78 1850 154 1912 inter
176 1857 350 1929 utramque
372 1855 501 1928 partem
525 1847 646 1910 diutius
668 1856 855 1925 verteretur,
880 1847 1082 1930 inspeximus
1104 1848 1228 1912 litteras
1248 1847 1480 1911 Namnetensis
1503 1848 1660 1929 episcopi,
1685 1867 1749 1935 que

77 1938 136 2001 hoc
158 1937 247 2000 idem
275 1936 474 2012 asserebant,
506 1936 598 2018 quod
621 1937 756 2001 Maioris
779 1938 967 2002 monasterii
992 1937 1145 2001 monachi
1177 1936 1361 2001 firmabant.
1407 1937 1616 2001 Rotonenses
1638 1947 1749 2000 tamen

78 2027 287 2110 aproposita
309 2024 506 2107 allegatione
529 2025 713 2090 nullatenus
736 2027 948 2091 desistebant.
994 2028 1038 2092 Et
1061 2028 1139 2110 quia
1161 2027 1263 2109 ipsius
1285 2026 1434 2109 episcopi
1461 2046 1604 2108 persona
1628 2027 1748 2103 deerat,

79 2137 136 2204 que
162 2116 227 2179 hoc
257 2114 401 2198 probare
431 2114 614 2192 debuisset,
645 2117 751 2179 visum
775 2112 851 2201 es(t)
876 2116 981 2194 nobis,
1013 2136 1081 2180 rem
1105 2136 1238 2180 omnem
1261 2116 1303 2179 ad
1334 2115 1436 2198 ipsius
1465 2116 1613 2199 episcopi
1645 2136 1748 2179 recor·

79 2207 241 2270 dationem
265 2203 388 2280 referri,
408 2213 444 2268 ut
467 2203 619 2282 firmaret,
642 2224 810 2287 nunquam
833 2226 870 2269 se
892 2207 1000 2288 ipsam
1022 2206 1195 2270 ecclesiam
1210 2205 1457 2270 Rotonensibus
1480 2203 1650 2269 monachis
1673 2226 1749 2269 con-

78 2296 205 2360 cessisse
228 2303 307 2357 ante
330 2312 430 2375 quam
453 2294 624 2358 monachis
640 2295 775 2359 Maioris
798 2296 986 2359 monasterii
1010 2296 1198 2360 tradidisset
1212 2295 1311 2360 illam.
1349 2295 1393 2359 Et
1409 2294 1484 2358 ideo
1500 2294 1565 2359 hoc
1581 2295 1750 2376 negotium
1793 2300 1797 2318 '

79 2385 180 2467 legato
203 2393 329 2460 nostro,
359 2383 478 2446 Pisano
500 2383 654 2448 videlicet
676 2385 836 2467 episcopo
852 2381 887 2470 ⁸),
919 2385 1150 2462 commisimus,
1175 2385 1230 2467 qui
1254 2391 1366 2449 noster
1393 2384 1577 2448 carissimus
1610 2384 1694 2448 filius
1717 2394 1751 2447 et

79 2473 116 2538 de
147 2473 218 2537 sinu
242 2474 395 2560 Romane
425 2472 561 2561 ecclesie
592 2474 752 2556 probatur
779 2475 928 2538 existere.
974 2475 1040 2557 Qui
1072 2475 1115 2538 ad
1147 2484 1257 2556 partes
1288 2474 1358 2538 illas
1380 2483 1535 2537 venturus
1565 2494 1608 2536 ex
1637 2483 1751 2537 nostra

78 2563 309 2628 deliberatione
332 2581 464 2625 causam
487 2562 577 2626 illam
599 2572 633 2626 et
655 2563 795 2646 litigium
818 2564 1058 2641 determinaret,
1079 2574 1114 2628 ut
1129 2563 1360 2628 Namnetensis
1375 2563 1551 2646 episcopus
1571 2583 1631 2646 per
1656 2582 1750 2626 suum

20 2687 21 2690 ¹
80 2654 227 2717 idoneum
250 2652 397 2734 legatum
419 2662 625 2716 sacramento
650 2651 794 2716 firmaret
815 2653 889 2730 hoc,
920 2654 1012 2736 quod
1042 2654 1084 2717 de
1113 2654 1187 2736 ipsa
1217 2653 1355 2717 ecclesia
1377 2653 1524 2735 superius
1547 2653 1668 2716 dictum
1691 2662 1749 2716 est.

79 2744 148 2807 Hoc
169 2752 281 2806 autem
303 2751 544 2806 sacramentum
566 2741 632 2807 hoc
654 2743 756 2806 modo
783 2743 962 2824 procedat:
1001 2744 1075 2826 Ego
1098 2743 1278 2826 Quiriacus,
1302 2741 1534 2806 Namnetensis
1564 2741 1748 2824 episcopus,

79 2832 244 2897 ecclesiam
268 2831 373 2894 sancti
396 2830 583 2909 Salvatoris,
608 2833 705 2896 sitam
729 2832 804 2896 loco
828 2833 918 2915 quod
940 2841 1078 2896 vocatur
1099 2833 1274 2909 Bairiacus,
1306 2852 1374 2895 non
1397 2831 1517 2896 tradidi
1540 2831 1750 2894 Rodonensis

80 2921 261 2986 monasterii
285 2919 465 2997 monachis,
499 2942 560 2985 nec
582 2921 754 2999 Airardus,
786 2932 974 2986 antecessor
997 2942 1096 3001 meus,
1127 2943 1180 2986 me
1203 2923 1334 2998 sciente,
1371 2930 1550 3003 antequam
1580 2919 1751 2984 monachis

80 3011 207 3075 Maioris
237 3009 427 3074 monasterii
457 3011 562 3074 sancti
587 3011 719 3074 Martini
752 3012 825 3094 ipsa
854 3012 992 3076 ecclesia
1021 3032 1081 3095 per
1112 3031 1166 3075 me
1195 3012 1246 3075 vel
1278 3031 1387 3074 meum
1410 3021 1651 3075 antecessorem
1674 3029 1749 3074 con-

81 3122 166 3166 cessa
187 3101 312 3164 luisset.

231 3211 359 3280 Abschrist
374 3213 414 3264 des
433 3211 489 3264 MS.
508 3213 552 3265 lar.
570 3214 657 3266 16999
669 3213 723 3280 sol.
745 3215 805 3274 202,
825 3212 852 3263 ἐκ
870 3213 914 3264 der
930 3213 993 3264 Bibl.
1012 3213 1142 3265 Nationale
1158 3230 1189 3264 ru
1208 3212 1287 3264 Paris.

830 3532 897 3608 Nr.
931 3536 991 3609 14.

153 3687 341 3753 Alexander
355 3686 402 3751 II
409 3685 560 3771 bestc'r'tigt
573 3685 636 3750 den
653 3681 861 3749 Kamnrleem
875 3705 940 3750 von
955 3684 1023 3751 Ste-
1029 3683 1060 3750 C
1056 3683 1128 3749 roix
1141 3681 1320 3749 dOrlbans
1336 3685 1406 3749 ilzre
1420 3685 1670 3750 Besitzthr'c‘mer.

692 3819 778 3883 1073
793 3816 895 3903 April
906 3821 955 3883 19.
987 3817 1139 3884 Lateran.

236 3956 430 4022 Alexander
445 3955 630 4039 episcopus,
653 3973 765 4018 servus
780 3975 948 4019 servorum
971 3954 1033 4031 dei,
1050 3953 1216 4019 canonicis
1232 3963 1366 4018 sanctae
1382 3952 1493 4018 Crucis
1507 3954 1753 4019 Aurelianensis

84 4045 113 4110 in
134 4057 340 4131 perpetuum.
385 4046 474 4110 Inter
496 4054 613 4120 cetera,
642 4062 728 4125 quae
749 4045 910 4127 generalis
932 4064 1010 4108 cura
1032 4053 1065 4108 et
1088 4042 1290 4127 dispensatio
1314 4043 1488 4126 apostolici
1520 4045 1754 4108 moderaminis

84 4137 303 4214 amministrat,
336 4155 421 4218 quae
451 4136 494 4199 de
525 4133 621 4198 rebus
645 4132 872 4198 ecclesiasticis
902 4131 936 4197 e't
965 4134 1157 4216 praesertim
1187 4134 1354 4197 canonicis
1384 4133 1554 4198 ordinibus
1583 4133 1755 4198 salubriter

84 4236 198 4290 statuta
221 4235 256 4291 et
279 4225 432 4291 ordinata
452 4234 536 4302 sunt,
561 4223 752 4305 apostolicis
775 4223 980 4288 corroborari
997 4223 1135 4288 decretis
1149 4223 1266 4306 procul
1281 4223 1383 4288 dubio
1399 4223 1584 4287 auctoritati
1601 4223 1755 4287 convenit

85 4325 115 4378 et
126 4316 250 4399 pietati.
276 4314 530 4382 Considerantes
545 4313 643 4397 igitur
657 4313 858 4396 aequitatem
873 4323 1000 4378 vestrae
1015 4313 1255 4396 postulationis,
1270 4311 1432 4388 videlicet,
1448 4323 1483 4377 ut
1494 4313 1564 4378 iura
1575 4313 1755 4376 canonicae

84 4416 217 4484 vestrae,
241 4405 396 4488 quatinus
420 4404 578 4486 deinceps
609 4402 721 4467 illaesa
750 4412 850 4485 atque
882 4403 1039 4467 inviolata
1060 4412 1285 4486 permaneant,
1317 4411 1430 4466 nostro
1456 4402 1627 4485 privilegio
1650 4401 1752 4465 muni·

85 4515 192 4573 remus,
223 4495 441 4579 petitionibus
471 4493 588 4558 vestris
617 4493 773 4557 benivola
803 4493 1016 4557 concessione
1043 4492 1254 4556 annuendum
1291 4511 1362 4556 esse
1393 4491 1605 4574 providimus.
1657 4491 1752 4555 Intel-

84 4583 215 4649 lerdmus
239 4585 337 4662 enim,
360 4584 417 4647 diu
448 4584 614 4648 intervos
637 4581 768 4647 habitas
790 4582 894 4646 malas
917 4581 1170 4646 consuetudines
1192 4591 1263 4645 tum
1278 4590 1388 4646 vestro
1411 4581 1534 4658 labore,
1557 4591 1627 4645 tum
1642 4580 1752 4644 studio

85 4683 115 4737 et
126 4675 349 4739 benivolentia
369 4673 518 4758 episcopi
537 4671 635 4737 vestri
659 4671 794 4736 tandem
810 4691 882 4736 esse
897 4681 1067 4748 resecatas,
1087 4679 1121 4734 et
1135 4692 1177 4734 ne
1193 4670 1325 4735 ulterius
1340 4671 1528 4753 resurgendi
1544 4671 1754 4735 occasionem

85 4773 135 4827 aut
152 4764 320 4829 licentiam
335 4763 488 4839 habeant,
512 4761 705 4826 auctorabili
729 4781 864 4825 censura
886 4760 1058 4836 cohibitas,
1081 4771 1161 4824 vota
1182 4771 1291 4824 vestra
1313 4758 1478 4842 probabili
1498 4760 1661 4824 desiderio
1677 4780 1752 4824 con·

86 4854 204 4936 cepisse
239 4863 273 4918 et
304 4853 395 4936 apud
421 4852 606 4936 apostolica
635 4850 748 4914 limina
772 4850 979 4933 quaesivisse.
1025 4850 1119 4914 Flexi
1151 4850 1248 4933 igitur
1268 4849 1384 4914 vestris
1411 4851 1564 4933 precibus
1593 4860 1626 4915 et
1657 4850 1753 4914 inter·

85 4953 176 5007 ventu
199 4943 372 5008 confratris
395 4943 498 5007 nostri
521 4941 674 5016 Rainen'i,
704 4941 802 5006 vestn'
825 4940 979 5004 videlicet
1002 4939 1150 5022 episcopi
1165 4939 1203 5019 ⁴),
1234 4960 1294 5022 per
1316 4939 1474 5003 directam
1498 4940 1539 5004 ad
1573 4959 1633 5003 nos
1656 4960 1755 5022 super

85 5031 141 5096 hac
154 5055 188 5097 re
203 5031 380 5116 epistolam
403 5031 540 5108 exorati,
564 5030 758 5094 canonicam
772 5040 915 5094 vestram
938 5049 1014 5093 cum
1030 5030 1183 5095 omnibus
1199 5029 1262 5094 sibi
1278 5029 1517 5112 pertinentibus
1532 5029 1566 5093 in
1581 5030 1753 5094 tuitionem

85 5121 390 5203 apostolicaesedis
414 5121 610 5204 accepimus,
642 5119 880 5184 rationabiliter
909 5119 1141 5184 confirmantes
1170 5129 1203 5184 et
1233 5119 1492 5196 corroborantes,
1524 5128 1560 5183 ut
1589 5139 1637 5196 ea,
1670 5139 1754 5201 quae

85 5231 176 5293 supra
198 5221 399 5277 memoratus
422 5211 598 5294 episcopus
620 5219 729 5273 vester
750 5209 866 5274 vestris
888 5209 1104 5292 petitionibus
1127 5209 1170 5273 de
1193 5209 1291 5274 bonis
1307 5207 1464 5274 decaniae
1487 5209 1530 5272 ad
1545 5228 1753 5272 communem

85 5319 171 5364 usum
194 5301 330 5366 fratrum
353 5301 467 5365 annuit
489 5311 589 5382 atque
613 5299 783 5376 concessit,
807 5308 878 5362 rata
893 5309 927 5363 et
949 5296 1166 5363 indissolubili
1184 5295 1315 5380 semper
1329 5296 1509 5362 stabilitate
1530 5307 1753 5380 permaneant,

86 5387 138 5465 ita,
169 5400 205 5454 ut
235 5410 334 5455 nemo
365 5410 510 5473 unquam
542 5398 598 5453 aut
627 5387 704 5453 inde
737 5388 884 5464 avellere,
915 5397 972 5451 aut
1002 5398 1118 5452 contra
1146 5387 1351 5451 voluntatem
1383 5387 1517 5451 fratrum
1547 5387 1613 5452 suis
1642 5386 1755 5450 usibus

87 5480 277 5563 mancipare,
309 5489 366 5544 aut
395 5480 428 5544 in
460 5479 511 5544 his
540 5498 598 5543 seu
630 5479 664 5541 in
695 5477 857 5560 aliquibus
888 5477 985 5542 rebus
1017 5477 1120 5541 malas
1152 5476 1405 5542 consuetudines
1435 5494 1596 5552 revocare,
1627 5475 1680 5539 vel
1711 5473 1754 5539 ad

241 5679 266 5743 1)
283 5675 414 5737 Airardus,
438 5675 543 5742 Br‘sclof
557 5693 605 5727 von
623 5677 721 5738 Names,
743 5678 927 5728 roro-1052.
1020 5677 1046 5740 2)
1067 5675 1196 5736 erinircus
1208 5675 1243 5737 Il,
1263 5673 1369 5739 Bisthof
1379 5688 1427 5722 von
1445 5673 1544 5732 Nautes,
1570 5673 1755 5724 rosa-1079.

87 5749 111 5810 3)
130 5746 207 5799 Guido
220 5747 255 5798 H
266 5747 353 5816 (Rr'co),
373 5747 477 5816 Br'schof
490 5764 537 5800 von
558 5749 623 5811 Pisa,
644 5750 827 5801 root-1076.
900 5751 928 5818 4)
947 5747 1046 5811 Raim,
1066 5747 1171 5815 Birthas
1181 5763 1229 5798 von
1251 5743 1361 5807 Orlc'arrr,
1379 5761 1399 5794 c.
1421 5747 1491 5796 1070
1506 5771 1536 5782 -
1551 5760 1571 5795 c.
1592 5745 1671 5795 1082.
