<?xml version="1.0" encoding="UTF-8"?>
<!DOCTYPE html PUBLIC "-//W3C//DTD XHTML 1.0 Transitional//EN"
    "http://www.w3.org/TR/xhtml1/DTD/xhtml1-transitional.dtd">
<html xmlns="http://www.w3.org/1999/xhtml" xml:lang="en" lang="en">
 <head>
  <title>
</title>
<meta http-equiv="Content-Type" content="text/html;charset=utf-8" />
  <meta name='ocr-system' content='tesseract 3.04.00' />
  <meta name='ocr-capabilities' content='ocr_page ocr_carea ocr_par ocr_line ocrx_word'/>
</head>
<body>
  <div class='ocr_page' id='page_1' title='image "./actapontificumr00hargoog_0257.png"; bbox 0 0 4142 6366; ppageno 0'>
   <div class='ocr_carea' id='block_1_1' title="bbox 1691 371 1752 438">
    <p class='ocr_par' dir='ltr' id='par_1_1' title="bbox 1691 371 1752 438">
     <span class='ocr_line' id='line_1_1' title="bbox 1691 371 1752 438; baseline 0.033 -2"><span class='ocrx_word' id='word_1_1' title='bbox 1691 371 1752 438; x_wconf 79' lang='lat'><strong>245</strong></span> 
     </span>
    </p>
   </div>
   <div class='ocr_carea' id='block_1_2' title="bbox 81 537 1761 2594">
    <p class='ocr_par' dir='ltr' id='par_1_2' title="bbox 81 537 1761 2594">
     <span class='ocr_line' id='line_1_2' title="bbox 81 537 1754 626; baseline 0.002 -20"><span class='ocrx_word' id='word_1_2' title='bbox 81 543 191 626; x_wconf 86' lang='lat' dir='ltr'><strong>legati,</strong></span> <span class='ocrx_word' id='word_1_3' title='bbox 226 547 260 604; x_wconf 92' lang='lat' dir='ltr'><strong>et</strong></span> <span class='ocrx_word' id='word_1_4' title='bbox 282 539 502 603; x_wconf 92' lang='lat' dir='ltr'><strong>Terdonensis</strong></span> <span class='ocrx_word' id='word_1_5' title='bbox 533 540 684 622; x_wconf 84' lang='lat' dir='ltr'>episcopi</span> <span class='ocrx_word' id='word_1_6' title='bbox 702 537 727 625; x_wconf 84' lang='grc' dir='ltr'><strong>ι)</strong></span> <span class='ocrx_word' id='word_1_7' title='bbox 758 537 907 603; x_wconf 87' lang='lat' dir='ltr'><strong>faceretis</strong></span> <span class='ocrx_word' id='word_1_8' title='bbox 938 541 1059 604; x_wconf 91' lang='lat' dir='ltr'><strong>iustitie</strong></span> <span class='ocrx_word' id='word_1_9' title='bbox 1090 541 1379 624; x_wconf 88' lang='lat' dir='ltr'><strong>complementum.</strong></span> <span class='ocrx_word' id='word_1_10' title='bbox 1430 541 1517 626; x_wconf 85' lang='lat' dir='ltr'>Quia</span> <span class='ocrx_word' id='word_1_11' title='bbox 1546 566 1624 610; x_wconf 89' lang='lat' dir='ltr'><strong>vero</strong></span> <span class='ocrx_word' id='word_1_12' title='bbox 1640 545 1754 610; x_wconf 68' lang='lat' dir='ltr'><strong>⁸nichil</strong></span> 
     </span>
     <span class='ocr_line' id='line_1_3' title="bbox 82 628 1756 716; baseline 0.003 -21"><span class='ocrx_word' id='word_1_13' title='bbox 82 639 141 706; x_wconf 88' lang='lat' dir='ltr'><strong>est,</strong></span> <span class='ocrx_word' id='word_1_14' title='bbox 163 631 254 694; x_wconf 91' lang='lat' dir='ltr'><strong>unde</strong></span> <span class='ocrx_word' id='word_1_15' title='bbox 276 632 414 713; x_wconf 81' lang='lat' dir='ltr'><strong>gratiam</strong></span> <span class='ocrx_word' id='word_1_16' title='bbox 439 638 472 692; x_wconf 92' lang='lat' dir='ltr'><strong>et</strong></span> <span class='ocrx_word' id='word_1_17' title='bbox 494 628 640 692; x_wconf 81' lang='lat' dir='ltr'><strong>favorem</strong></span> <span class='ocrx_word' id='word_1_18' title='bbox 664 629 812 692; x_wconf 85' lang='lat' dir='ltr'><strong>altissimi</strong></span> <span class='ocrx_word' id='word_1_19' title='bbox 835 630 931 692; x_wconf 92' lang='lat' dir='ltr'><strong>vobis</strong></span> <span class='ocrx_word' id='word_1_20' title='bbox 955 632 1056 712; x_wconf 90' lang='lat' dir='ltr'><strong>magis</strong></span> <span class='ocrx_word' id='word_1_21' title='bbox 1080 651 1272 713; x_wconf 90' lang='lat' dir='ltr'><strong>comparare</strong></span> <span class='ocrx_word' id='word_1_22' title='bbox 1296 632 1436 714; x_wconf 75' lang='lat' dir='ltr'><strong>possitiS,</strong></span> <span class='ocrx_word' id='word_1_23' title='bbox 1468 655 1565 716; x_wconf 90' lang='lat' dir='ltr'><strong>quam</strong></span> <span class='ocrx_word' id='word_1_24' title='bbox 1598 637 1625 698; x_wconf 95' lang='lat' dir='ltr'><strong>si</strong></span> <span class='ocrx_word' id='word_1_25' title='bbox 1648 656 1756 699; x_wconf 92' lang='lat' dir='ltr'><strong>sacras</strong></span> 
     </span>
     <span class='ocr_line' id='line_1_4' title="bbox 82 718 1756 807; baseline 0.002 -22"><span class='ocrx_word' id='word_1_26' title='bbox 82 723 136 785; x_wconf 94' lang='lat' dir='ltr'><strong>dei</strong></span> <span class='ocrx_word' id='word_1_27' title='bbox 160 719 317 784; x_wconf 90' lang='lat' dir='ltr'><strong>ecclesias</strong></span> <span class='ocrx_word' id='word_1_28' title='bbox 340 728 373 782; x_wconf 94' lang='lat' dir='ltr'><strong>et</strong></span> <span class='ocrx_word' id='word_1_29' title='bbox 396 738 552 801; x_wconf 87' lang='lat' dir='ltr'>personas</span> <span class='ocrx_word' id='word_1_30' title='bbox 576 718 811 782; x_wconf 87' lang='lat' dir='ltr'><strong>ecclesiasticas</strong></span> <span class='ocrx_word' id='word_1_31' title='bbox 833 719 1011 782; x_wconf 85' lang='lat' dir='ltr'><strong>dilexeritis</strong></span> <span class='ocrx_word' id='word_1_32' title='bbox 1034 740 1073 782; x_wconf 90' lang='lat' dir='ltr'><strong>ac</strong></span> <span class='ocrx_word' id='word_1_33' title='bbox 1096 723 1165 783; x_wconf 92' lang='lat' dir='ltr'><strong>iura</strong></span> <span class='ocrx_word' id='word_1_34' title='bbox 1187 741 1245 784; x_wconf 89' lang='lat' dir='ltr'><strong>sua</strong></span> <span class='ocrx_word' id='word_1_35' title='bbox 1268 722 1328 784; x_wconf 92' lang='lat' dir='ltr'><strong>sibi</strong></span> <span class='ocrx_word' id='word_1_36' title='bbox 1354 722 1481 803; x_wconf 87' lang='lat' dir='ltr'><strong>absque</strong></span> <span class='ocrx_word' id='word_1_37' title='bbox 1511 725 1699 807; x_wconf 84' lang='lat' dir='ltr'><strong>gravamine</strong></span> <span class='ocrx_word' id='word_1_38' title='bbox 1723 734 1756 788; x_wconf 93' lang='lat' dir='ltr'><strong>et</strong></span> 
     </span>
     <span class='ocr_line' id='line_1_5' title="bbox 83 807 1757 896; baseline 0.002 -22"><span class='ocrx_word' id='word_1_39' title='bbox 83 809 303 874; x_wconf 85' lang='lat' dir='ltr'><strong>diminutione</strong></span> <span class='ocrx_word' id='word_1_40' title='bbox 334 808 510 883; x_wconf 90' lang='lat' dir='ltr'><strong>solveritis,</strong></span> <span class='ocrx_word' id='word_1_41' title='bbox 542 807 728 872; x_wconf 93' lang='lat' dir='ltr'><strong>discretioni</strong></span> <span class='ocrx_word' id='word_1_42' title='bbox 758 817 865 872; x_wconf 84' lang='lat' dir='ltr'><strong>vestre</strong></span> <span class='ocrx_word' id='word_1_43' title='bbox 896 829 956 891; x_wconf 89' lang='lat' dir='ltr'><strong>per</strong></span> <span class='ocrx_word' id='word_1_44' title='bbox 986 810 1169 891; x_wconf 90' lang='lat' dir='ltr'><strong>apostolica</strong></span> <span class='ocrx_word' id='word_1_45' title='bbox 1200 813 1322 893; x_wconf 89' lang='lat' dir='ltr'><strong>scripta</strong></span> <span class='ocrx_word' id='word_1_46' title='bbox 1356 813 1562 890; x_wconf 90' lang='lat' dir='ltr'><strong>mandamus,</strong></span> <span class='ocrx_word' id='word_1_47' title='bbox 1605 816 1757 896; x_wconf 90' lang='lat' dir='ltr'><strong>quatinus</strong></span> 
     </span>
     <span class='ocr_line' id='line_1_6' title="bbox 83 893 1756 984; baseline 0.004 -22"><span class='ocrx_word' id='word_1_48' title='bbox 83 901 273 984; x_wconf 83' lang='lat' dir='ltr'><strong>pedagium,</strong></span> <span class='ocrx_word' id='word_1_49' title='bbox 296 900 386 978; x_wconf 93' lang='lat' dir='ltr'><strong>quod</strong></span> <span class='ocrx_word' id='word_1_50' title='bbox 432 893 658 982; x_wconf 82' lang='lat' dir='ltr'><strong>.F(ridericus),</strong></span> <span class='ocrx_word' id='word_1_51' title='bbox 689 900 797 961; x_wconf 90' lang='lat' dir='ltr'><strong>dictus</strong></span> <span class='ocrx_word' id='word_1_52' title='bbox 830 899 1016 981; x_wconf 89' lang='lat' dir='ltr'><strong>imperator,</strong></span> <span class='ocrx_word' id='word_1_53' title='bbox 1049 907 1081 962; x_wconf 93' lang='lat' dir='ltr'><strong>et</strong></span> <span class='ocrx_word' id='word_1_54' title='bbox 1104 901 1206 962; x_wconf 93' lang='lat' dir='ltr'><strong>nuntii</strong></span> <span class='ocrx_word' id='word_1_55' title='bbox 1235 902 1303 963; x_wconf 93' lang='lat' dir='ltr'><strong>eius</strong></span> <span class='ocrx_word' id='word_1_56' title='bbox 1327 911 1506 966; x_wconf 89' lang='lat' dir='ltr'><strong>memorate</strong></span> <span class='ocrx_word' id='word_1_57' title='bbox 1529 902 1695 968; x_wconf 85' lang='lat' dir='ltr'><strong>abbatisse</strong></span> <span class='ocrx_word' id='word_1_58' title='bbox 1717 925 1756 968; x_wconf 92' lang='lat' dir='ltr'><strong>ac</strong></span> 
     </span>
     <span class='ocr_line' id='line_1_7' title="bbox 83 985 1755 1076; baseline 0.001 -23"><span class='ocrx_word' id='word_1_59' title='bbox 83 985 310 1076; x_wconf 88' lang='lat' dir='ltr'><strong>mo[nasteri]o</strong></span> <span class='ocrx_word' id='word_1_60' title='bbox 334 1008 394 1050; x_wconf 93' lang='lat' dir='ltr'><strong>suo</strong></span> <span class='ocrx_word' id='word_1_61' title='bbox 416 986 596 1062; x_wconf 85' lang='lat' dir='ltr'><strong>solvebant,</strong></span> <span class='ocrx_word' id='word_1_62' title='bbox 620 986 682 1050; x_wconf 90' lang='lat' dir='ltr'><strong>sibi</strong></span> <span class='ocrx_word' id='word_1_63' title='bbox 706 1009 779 1050; x_wconf 93' lang='lat' dir='ltr'><strong>cum</strong></span> <span class='ocrx_word' id='word_1_64' title='bbox 804 989 989 1069; x_wconf 86' lang='lat' dir='ltr'><strong>integritate</strong></span> <span class='ocrx_word' id='word_1_65' title='bbox 1012 987 1146 1052; x_wconf 91' lang='lat' dir='ltr'><strong>solvatis</strong></span> <span class='ocrx_word' id='word_1_66' title='bbox 1172 1039 1177 1050; x_wconf 94' lang='lat'>.</span> <span class='ocrx_word' id='word_1_67' title='bbox 1203 1036 1209 1051; x_wconf 93' lang='lat'><strong>.</strong></span> <span class='ocrx_word' id='word_1_68' title='bbox 1235 1041 1241 1052; x_wconf 93' lang='lat'>.</span> <span class='ocrx_word' id='word_1_69' title='bbox 1268 1040 1273 1053; x_wconf 94' lang='lat'><em>.</em></span> <span class='ocrx_word' id='word_1_70' title='bbox 1299 992 1332 1052; x_wconf 93' lang='lat' dir='ltr'><strong>in</strong></span> <span class='ocrx_word' id='word_1_71' title='bbox 1357 1041 1362 1054; x_wconf 95' lang='lat'><em>.</em></span> <span class='ocrx_word' id='word_1_72' title='bbox 1387 1039 1393 1051; x_wconf 91' lang='lat'><strong><em>.</em></strong></span> <span class='ocrx_word' id='word_1_73' title='bbox 1420 1040 1425 1053; x_wconf 94' lang='lat'><em>.</em></span> <span class='ocrx_word' id='word_1_74' title='bbox 1450 1039 1456 1053; x_wconf 92' lang='lat'><em>.</em></span> <span class='ocrx_word' id='word_1_75' title='bbox 1482 1013 1497 1054; x_wconf 93' lang='lat' dir='ltr'><strong>s</strong></span> <span class='ocrx_word' id='word_1_76' title='bbox 1522 1039 1755 1057; x_wconf 91' lang='grc'><strong>........</strong></span> 
     </span>
     <span class='ocr_line' id='line_1_8' title="bbox 83 1073 1757 1163; baseline 0.002 -21"><span class='ocrx_word' id='word_1_77' title='bbox 83 1081 151 1143; x_wconf 92' lang='lat' dir='ltr'><strong>dict</strong></span> <span class='ocrx_word' id='word_1_78' title='bbox 176 1128 183 1142; x_wconf 92' lang='lat'>.</span> <span class='ocrx_word' id='word_1_79' title='bbox 208 1126 216 1140; x_wconf 94' lang='lat'><em>.</em></span> <span class='ocrx_word' id='word_1_80' title='bbox 240 1126 247 1139; x_wconf 93' lang='lat'>.</span> <span class='ocrx_word' id='word_1_81' title='bbox 271 1127 278 1139; x_wconf 91' lang='lat'>.</span> <span class='ocrx_word' id='word_1_82' title='bbox 303 1079 346 1140; x_wconf 93' lang='lat' dir='ltr'><strong>ud</strong></span> <span class='ocrx_word' id='word_1_83' title='bbox 371 1125 378 1139; x_wconf 92' lang='lat'><strong>.</strong></span> <span class='ocrx_word' id='word_1_84' title='bbox 402 1125 408 1139; x_wconf 93' lang='lat'>.</span> <span class='ocrx_word' id='word_1_85' title='bbox 434 1096 489 1139; x_wconf 93' lang='lat' dir='ltr'><strong>um</strong></span> <span class='ocrx_word' id='word_1_86' title='bbox 512 1077 637 1139; x_wconf 79' lang='lat' dir='ltr'><strong>faciatis</strong></span> <span class='ocrx_word' id='word_1_87' title='bbox 661 1079 692 1139; x_wconf 95' lang='lat' dir='ltr'><strong>in</strong></span> <span class='ocrx_word' id='word_1_88' title='bbox 709 1085 831 1139; x_wconf 90' lang='lat' dir='ltr'><strong>statuto</strong></span> <span class='ocrx_word' id='word_1_89' title='bbox 847 1073 1022 1162; x_wconf 86' lang='lat' dir='ltr'><strong>ter[min]o,</strong></span> <span class='ocrx_word' id='word_1_90' title='bbox 1046 1079 1136 1157; x_wconf 92' lang='lat' dir='ltr'><strong>quod</strong></span> <span class='ocrx_word' id='word_1_91' title='bbox 1152 1080 1234 1142; x_wconf 94' lang='lat' dir='ltr'><strong>ratio</strong></span> <span class='ocrx_word' id='word_1_92' title='bbox 1255 1079 1399 1162; x_wconf 90' lang='lat' dir='ltr'><strong>postulat</strong></span> <span class='ocrx_word' id='word_1_93' title='bbox 1415 1082 1575 1163; x_wconf 89' lang='lat' dir='ltr'><strong>equitatis.</strong></span> <span class='ocrx_word' id='word_1_94' title='bbox 1615 1081 1671 1144; x_wconf 94' lang='lat' dir='ltr'><strong>Ad</strong></span> <span class='ocrx_word' id='word_1_95' title='bbox 1694 1080 1757 1146; x_wconf 92' lang='lat' dir='ltr'><strong>hec</strong></span> 
     </span>
     <span class='ocr_line' id='line_1_9' title="bbox 83 1165 1757 1252; baseline 0.002 -20"><span class='ocrx_word' id='word_1_96' title='bbox 83 1169 255 1234; x_wconf 90' lang='lat' dir='ltr'><strong>devotioni</strong></span> <span class='ocrx_word' id='word_1_97' title='bbox 285 1174 394 1230; x_wconf 89' lang='lat' dir='ltr'><strong>vestre</strong></span> <span class='ocrx_word' id='word_1_98' title='bbox 424 1174 537 1229; x_wconf 93' lang='lat' dir='ltr'><strong>notum</strong></span> <span class='ocrx_word' id='word_1_99' title='bbox 568 1166 637 1229; x_wconf 88' lang='lat' dir='ltr'><strong>fieri</strong></span> <span class='ocrx_word' id='word_1_100' title='bbox 660 1167 820 1243; x_wconf 93' lang='lat' dir='ltr'><strong>volumus,</strong></span> <span class='ocrx_word' id='word_1_101' title='bbox 851 1167 940 1246; x_wconf 94' lang='lat' dir='ltr'><strong>quod</strong></span> <span class='ocrx_word' id='word_1_102' title='bbox 971 1165 1047 1229; x_wconf 91' lang='lat' dir='ltr'><strong>licet</strong></span> <span class='ocrx_word' id='word_1_103' title='bbox 1077 1188 1192 1250; x_wconf 90' lang='lat' dir='ltr'><strong>preces</strong></span> <span class='ocrx_word' id='word_1_104' title='bbox 1224 1177 1257 1232; x_wconf 90' lang='lat' dir='ltr'><strong>et</strong></span> <span class='ocrx_word' id='word_1_105' title='bbox 1290 1170 1462 1252; x_wconf 90' lang='lat' dir='ltr'><strong>petitiones</strong></span> <span class='ocrx_word' id='word_1_106' title='bbox 1488 1181 1612 1234; x_wconf 90' lang='lat' dir='ltr'><strong>vestras</strong></span> <span class='ocrx_word' id='word_1_107' title='bbox 1645 1173 1757 1236; x_wconf 91' lang='lat' dir='ltr'><strong>libenti</strong></span> 
     </span>
     <span class='ocr_line' id='line_1_10' title="bbox 83 1256 1758 1343; baseline 0.002 -22"><span class='ocrx_word' id='word_1_108' title='bbox 83 1262 195 1322; x_wconf 91' lang='lat' dir='ltr'><strong>animo</strong></span> <span class='ocrx_word' id='word_1_109' title='bbox 224 1257 361 1322; x_wconf 89' lang='lat' dir='ltr'><strong>velimus</strong></span> <span class='ocrx_word' id='word_1_110' title='bbox 393 1257 575 1330; x_wconf 89' lang='lat' dir='ltr'><strong>admittere,</strong></span> <span class='ocrx_word' id='word_1_111' title='bbox 605 1256 688 1318; x_wconf 92' lang='lat' dir='ltr'><strong>sicut</strong></span> <span class='ocrx_word' id='word_1_112' title='bbox 717 1276 840 1332; x_wconf 90' lang='lat' dir='ltr'><strong>eorum,</strong></span> <span class='ocrx_word' id='word_1_113' title='bbox 872 1275 955 1337; x_wconf 92' lang='lat' dir='ltr'><strong>quos</strong></span> <span class='ocrx_word' id='word_1_114' title='bbox 977 1256 1099 1319; x_wconf 90' lang='lat' dir='ltr'><strong>sincere</strong></span> <span class='ocrx_word' id='word_1_115' title='bbox 1123 1259 1266 1321; x_wconf 88' lang='lat' dir='ltr'><strong>caritatis</strong></span> <span class='ocrx_word' id='word_1_116' title='bbox 1299 1259 1439 1322; x_wconf 90' lang='lat' dir='ltr'><strong>brachiis</strong></span> <span class='ocrx_word' id='word_1_117' title='bbox 1469 1261 1695 1343; x_wconf 88' lang='lat' dir='ltr'><strong>amplexamur</strong></span> <span class='ocrx_word' id='word_1_118' title='bbox 1725 1272 1758 1326; x_wconf 91' lang='lat' dir='ltr'><strong>et</strong></span> 
     </span>
     <span class='ocr_line' id='line_1_11' title="bbox 82 1341 1757 1432; baseline 0.003 -22"><span class='ocrx_word' id='word_1_119' title='bbox 82 1351 169 1412; x_wconf 91' lang='lat' dir='ltr'><strong>sicut</strong></span> <span class='ocrx_word' id='word_1_120' title='bbox 192 1349 248 1428; x_wconf 94' lang='lat' dir='ltr'><strong>qui</strong></span> <span class='ocrx_word' id='word_1_121' title='bbox 268 1343 295 1429; x_wconf 74' lang='lat'><strong>²)</strong></span> <span class='ocrx_word' id='word_1_122' title='bbox 319 1341 501 1432; x_wconf 72' lang='lat' dir='ltr'><strong>[honorlem</strong></span> <span class='ocrx_word' id='word_1_123' title='bbox 526 1353 559 1407; x_wconf 90' lang='lat' dir='ltr'><strong>et</strong></span> <span class='ocrx_word' id='word_1_124' title='bbox 583 1345 817 1408; x_wconf 85' lang='lat' dir='ltr'><strong>exaltationem</strong></span> <span class='ocrx_word' id='word_1_125' title='bbox 842 1346 979 1408; x_wconf 90' lang='lat' dir='ltr'><strong>civitatis</strong></span> <span class='ocrx_word' id='word_1_126' title='bbox 1002 1355 1109 1410; x_wconf 90' lang='lat' dir='ltr'><strong>vestre</strong></span> <span class='ocrx_word' id='word_1_127' title='bbox 1133 1349 1331 1410; x_wconf 92' lang='lat' dir='ltr'><strong>omnimodis</strong></span> <span class='ocrx_word' id='word_1_128' title='bbox 1355 1349 1553 1424; x_wconf 83' lang='lat' dir='ltr'><strong>affectamus,</strong></span> <span class='ocrx_word' id='word_1_129' title='bbox 1577 1370 1632 1414; x_wconf 90' lang='lat' dir='ltr'><strong>eas</strong></span> <span class='ocrx_word' id='word_1_130' title='bbox 1648 1360 1757 1415; x_wconf 91' lang='lat' dir='ltr'><strong>tamen</strong></span> 
     </span>
     <span class='ocr_line' id='line_1_12' title="bbox 84 1435 1758 1519; baseline 0.003 -19"><span class='ocrx_word' id='word_1_131' title='bbox 84 1441 117 1500; x_wconf 91' lang='lat' dir='ltr'><strong>in</strong></span> <span class='ocrx_word' id='word_1_132' title='bbox 140 1436 205 1500; x_wconf 89' lang='lat' dir='ltr'><strong>hac</strong></span> <span class='ocrx_word' id='word_1_133' title='bbox 228 1444 322 1519; x_wconf 82' lang='lat' dir='ltr'><strong>parte</strong></span> <span class='ocrx_word' id='word_1_134' title='bbox 345 1437 436 1498; x_wconf 90' lang='lat' dir='ltr'><strong>iuxta</strong></span> <span class='ocrx_word' id='word_1_135' title='bbox 458 1442 570 1497; x_wconf 93' lang='lat' dir='ltr'><strong>votum</strong></span> <span class='ocrx_word' id='word_1_136' title='bbox 594 1443 737 1497; x_wconf 91' lang='lat' dir='ltr'><strong>vestrum</strong></span> <span class='ocrx_word' id='word_1_137' title='bbox 761 1435 935 1498; x_wconf 90' lang='lat' dir='ltr'><strong>admittere</strong></span> <span class='ocrx_word' id='word_1_138' title='bbox 958 1455 1022 1497; x_wconf 93' lang='lat' dir='ltr'><strong>non</strong></span> <span class='ocrx_word' id='word_1_139' title='bbox 1046 1437 1219 1518; x_wconf 92' lang='lat' dir='ltr'><strong>potuimus,</strong></span> <span class='ocrx_word' id='word_1_140' title='bbox 1243 1447 1279 1499; x_wconf 89' lang='lat' dir='ltr'><strong>ut</strong></span> <span class='ocrx_word' id='word_1_141' title='bbox 1300 1438 1452 1501; x_wconf 89' lang='lat' dir='ltr'><strong>videlicet</strong></span> <span class='ocrx_word' id='word_1_142' title='bbox 1496 1438 1557 1502; x_wconf 91' lang='lat' dir='ltr'><strong>.W.</strong></span> <span class='ocrx_word' id='word_1_143' title='bbox 1582 1449 1616 1502; x_wconf 91' lang='lat' dir='ltr'><strong>et</strong></span> <span class='ocrx_word' id='word_1_144' title='bbox 1638 1439 1691 1503; x_wconf 92' lang='lat' dir='ltr'><strong>Er.</strong></span> <span class='ocrx_word' id='word_1_145' title='bbox 1715 1443 1758 1505; x_wconf 91' lang='lat' dir='ltr'><strong>de</strong></span> 
     </span>
     <span class='ocr_line' id='line_1_13' title="bbox 84 1523 1758 1613; baseline 0.001 -22"><span class='ocrx_word' id='word_1_146' title='bbox 84 1529 186 1591; x_wconf 89' lang='lat' dir='ltr'><strong>Porta</strong></span> <span class='ocrx_word' id='word_1_147' title='bbox 203 1525 241 1613; x_wconf 87' lang='lat' dir='ltr'><strong>b),</strong></span> <span class='ocrx_word' id='word_1_148' title='bbox 277 1546 342 1588; x_wconf 92' lang='lat' dir='ltr'><strong>non</strong></span> <span class='ocrx_word' id='word_1_149' title='bbox 374 1523 519 1587; x_wconf 89' lang='lat' dir='ltr'><strong>exhibita</strong></span> <span class='ocrx_word' id='word_1_150' title='bbox 551 1524 645 1587; x_wconf 93' lang='lat' dir='ltr'><strong>nobis</strong></span> <span class='ocrx_word' id='word_1_151' title='bbox 675 1525 836 1606; x_wconf 89' lang='lat' dir='ltr'><strong>corporali</strong></span> <span class='ocrx_word' id='word_1_152' title='bbox 869 1525 1045 1607; x_wconf 89' lang='lat' dir='ltr'><strong>presentia,</strong></span> <span class='ocrx_word' id='word_1_153' title='bbox 1077 1526 1247 1588; x_wconf 90' lang='lat' dir='ltr'><strong>avinculo</strong></span> <span class='ocrx_word' id='word_1_154' title='bbox 1271 1527 1482 1591; x_wconf 88' lang='lat' dir='ltr'><strong>anathematis</strong></span> <span class='ocrx_word' id='word_1_155' title='bbox 1505 1528 1758 1606; x_wconf 86' lang='lat' dir='ltr'><strong>absolveremus,</strong></span> 
     </span>
     <span class='ocr_line' id='line_1_14' title="bbox 84 1611 1758 1699; baseline 0.002 -20"><span class='ocrx_word' id='word_1_156' title='bbox 84 1619 141 1698; x_wconf 93' lang='lat' dir='ltr'><strong>qui</strong></span> <span class='ocrx_word' id='word_1_157' title='bbox 176 1619 208 1678; x_wconf 94' lang='lat' dir='ltr'><strong>in</strong></span> <span class='ocrx_word' id='word_1_158' title='bbox 240 1616 396 1679; x_wconf 93' lang='lat' dir='ltr'><strong>dilectum</strong></span> <span class='ocrx_word' id='word_1_159' title='bbox 428 1612 543 1687; x_wconf 84' lang='lat' dir='ltr'><strong>filium,</strong></span> <span class='ocrx_word' id='word_1_160' title='bbox 575 1615 766 1696; x_wconf 90' lang='lat' dir='ltr'><strong>magistrum</strong></span> <span class='ocrx_word' id='word_1_161' title='bbox 818 1611 992 1699; x_wconf 66' lang='lat' dir='ltr'><strong>Plenum),</strong></span> <span class='ocrx_word' id='word_1_162' title='bbox 1024 1614 1261 1678; x_wconf 88' lang='lat' dir='ltr'><strong>subdiaconum</strong></span> <span class='ocrx_word' id='word_1_163' title='bbox 1293 1625 1455 1693; x_wconf 91' lang='lat' dir='ltr'><strong>nostrum,</strong></span> <span class='ocrx_word' id='word_1_164' title='bbox 1488 1619 1625 1682; x_wconf 90' lang='lat' dir='ltr'><strong>ecclesie</strong></span> <span class='ocrx_word' id='word_1_165' title='bbox 1655 1622 1758 1683; x_wconf 90' lang='lat' dir='ltr'><strong>sancti</strong></span> 
     </span>
     <span class='ocr_line' id='line_1_15' title="bbox 83 1699 1758 1788; baseline 0.002 -19"><span class='ocrx_word' id='word_1_166' title='bbox 83 1707 250 1770; x_wconf 86' lang='lat' dir='ltr'><strong>Antonini</strong></span> <span class='ocrx_word' id='word_1_167' title='bbox 281 1703 488 1778; x_wconf 90' lang='lat' dir='ltr'><strong>canonicum,</strong></span> <span class='ocrx_word' id='word_1_168' title='bbox 524 1723 603 1766; x_wconf 91' lang='lat' dir='ltr'><strong>ausu</strong></span> <span class='ocrx_word' id='word_1_169' title='bbox 634 1699 819 1788; x_wconf 71' lang='lat' dir='ltr'><strong>sacrillego]</strong></span> <span class='ocrx_word' id='word_1_170' title='bbox 849 1703 1006 1766; x_wconf 90' lang='lat' dir='ltr'><strong>violentas</strong></span> <span class='ocrx_word' id='word_1_171' title='bbox 1038 1724 1152 1767; x_wconf 86' lang='lat' dir='ltr'><strong>manus</strong></span> <span class='ocrx_word' id='word_1_172' title='bbox 1183 1707 1361 1769; x_wconf 90' lang='lat' dir='ltr'><strong>iniecerunt</strong></span> <span class='ocrx_word' id='word_1_173' title='bbox 1391 1719 1424 1770; x_wconf 88' lang='lat' dir='ltr'><strong>et</strong></span> <span class='ocrx_word' id='word_1_174' title='bbox 1453 1727 1527 1770; x_wconf 91' lang='lat' dir='ltr'><strong>eum</strong></span> <span class='ocrx_word' id='word_1_175' title='bbox 1558 1708 1758 1772; x_wconf 93' lang='lat' dir='ltr'><strong>vulnerando</strong></span> 
     </span>
     <span class='ocr_line' id='line_1_16' title="bbox 84 1792 1758 1875; baseline 0.002 -17"><span class='ocrx_word' id='word_1_176' title='bbox 84 1794 319 1859; x_wconf 89' lang='lat' dir='ltr'><strong>incarcerando</strong></span> <span class='ocrx_word' id='word_1_177' title='bbox 344 1840 542 1856; x_wconf 92' lang='grc'>.......</span> <span class='ocrx_word' id='word_1_178' title='bbox 566 1813 581 1855; x_wconf 96' lang='lat' dir='ltr'><strong>s</strong></span> <span class='ocrx_word' id='word_1_179' title='bbox 607 1841 771 1856; x_wconf 93' lang='grc'><strong>......</strong></span> <span class='ocrx_word' id='word_1_180' title='bbox 797 1795 818 1854; x_wconf 93' lang='lat' dir='ltr'><strong>d</strong></span> <span class='ocrx_word' id='word_1_181' title='bbox 843 1841 976 1856; x_wconf 92' lang='grc'><strong>.....</strong></span> <span class='ocrx_word' id='word_1_182' title='bbox 999 1795 1110 1875; x_wconf 88' lang='lat' dir='ltr'><strong>pando</strong></span> <span class='ocrx_word' id='word_1_183' title='bbox 1142 1792 1313 1858; x_wconf 90' lang='lat' dir='ltr'><strong>inhoneste</strong></span> <span class='ocrx_word' id='word_1_184' title='bbox 1340 1803 1526 1860; x_wconf 89' lang='lat' dir='ltr'><strong>tractarunt.</strong></span> <span class='ocrx_word' id='word_1_185' title='bbox 1572 1797 1649 1860; x_wconf 95' lang='lat' dir='ltr'><strong>Non</strong></span> <span class='ocrx_word' id='word_1_186' title='bbox 1672 1801 1758 1861; x_wconf 91' lang='lat' dir='ltr'><strong>enirn</strong></span> 
     </span>
     <span class='ocr_line' id='line_1_17' title="bbox 84 1879 1757 1971; baseline 0.001 -22"><span class='ocrx_word' id='word_1_187' title='bbox 84 1881 198 1971; x_wconf 75' lang='lat' dir='ltr'><strong>dlecet</strong></span> <span class='ocrx_word' id='word_1_188' title='bbox 229 1879 383 1970; x_wconf 78' lang='lat' dir='ltr'><strong>oanino,</strong></span> <span class='ocrx_word' id='word_1_189' title='bbox 414 1884 441 1944; x_wconf 95' lang='lat' dir='ltr'><strong>si</strong></span> <span class='ocrx_word' id='word_1_190' title='bbox 477 1881 658 1964; x_wconf 92' lang='lat' dir='ltr'><strong>quemlibet</strong></span> <span class='ocrx_word' id='word_1_191' title='bbox 690 1881 841 1944; x_wconf 88' lang='lat' dir='ltr'><strong>clericum</strong></span> <span class='ocrx_word' id='word_1_192' title='bbox 873 1885 972 1946; x_wconf 90' lang='lat' dir='ltr'><strong>etiam</strong></span> <span class='ocrx_word' id='word_1_193' title='bbox 1005 1885 1037 1945; x_wconf 94' lang='lat' dir='ltr'><strong>in</strong></span> <span class='ocrx_word' id='word_1_194' title='bbox 1068 1883 1196 1947; x_wconf 88' lang='lat' dir='ltr'><strong>maxilla</strong></span> <span class='ocrx_word' id='word_1_195' title='bbox 1227 1887 1423 1966; x_wconf 88' lang='lat' dir='ltr'><strong>percusserit</strong></span> <span class='ocrx_word' id='word_1_196' title='bbox 1453 1887 1593 1963; x_wconf 92' lang='lat' dir='ltr'><strong>absolvi,</strong></span> <span class='ocrx_word' id='word_1_197' title='bbox 1624 1891 1685 1951; x_wconf 89' lang='lat' dir='ltr'><strong>nisi</strong></span> <span class='ocrx_word' id='word_1_198' title='bbox 1716 1889 1757 1951; x_wconf 94' lang='lat' dir='ltr'><strong>ad</strong></span> 
     </span>
     <span class='ocr_line' id='line_1_18' title="bbox 84 1969 1759 2062; baseline 0.003 -25"><span class='ocrx_word' id='word_1_199' title='bbox 84 1976 285 2058; x_wconf 90' lang='lat' dir='ltr'><strong>presentiam</strong></span> <span class='ocrx_word' id='word_1_200' title='bbox 318 1973 457 2036; x_wconf 91' lang='lat' dir='ltr'><strong>Romani</strong></span> <span class='ocrx_word' id='word_1_201' title='bbox 490 1972 655 2054; x_wconf 87' lang='lat' dir='ltr'><strong>pontificis</strong></span> <span class='ocrx_word' id='word_1_202' title='bbox 685 1974 874 2048; x_wconf 88' lang='lat' dir='ltr'><strong>accesserit,</strong></span> <span class='ocrx_word' id='word_1_203' title='bbox 911 1973 937 2034; x_wconf 94' lang='lat' dir='ltr'><strong>si</strong></span> <span class='ocrx_word' id='word_1_204' title='bbox 965 1991 1001 2034; x_wconf 91' lang='lat' dir='ltr'><strong>se</strong></span> <span class='ocrx_word' id='word_1_205' title='bbox 1031 1971 1113 2035; x_wconf 94' lang='lat' dir='ltr'><strong>illius</strong></span> <span class='ocrx_word' id='word_1_206' title='bbox 1143 1969 1301 2058; x_wconf 72' lang='lat' dir='ltr'><strong>poltuerit</strong></span> <span class='ocrx_word' id='word_1_207' title='bbox 1331 1973 1532 2062; x_wconf 72' lang='lat' dir='ltr'><strong>conlspectui</strong></span> <span class='ocrx_word' id='word_1_208' title='bbox 1563 1987 1759 2060; x_wconf 90' lang='lat' dir='ltr'><strong>presentare,</strong></span> 
     </span>
     <span class='ocr_line' id='line_1_19' title="bbox 84 2060 1761 2142; baseline 0.001 -14"><span class='ocrx_word' id='word_1_209' title='bbox 84 2065 209 2130; x_wconf 90' lang='lat' dir='ltr'><strong>nedum</strong></span> <span class='ocrx_word' id='word_1_210' title='bbox 225 2063 307 2137; x_wconf 92' lang='lat' dir='ltr'><strong>illos,</strong></span> <span class='ocrx_word' id='word_1_211' title='bbox 330 2064 386 2142; x_wconf 94' lang='lat' dir='ltr'><strong>qui</strong></span> <span class='ocrx_word' id='word_1_212' title='bbox 401 2060 638 2126; x_wconf 91' lang='lat' dir='ltr'><strong>subdiaconum</strong></span> <span class='ocrx_word' id='word_1_213' title='bbox 662 2069 816 2137; x_wconf 92' lang='lat' dir='ltr'><strong>nostrum,</strong></span> <span class='ocrx_word' id='word_1_214' title='bbox 840 2069 930 2124; x_wconf 89' lang='lat' dir='ltr'><strong>tante</strong></span> <span class='ocrx_word' id='word_1_215' title='bbox 953 2061 1087 2125; x_wconf 88' lang='lat' dir='ltr'><strong>ecclesie</strong></span> <span class='ocrx_word' id='word_1_216' title='bbox 1111 2065 1314 2139; x_wconf 91' lang='lat' dir='ltr'><strong>canonicum,</strong></span> <span class='ocrx_word' id='word_1_217' title='bbox 1338 2066 1381 2126; x_wconf 91' lang='lat' dir='ltr'><strong>ita</strong></span> <span class='ocrx_word' id='word_1_218' title='bbox 1402 2065 1508 2128; x_wconf 92' lang='lat' dir='ltr'><strong>viliter</strong></span> <span class='ocrx_word' id='word_1_219' title='bbox 1530 2075 1565 2128; x_wconf 91' lang='lat' dir='ltr'><strong>et</strong></span> <span class='ocrx_word' id='word_1_220' title='bbox 1587 2066 1761 2131; x_wconf 92' lang='lat' dir='ltr'><strong>inhoneste</strong></span> 
     </span>
     <span class='ocr_line' id='line_1_20' title="bbox 82 2148 1760 2242; baseline 0.001 -24"><span class='ocrx_word' id='word_1_221' title='bbox 82 2162 227 2218; x_wconf 87' lang='lat' dir='ltr'><strong>tractare</strong></span> <span class='ocrx_word' id='word_1_222' title='bbox 243 2148 545 2237; x_wconf 87' lang='lat' dir='ltr'><strong>pre[sum]psemnt.</strong></span> <span class='ocrx_word' id='word_1_223' title='bbox 582 2152 806 2216; x_wconf 90' lang='lat' dir='ltr'><strong>Veruntamen</strong></span> <span class='ocrx_word' id='word_1_224' title='bbox 821 2153 938 2215; x_wconf 91' lang='lat' dir='ltr'><strong>vestris</strong></span> <span class='ocrx_word' id='word_1_225' title='bbox 953 2152 1106 2233; x_wconf 89' lang='lat' dir='ltr'><strong>precibus</strong></span> <span class='ocrx_word' id='word_1_226' title='bbox 1126 2152 1267 2216; x_wconf 90' lang='lat' dir='ltr'><strong>inclinati</strong></span> <span class='ocrx_word' id='word_1_227' title='bbox 1281 2155 1457 2217; x_wconf 91' lang='lat' dir='ltr'><strong>venerabili</strong></span> <span class='ocrx_word' id='word_1_228' title='bbox 1481 2155 1570 2218; x_wconf 81' lang='lat' dir='ltr'><strong>fratri</strong></span> <span class='ocrx_word' id='word_1_229' title='bbox 1585 2153 1760 2242; x_wconf 84' lang='lat' dir='ltr'><strong>G(aldino),</strong></span> 
     </span>
     <span class='ocr_line' id='line_1_21' title="bbox 85 2239 1759 2330; baseline 0.001 -23"><span class='ocrx_word' id='word_1_230' title='bbox 85 2243 326 2308; x_wconf 89' lang='lat' dir='ltr'><strong>Mediolanensi</strong></span> <span class='ocrx_word' id='word_1_231' title='bbox 348 2240 609 2324; x_wconf 88' lang='lat' dir='ltr'><strong>archiepiscopo,</strong></span> <span class='ocrx_word' id='word_1_232' title='bbox 640 2242 822 2322; x_wconf 89' lang='lat' dir='ltr'><strong>apostolice</strong></span> <span class='ocrx_word' id='word_1_233' title='bbox 845 2242 932 2304; x_wconf 88' lang='lat' dir='ltr'><strong>sedis</strong></span> <span class='ocrx_word' id='word_1_234' title='bbox 956 2240 1074 2322; x_wconf 92' lang='lat' dir='ltr'><strong>legato,</strong></span> <span class='ocrx_word' id='word_1_235' title='bbox 1098 2242 1250 2304; x_wconf 90' lang='lat' dir='ltr'><strong>dedimus</strong></span> <span class='ocrx_word' id='word_1_236' title='bbox 1273 2245 1305 2305; x_wconf 93' lang='lat' dir='ltr'><strong>in</strong></span> <span class='ocrx_word' id='word_1_237' title='bbox 1334 2239 1527 2330; x_wconf 70' lang='lat' dir='ltr'><strong>mandlatis],</strong></span> <span class='ocrx_word' id='word_1_238' title='bbox 1560 2254 1595 2307; x_wconf 91' lang='lat' dir='ltr'><strong>ut</strong></span> <span class='ocrx_word' id='word_1_239' title='bbox 1618 2248 1759 2309; x_wconf 87' lang='lat' dir='ltr'><strong>eundem</strong></span> 
     </span>
     <span class='ocr_line' id='line_1_22' title="bbox 85 2329 1759 2418; baseline 0.001 -22"><span class='ocrx_word' id='word_1_240' title='bbox 85 2333 139 2396; x_wconf 90' lang='lat' dir='ltr'><strong>W.</strong></span> <span class='ocrx_word' id='word_1_241' title='bbox 161 2331 196 2417; x_wconf 88' lang='lat' dir='ltr'><strong>c),</strong></span> <span class='ocrx_word' id='word_1_242' title='bbox 220 2335 247 2396; x_wconf 93' lang='lat' dir='ltr'><strong>si</strong></span> <span class='ocrx_word' id='word_1_243' title='bbox 271 2333 314 2394; x_wconf 90' lang='lat' dir='ltr'><strong>ita</strong></span> <span class='ocrx_word' id='word_1_244' title='bbox 338 2330 507 2406; x_wconf 90' lang='lat' dir='ltr'><strong>claudicat,</strong></span> <span class='ocrx_word' id='word_1_245' title='bbox 538 2332 627 2411; x_wconf 93' lang='lat' dir='ltr'><strong>quod</strong></span> <span class='ocrx_word' id='word_1_246' title='bbox 653 2339 765 2393; x_wconf 91' lang='lat' dir='ltr'><strong>nostro</strong></span> <span class='ocrx_word' id='word_1_247' title='bbox 792 2351 828 2394; x_wconf 91' lang='lat' dir='ltr'><strong>se</strong></span> <span class='ocrx_word' id='word_1_248' title='bbox 851 2331 1042 2412; x_wconf 91' lang='lat' dir='ltr'><strong>conspectui</strong></span> <span class='ocrx_word' id='word_1_249' title='bbox 1066 2339 1254 2414; x_wconf 89' lang='lat' dir='ltr'><strong>presentare</strong></span> <span class='ocrx_word' id='word_1_250' title='bbox 1275 2329 1280 2417; x_wconf 85' lang='grc' dir='ltr'>Ι</span> <span class='ocrx_word' id='word_1_251' title='bbox 1302 2329 1390 2418; x_wconf 82' lang='lat' dir='ltr'><strong>[non]</strong></span> <span class='ocrx_word' id='word_1_252' title='bbox 1414 2336 1526 2415; x_wconf 93' lang='lat' dir='ltr'><strong>possit,</strong></span> <span class='ocrx_word' id='word_1_253' title='bbox 1557 2344 1693 2416; x_wconf 89' lang='lat' dir='ltr'><strong>recepto</strong></span> <span class='ocrx_word' id='word_1_254' title='bbox 1717 2334 1759 2398; x_wconf 92' lang='lat' dir='ltr'><strong>ab</strong></span> 
     </span>
     <span class='ocr_line' id='line_1_23' title="bbox 84 2415 1760 2507; baseline 0 -21"><span class='ocrx_word' id='word_1_255' title='bbox 84 2443 126 2486; x_wconf 92' lang='lat' dir='ltr'><strong>eo</strong></span> <span class='ocrx_word' id='word_1_256' title='bbox 150 2424 343 2496; x_wconf 91' lang='lat' dir='ltr'><strong>iuramento,</strong></span> <span class='ocrx_word' id='word_1_257' title='bbox 366 2422 544 2483; x_wconf 92' lang='lat' dir='ltr'><strong>secundum</strong></span> <span class='ocrx_word' id='word_1_258' title='bbox 569 2420 706 2484; x_wconf 81' lang='lat' dir='ltr'><strong>formam</strong></span> <span class='ocrx_word' id='word_1_259' title='bbox 732 2421 869 2484; x_wconf 92' lang='lat' dir='ltr'><strong>ecclesie</strong></span> <span class='ocrx_word' id='word_1_260' title='bbox 888 2417 917 2505; x_wconf 82' lang='lat' dir='ltr'><strong>d)</strong></span> <span class='ocrx_word' id='word_1_261' title='bbox 941 2415 971 2504; x_wconf 82' lang='lat' dir='ltr'><strong>[a</strong></span> <span class='ocrx_word' id='word_1_262' title='bbox 995 2416 1138 2507; x_wconf 73' lang='lat' dir='ltr'><strong>vilnculo</strong></span> <span class='ocrx_word' id='word_1_263' title='bbox 1163 2423 1512 2486; x_wconf 90' lang='lat' dir='ltr'><strong>excommunicationis</strong></span> <span class='ocrx_word' id='word_1_264' title='bbox 1535 2423 1694 2486; x_wconf 92' lang='lat' dir='ltr'><strong>absolvat.</strong></span> <span class='ocrx_word' id='word_1_265' title='bbox 1716 2461 1760 2472; x_wconf 89' lang='lat'><em>-</em></span> 
     </span>
     <span class='ocr_line' id='line_1_24' title="bbox 84 2508 698 2594; baseline -0.007 -18"><span class='ocrx_word' id='word_1_266' title='bbox 84 2513 162 2576; x_wconf 82' lang='lat' dir='ltr'><strong>Dat</strong></span> <span class='ocrx_word' id='word_1_267' title='bbox 187 2511 350 2594; x_wconf 88' lang='lat' dir='ltr'><strong>Anagnie,</strong></span> <span class='ocrx_word' id='word_1_268' title='bbox 374 2523 435 2573; x_wconf 80' lang='lat' dir='ltr'><strong>XVI</strong></span> <span class='ocrx_word' id='word_1_269' title='bbox 457 2509 512 2572; x_wconf 92' lang='lat' dir='ltr'><strong>Kl.</strong></span> <span class='ocrx_word' id='word_1_270' title='bbox 536 2508 698 2574; x_wconf 92' lang='lat' dir='ltr'><strong>Novemb.</strong></span> 
     </span>
    </p>
   </div>
   <div class='ocr_carea' id='block_1_3' title="bbox 85 2623 1762 2836">
    <p class='ocr_par' dir='ltr' id='par_1_3' title="bbox 85 2623 1762 2836">
     <span class='ocr_line' id='line_1_25' title="bbox 252 2623 1049 2688; baseline -0.005 -12"><span class='ocrx_word' id='word_1_271' title='bbox 252 2627 295 2678; x_wconf 92' lang='lat' dir='ltr'><strong>Or.</strong></span> <span class='ocrx_word' id='word_1_272' title='bbox 314 2626 347 2675; x_wconf 84' lang='lat' dir='ltr'><strong>im</strong></span> <span class='ocrx_word' id='word_1_273' title='bbox 364 2625 478 2676; x_wconf 81' lang='lat' dir='ltr'><strong>Arckr&#39;vio</strong></span> <span class='ocrx_word' id='word_1_274' title='bbox 499 2625 634 2688; x_wconf 78' lang='lat' dir='ltr'><strong>Capitolare</strong></span> <span class='ocrx_word' id='word_1_275' title='bbox 651 2625 678 2674; x_wconf 84' lang='lat' dir='ltr'><strong>di</strong></span> <span class='ocrx_word' id='word_1_276' title='bbox 693 2625 719 2674; x_wconf 87' lang='lat' dir='ltr'><strong>S.</strong></span> <span class='ocrx_word' id='word_1_277' title='bbox 738 2625 859 2675; x_wconf 79' lang='lat' dir='ltr'><strong>Antonino</strong></span> <span class='ocrx_word' id='word_1_278' title='bbox 876 2641 906 2673; x_wconf 76' lang='lat' dir='ltr'><strong>ru</strong></span> <span class='ocrx_word' id='word_1_279' title='bbox 926 2623 1049 2674; x_wconf 73' lang='lat' dir='ltr'><strong>Hermia.</strong></span> 
     </span>
     <span class='ocr_line' id='line_1_26' title="bbox 250 2697 1762 2764; baseline 0.001 -16"><span class='ocrx_word' id='word_1_280' title='bbox 250 2699 320 2764; x_wconf 76' lang='lat' dir='ltr'><strong>Pcrg.</strong></span> <span class='ocrx_word' id='word_1_281' title='bbox 338 2698 397 2757; x_wconf 71' lang='lat' dir='ltr'><strong>irat,</strong></span> <span class='ocrx_word' id='word_1_282' title='bbox 416 2699 451 2746; x_wconf 79' lang='lat' dir='ltr'><strong>br.</strong></span> <span class='ocrx_word' id='word_1_283' title='bbox 471 2699 556 2757; x_wconf 56' lang='lat'><strong>0243,</strong></span> <span class='ocrx_word' id='word_1_284' title='bbox 576 2698 637 2763; x_wconf 78' lang='lat' dir='ltr'><strong>lang</strong></span> <span class='ocrx_word' id='word_1_285' title='bbox 652 2699 720 2757; x_wconf 74' lang='lat'><strong>0,24,</strong></span> <span class='ocrx_word' id='word_1_286' title='bbox 740 2705 813 2748; x_wconf 69' lang='lat' dir='ltr'><strong>maten</strong></span> <span class='ocrx_word' id='word_1_287' title='bbox 823 2699 902 2756; x_wconf 81' lang='lat'><strong>0,018</strong></span> <span class='ocrx_word' id='word_1_288' title='bbox 921 2699 1110 2762; x_wconf 73' lang='lat' dir='ltr'><strong>umgesctlagen,</strong></span> <span class='ocrx_word' id='word_1_289' title='bbox 1130 2698 1235 2748; x_wconf 60' lang='lat' dir='ltr'><strong>dursti</strong></span> <span class='ocrx_word' id='word_1_290' title='bbox 1250 2697 1341 2748; x_wconf 81' lang='lat' dir='ltr'><strong>L&#39;o&#39;cher</strong></span> <span class='ocrx_word' id='word_1_291' title='bbox 1354 2699 1411 2762; x_wconf 79' lang='lat' dir='ltr'><strong>geht</strong></span> <span class='ocrx_word' id='word_1_292' title='bbox 1428 2698 1465 2747; x_wconf 85' lang='lat' dir='ltr'><strong>die</strong></span> <span class='ocrx_word' id='word_1_293' title='bbox 1483 2697 1656 2763; x_wconf 85' lang='lat' dir='ltr'><strong>Hanfsclmur,</strong></span> <span class='ocrx_word' id='word_1_294' title='bbox 1676 2714 1762 2750; x_wconf 75' lang='lat' dir='ltr'><strong>moran</strong></span> 
     </span>
     <span class='ocr_line' id='line_1_27' title="bbox 85 2768 1402 2836; baseline -0.002 -16"><span class='ocrx_word' id='word_1_295' title='bbox 85 2771 131 2820; x_wconf 81' lang='lat' dir='ltr'><strong>das</strong></span> <span class='ocrx_word' id='word_1_296' title='bbox 149 2769 276 2836; x_wconf 80' lang='lat' dir='ltr'><strong>Bleisr‘egel</strong></span> <span class='ocrx_word' id='word_1_297' title='bbox 290 2773 374 2836; x_wconf 73' lang='lat' dir='ltr'><strong>heingi,</strong></span> <span class='ocrx_word' id='word_1_298' title='bbox 393 2769 577 2834; x_wconf 73' lang='lat' dir='ltr'><strong>urspn&#39;c&#39;nglr&#39;cht</strong></span> <span class='ocrx_word' id='word_1_299' title='bbox 594 2769 704 2836; x_wconf 78' lang='lat' dir='ltr'><strong>Faltung</strong></span> <span class='ocrx_word' id='word_1_300' title='bbox 718 2769 762 2818; x_wconf 80' lang='lat' dir='ltr'><strong>der</strong></span> <span class='ocrx_word' id='word_1_301' title='bbox 778 2769 873 2818; x_wconf 85' lang='lat' dir='ltr'><strong>Brevcn</strong></span> <span class='ocrx_word' id='word_1_302' title='bbox 893 2769 965 2834; x_wconf 78' lang='lat' dir='ltr'><strong>(jetrt</strong></span> <span class='ocrx_word' id='word_1_303' title='bbox 982 2768 1008 2817; x_wconf 83' lang='lat' dir='ltr'><strong>in</strong></span> <span class='ocrx_word' id='word_1_304' title='bbox 1026 2769 1069 2818; x_wconf 74' lang='lat' dir='ltr'><strong>der</strong></span> <span class='ocrx_word' id='word_1_305' title='bbox 1086 2769 1165 2818; x_wconf 80' lang='lat' dir='ltr'><strong>Breite</strong></span> <span class='ocrx_word' id='word_1_306' title='bbox 1183 2771 1200 2818; x_wconf 87' lang='grc'><strong><em>3</em></strong></span> <span class='ocrx_word' id='word_1_307' title='bbox 1218 2771 1272 2819; x_wconf 83' lang='lat' dir='ltr'><strong>mal</strong></span> <span class='ocrx_word' id='word_1_308' title='bbox 1282 2770 1402 2834; x_wconf 67' lang='lat' dir='ltr'><strong>gesaleci).</strong></span> 
     </span>
    </p>
   </div>
   <div class='ocr_carea' id='block_1_4' title="bbox 834 3161 1017 3236">
    <p class='ocr_par' dir='ltr' id='par_1_4' title="bbox 834 3161 1017 3236">
     <span class='ocr_line' id='line_1_28' title="bbox 834 3161 1017 3236; baseline -0.005 0"><span class='ocrx_word' id='word_1_309' title='bbox 834 3161 901 3236; x_wconf 88' lang='lat' dir='ltr'><strong>Nr.</strong></span> <span class='ocrx_word' id='word_1_310' title='bbox 928 3163 1017 3236; x_wconf 79' lang='lat'>251.</span> 
     </span>
    </p>
   </div>
   <div class='ocr_carea' id='block_1_5' title="bbox 85 3293 1764 3560">
    <p class='ocr_par' dir='ltr' id='par_1_5' title="bbox 85 3293 1764 3560">
     <span class='ocr_line' id='line_1_29' title="bbox 85 3293 1764 3378; baseline 0 -18"><span class='ocrx_word' id='word_1_311' title='bbox 85 3295 275 3360; x_wconf 74' lang='lat' dir='ltr'><strong>Alexander</strong></span> <span class='ocrx_word' id='word_1_312' title='bbox 300 3296 366 3360; x_wconf 88' lang='lat' dir='ltr'><strong>III</strong></span> <span class='ocrx_word' id='word_1_313' title='bbox 394 3295 544 3377; x_wconf 77' lang='lat' dir='ltr'><strong>bestdtigt</strong></span> <span class='ocrx_word' id='word_1_314' title='bbox 567 3295 641 3358; x_wconf 84' lang='lat' dir='ltr'><strong>dem</strong></span> <span class='ocrx_word' id='word_1_315' title='bbox 667 3293 880 3378; x_wconf 81' lang='lat' dir='ltr'><strong>Domkapitel</strong></span> <span class='ocrx_word' id='word_1_316' title='bbox 906 3315 966 3357; x_wconf 84' lang='lat' dir='ltr'><strong>von</strong></span> <span class='ocrx_word' id='word_1_317' title='bbox 993 3293 1135 3376; x_wconf 78' lang='lat' dir='ltr'><strong>Bologrra</strong></span> <span class='ocrx_word' id='word_1_318' title='bbox 1165 3295 1219 3358; x_wconf 85' lang='lat' dir='ltr'><strong>die</strong></span> <span class='ocrx_word' id='word_1_319' title='bbox 1249 3293 1516 3378; x_wconf 82' lang='lat' dir='ltr'><strong>Vereinbarung,</strong></span> <span class='ocrx_word' id='word_1_320' title='bbox 1549 3296 1682 3360; x_wconf 82' lang='lat' dir='ltr'><strong>wonaclz</strong></span> <span class='ocrx_word' id='word_1_321' title='bbox 1711 3297 1764 3360; x_wconf 84' lang='lat' dir='ltr'><strong>ein</strong></span> 
     </span>
     <span class='ocr_line' id='line_1_30' title="bbox 88 3377 1764 3469; baseline -0.001 -19"><span class='ocrx_word' id='word_1_322' title='bbox 88 3385 289 3465; x_wconf 79' lang='lat' dir='ltr'><strong>Kanonr&#39;leer,</strong></span> <span class='ocrx_word' id='word_1_323' title='bbox 311 3385 372 3449; x_wconf 86' lang='lat' dir='ltr'><strong>der</strong></span> <span class='ocrx_word' id='word_1_324' title='bbox 388 3405 493 3469; x_wconf 76' lang='lat' dir='ltr'><strong>gagen</strong></span> <span class='ocrx_word' id='word_1_325' title='bbox 508 3385 569 3449; x_wconf 86' lang='lat' dir='ltr'><strong>den</strong></span> <span class='ocrx_word' id='word_1_326' title='bbox 594 3383 711 3447; x_wconf 82' lang='lat' dir='ltr'><strong>Willen</strong></span> <span class='ocrx_word' id='word_1_327' title='bbox 738 3385 795 3448; x_wconf 85' lang='lat' dir='ltr'><strong>des</strong></span> <span class='ocrx_word' id='word_1_328' title='bbox 812 3381 973 3447; x_wconf 83' lang='lat' dir='ltr'><strong>Konvents</strong></span> <span class='ocrx_word' id='word_1_329' title='bbox 987 3383 1062 3446; x_wconf 84' lang='lat' dir='ltr'><strong>dem</strong></span> <span class='ocrx_word' id='word_1_330' title='bbox 1078 3380 1281 3449; x_wconf 82' lang='lat' dir='ltr'><strong>Karonikate</strong></span> <span class='ocrx_word' id='word_1_331' title='bbox 1304 3377 1404 3448; x_wconf 68' lang='lat' dir='ltr'><strong>e&#39;tznas</strong></span> <span class='ocrx_word' id='word_1_332' title='bbox 1426 3384 1635 3465; x_wconf 84' lang='lat' dir='ltr'><strong>entfremdet,</strong></span> <span class='ocrx_word' id='word_1_333' title='bbox 1660 3386 1764 3449; x_wconf 85' lang='lat' dir='ltr'><strong>ser&#39;nes</strong></span> 
     </span>
     <span class='ocr_line' id='line_1_31' title="bbox 547 3471 1306 3560; baseline 0.001 -23"><span class='ocrx_word' id='word_1_334' title='bbox 547 3471 888 3558; x_wconf 80' lang='lat' dir='ltr'><strong>Kleiderbeneficr&#39;ums</strong></span> <span class='ocrx_word' id='word_1_335' title='bbox 902 3472 1034 3536; x_wconf 85' lang='lat' dir='ltr'><strong>beraubt</strong></span> <span class='ocrx_word' id='word_1_336' title='bbox 1047 3473 1177 3536; x_wconf 79' lang='lat' dir='ltr'><strong>werden</strong></span> <span class='ocrx_word' id='word_1_337' title='bbox 1193 3475 1258 3538; x_wconf 89' lang='lat' dir='ltr'><strong>soll</strong></span> <span class='ocrx_word' id='word_1_338' title='bbox 1271 3475 1306 3560; x_wconf 81' lang='lat'><strong>²).</strong></span> 
     </span>
    </p>
   </div>
   <div class='ocr_carea' id='block_1_6' title="bbox 621 3587 1238 3673">
    <p class='ocr_par' dir='ltr' id='par_1_6' title="bbox 621 3587 1238 3673">
     <span class='ocr_line' id='line_1_32' title="bbox 621 3587 1238 3673; baseline -0.002 -21"><span class='ocrx_word' id='word_1_339' title='bbox 621 3592 832 3652; x_wconf 81' lang='lat'><strong><em>1174-1176</em></strong></span> <span class='ocrx_word' id='word_1_340' title='bbox 848 3589 945 3654; x_wconf 76' lang='lat' dir='ltr'><strong>Mc&#39;z&#39;rz</strong></span> <span class='ocrx_word' id='word_1_341' title='bbox 960 3591 1014 3652; x_wconf 77' lang='lat'><strong>25.</strong></span> <span class='ocrx_word' id='word_1_342' title='bbox 1052 3587 1185 3671; x_wconf 71' lang='lat' dir='ltr'><strong>Anagni</strong></span> <span class='ocrx_word' id='word_1_343' title='bbox 1200 3589 1238 3673; x_wconf 78' lang='lat'><strong>³).</strong></span> 
     </span>
    </p>
   </div>
   <div class='ocr_carea' id='block_1_7' title="bbox 85 3704 1766 5134">
    <p class='ocr_par' dir='ltr' id='par_1_7' title="bbox 85 3704 1766 5134">
     <span class='ocr_line' id='line_1_33' title="bbox 248 3704 1763 3790; baseline 0 -20"><span class='ocrx_word' id='word_1_344' title='bbox 248 3707 440 3770; x_wconf 91' lang='lat' dir='ltr'><strong>Alexander</strong></span> <span class='ocrx_word' id='word_1_345' title='bbox 463 3707 646 3789; x_wconf 90' lang='lat' dir='ltr'><strong>episcopus,</strong></span> <span class='ocrx_word' id='word_1_346' title='bbox 671 3727 782 3770; x_wconf 90' lang='lat' dir='ltr'><strong>servus</strong></span> <span class='ocrx_word' id='word_1_347' title='bbox 805 3726 972 3769; x_wconf 86' lang='lat' dir='ltr'><strong>servorum</strong></span> <span class='ocrx_word' id='word_1_348' title='bbox 997 3707 1059 3781; x_wconf 92' lang='lat' dir='ltr'><strong>dei,</strong></span> <span class='ocrx_word' id='word_1_349' title='bbox 1083 3704 1210 3768; x_wconf 90' lang='lat' dir='ltr'><strong>dilectis</strong></span> <span class='ocrx_word' id='word_1_350' title='bbox 1225 3704 1307 3782; x_wconf 87' lang='lat' dir='ltr'><strong>filiis,</strong></span> <span class='ocrx_word' id='word_1_351' title='bbox 1330 3706 1471 3770; x_wconf 90' lang='lat' dir='ltr'><strong>Alberto</strong></span> <span class='ocrx_word' id='word_1_352' title='bbox 1488 3706 1763 3790; x_wconf 90' lang='lat' dir='ltr'><strong>archipresbitero</strong></span> 
     </span>
     <span class='ocr_line' id='line_1_34' title="bbox 85 3795 1763 3879; baseline -0.001 -17"><span class='ocrx_word' id='word_1_353' title='bbox 85 3809 120 3862; x_wconf 89' lang='lat' dir='ltr'><strong>et</strong></span> <span class='ocrx_word' id='word_1_354' title='bbox 142 3799 311 3862; x_wconf 90' lang='lat' dir='ltr'><strong>canonicis</strong></span> <span class='ocrx_word' id='word_1_355' title='bbox 335 3799 551 3860; x_wconf 92' lang='lat' dir='ltr'><strong>Bononiensis</strong></span> <span class='ocrx_word' id='word_1_356' title='bbox 584 3796 727 3870; x_wconf 89' lang='lat' dir='ltr'><strong>ecclesie,</strong></span> <span class='ocrx_word' id='word_1_357' title='bbox 750 3795 889 3858; x_wconf 92' lang='lat' dir='ltr'><strong>salutem</strong></span> <span class='ocrx_word' id='word_1_358' title='bbox 922 3803 955 3859; x_wconf 90' lang='lat' dir='ltr'><strong>et</strong></span> <span class='ocrx_word' id='word_1_359' title='bbox 978 3795 1194 3878; x_wconf 90' lang='lat' dir='ltr'><strong>apostolicam</strong></span> <span class='ocrx_word' id='word_1_360' title='bbox 1226 3795 1498 3859; x_wconf 90' lang='lat' dir='ltr'><strong>benedictionem.</strong></span> <span class='ocrx_word' id='word_1_361' title='bbox 1545 3795 1598 3859; x_wconf 89' lang='lat' dir='ltr'><strong>Ex</strong></span> <span class='ocrx_word' id='word_1_362' title='bbox 1629 3796 1763 3879; x_wconf 93' lang='lat' dir='ltr'><strong>publico</strong></span> 
     </span>
     <span class='ocr_line' id='line_1_35' title="bbox 86 3883 1763 3969; baseline -0.002 -17"><span class='ocrx_word' id='word_1_363' title='bbox 86 3892 303 3952; x_wconf 89' lang='lat' dir='ltr'><strong>instrumento</strong></span> <span class='ocrx_word' id='word_1_364' title='bbox 326 3887 499 3950; x_wconf 78' lang='lat' dir='ltr'><strong>manifeste</strong></span> <span class='ocrx_word' id='word_1_365' title='bbox 522 3887 615 3949; x_wconf 92' lang='lat' dir='ltr'><strong>nobis</strong></span> <span class='ocrx_word' id='word_1_366' title='bbox 639 3888 788 3960; x_wconf 91' lang='lat' dir='ltr'><strong>innotuit,</strong></span> <span class='ocrx_word' id='word_1_367' title='bbox 812 3887 902 3965; x_wconf 92' lang='lat' dir='ltr'><strong>quod</strong></span> <span class='ocrx_word' id='word_1_368' title='bbox 919 3906 986 3960; x_wconf 93' lang='lat' dir='ltr'><strong>vos,</strong></span> <span class='ocrx_word' id='word_1_369' title='bbox 1010 3883 1214 3948; x_wconf 87' lang='lat' dir='ltr'><strong>indemnitati</strong></span> <span class='ocrx_word' id='word_1_370' title='bbox 1238 3894 1344 3948; x_wconf 89' lang='lat' dir='ltr'><strong>vestre</strong></span> <span class='ocrx_word' id='word_1_371' title='bbox 1367 3886 1514 3949; x_wconf 92' lang='lat' dir='ltr'><strong>volentes</strong></span> <span class='ocrx_word' id='word_1_372' title='bbox 1538 3889 1571 3949; x_wconf 93' lang='lat' dir='ltr'><strong>in</strong></span> <span class='ocrx_word' id='word_1_373' title='bbox 1595 3895 1763 3969; x_wconf 90' lang='lat' dir='ltr'><strong>posterum</strong></span> 
     </span>
     <span class='ocr_line' id='line_1_36' title="bbox 86 3975 1764 4062; baseline -0.002 -21"><span class='ocrx_word' id='word_1_374' title='bbox 86 3978 274 4062; x_wconf 89' lang='lat' dir='ltr'><strong>providere,</strong></span> <span class='ocrx_word' id='word_1_375' title='bbox 298 3996 359 4058; x_wconf 92' lang='lat' dir='ltr'><strong>pro</strong></span> <span class='ocrx_word' id='word_1_376' title='bbox 382 3984 476 4058; x_wconf 90' lang='lat' dir='ltr'><strong>parte</strong></span> <span class='ocrx_word' id='word_1_377' title='bbox 499 3984 532 4038; x_wconf 91' lang='lat' dir='ltr'><strong>et</strong></span> <span class='ocrx_word' id='word_1_378' title='bbox 556 3977 767 4038; x_wconf 89' lang='lat' dir='ltr'><strong>unanimitate</strong></span> <span class='ocrx_word' id='word_1_379' title='bbox 791 3977 948 4038; x_wconf 91' lang='lat' dir='ltr'><strong>intervos</strong></span> <span class='ocrx_word' id='word_1_380' title='bbox 972 3975 1195 4037; x_wconf 91' lang='lat' dir='ltr'><strong>conservanda</strong></span> <span class='ocrx_word' id='word_1_381' title='bbox 1219 3993 1278 4055; x_wconf 91' lang='lat' dir='ltr'><strong>per</strong></span> <span class='ocrx_word' id='word_1_382' title='bbox 1302 3984 1379 4038; x_wconf 90' lang='lat' dir='ltr'><strong>vota</strong></span> <span class='ocrx_word' id='word_1_383' title='bbox 1396 3983 1429 4037; x_wconf 92' lang='lat' dir='ltr'><strong>et</strong></span> <span class='ocrx_word' id='word_1_384' title='bbox 1445 3978 1609 4038; x_wconf 90' lang='lat' dir='ltr'><strong>communi</strong></span> <span class='ocrx_word' id='word_1_385' title='bbox 1627 3976 1764 4038; x_wconf 88' lang='lat' dir='ltr'><strong>consilio</strong></span> 
     </span>
     <span class='ocr_line' id='line_1_37' title="bbox 86 4061 1764 4145; baseline -0.002 -15"><span class='ocrx_word' id='word_1_386' title='bbox 86 4069 257 4140; x_wconf 87' lang='lat' dir='ltr'><strong>statuistis,</strong></span> <span class='ocrx_word' id='word_1_387' title='bbox 281 4073 324 4140; x_wconf 92' lang='lat' dir='ltr'><strong>ut,</strong></span> <span class='ocrx_word' id='word_1_388' title='bbox 348 4067 374 4128; x_wconf 92' lang='lat' dir='ltr'><strong>si</strong></span> <span class='ocrx_word' id='word_1_389' title='bbox 399 4067 472 4144; x_wconf 90' lang='lat' dir='ltr'><strong>quis</strong></span> <span class='ocrx_word' id='word_1_390' title='bbox 496 4067 725 4128; x_wconf 90' lang='lat' dir='ltr'><strong>canonicorum</strong></span> <span class='ocrx_word' id='word_1_391' title='bbox 750 4063 888 4127; x_wconf 90' lang='lat' dir='ltr'><strong>ecclesie</strong></span> <span class='ocrx_word' id='word_1_392' title='bbox 911 4070 1019 4126; x_wconf 88' lang='lat' dir='ltr'><strong>vestre</strong></span> <span class='ocrx_word' id='word_1_393' title='bbox 1042 4061 1213 4126; x_wconf 91' lang='lat' dir='ltr'><strong>abstulerit</strong></span> <span class='ocrx_word' id='word_1_394' title='bbox 1235 4062 1287 4125; x_wconf 92' lang='lat' dir='ltr'><strong>vel</strong></span> <span class='ocrx_word' id='word_1_395' title='bbox 1312 4063 1423 4144; x_wconf 91' lang='lat' dir='ltr'><strong>aliquis</strong></span> <span class='ocrx_word' id='word_1_396' title='bbox 1448 4085 1490 4127; x_wconf 92' lang='lat' dir='ltr'><strong>ex</strong></span> <span class='ocrx_word' id='word_1_397' title='bbox 1513 4064 1571 4141; x_wconf 90' lang='lat' dir='ltr'><strong>his,</strong></span> <span class='ocrx_word' id='word_1_398' title='bbox 1600 4067 1655 4145; x_wconf 92' lang='lat' dir='ltr'><strong>qui</strong></span> <span class='ocrx_word' id='word_1_399' title='bbox 1680 4084 1764 4127; x_wconf 91' lang='lat' dir='ltr'><strong>nunc</strong></span> 
     </span>
     <span class='ocr_line' id='line_1_38' title="bbox 86 4152 1764 4236; baseline -0.002 -17"><span class='ocrx_word' id='word_1_400' title='bbox 86 4166 165 4219; x_wconf 91' lang='lat' dir='ltr'><strong>sunt</strong></span> <span class='ocrx_word' id='word_1_401' title='bbox 187 4155 249 4230; x_wconf 90' lang='lat' dir='ltr'><strong>vel,</strong></span> <span class='ocrx_word' id='word_1_402' title='bbox 274 4157 330 4235; x_wconf 93' lang='lat' dir='ltr'><strong>qui</strong></span> <span class='ocrx_word' id='word_1_403' title='bbox 352 4157 568 4236; x_wconf 90' lang='lat' dir='ltr'><strong>imposterum</strong></span> <span class='ocrx_word' id='word_1_404' title='bbox 592 4154 719 4229; x_wconf 87' lang='lat' dir='ltr'><strong>luerint,</strong></span> <span class='ocrx_word' id='word_1_405' title='bbox 743 4156 917 4235; x_wconf 89' lang='lat' dir='ltr'><strong>quicquam</strong></span> <span class='ocrx_word' id='word_1_406' title='bbox 942 4154 985 4216; x_wconf 91' lang='lat' dir='ltr'><strong>de</strong></span> <span class='ocrx_word' id='word_1_407' title='bbox 1010 4153 1106 4215; x_wconf 93' lang='lat' dir='ltr'><strong>rebus</strong></span> <span class='ocrx_word' id='word_1_408' title='bbox 1130 4152 1286 4215; x_wconf 92' lang='lat' dir='ltr'><strong>canonice</strong></span> <span class='ocrx_word' id='word_1_409' title='bbox 1302 4162 1409 4216; x_wconf 89' lang='lat' dir='ltr'><strong>vestre</strong></span> <span class='ocrx_word' id='word_1_410' title='bbox 1433 4162 1546 4218; x_wconf 90' lang='lat' dir='ltr'><strong>contra</strong></span> <span class='ocrx_word' id='word_1_411' title='bbox 1561 4155 1764 4217; x_wconf 90' lang='lat' dir='ltr'><strong>voluntatem</strong></span> 
     </span>
     <span class='ocr_line' id='line_1_39' title="bbox 87 4242 1764 4326; baseline -0.002 -16"><span class='ocrx_word' id='word_1_412' title='bbox 87 4255 272 4310; x_wconf 93' lang='lat' dir='ltr'><strong>conventus</strong></span> <span class='ocrx_word' id='word_1_413' title='bbox 296 4244 465 4307; x_wconf 91' lang='lat' dir='ltr'><strong>abstulerit</strong></span> <span class='ocrx_word' id='word_1_414' title='bbox 497 4244 582 4306; x_wconf 90' lang='lat' dir='ltr'><strong>etin</strong></span> <span class='ocrx_word' id='word_1_415' title='bbox 607 4243 749 4325; x_wconf 91' lang='lat' dir='ltr'><strong>capitulo</strong></span> <span class='ocrx_word' id='word_1_416' title='bbox 774 4245 835 4305; x_wconf 90' lang='lat' dir='ltr'><strong>erit</strong></span> <span class='ocrx_word' id='word_1_417' title='bbox 859 4244 1050 4316; x_wconf 91' lang='lat' dir='ltr'><strong>comonitus,</strong></span> <span class='ocrx_word' id='word_1_418' title='bbox 1082 4243 1108 4303; x_wconf 95' lang='lat' dir='ltr'><strong>si</strong></span> <span class='ocrx_word' id='word_1_419' title='bbox 1131 4262 1196 4304; x_wconf 94' lang='lat' dir='ltr'><strong>non</strong></span> <span class='ocrx_word' id='word_1_420' title='bbox 1221 4244 1403 4320; x_wconf 89' lang='lat' dir='ltr'><strong>restituerit,</strong></span> <span class='ocrx_word' id='word_1_421' title='bbox 1435 4245 1580 4326; x_wconf 89' lang='lat' dir='ltr'><strong>privetur</strong></span> <span class='ocrx_word' id='word_1_422' title='bbox 1603 4242 1764 4307; x_wconf 88' lang='lat' dir='ltr'><strong>beneficio</strong></span> 
     </span>
     <span class='ocr_line' id='line_1_40' title="bbox 87 4333 1763 4417; baseline -0.002 -18"><span class='ocrx_word' id='word_1_423' title='bbox 87 4357 148 4399; x_wconf 92' lang='lat' dir='ltr'><strong>suo</strong></span> <span class='ocrx_word' id='word_1_424' title='bbox 172 4337 206 4398; x_wconf 94' lang='lat' dir='ltr'><strong>in</strong></span> <span class='ocrx_word' id='word_1_425' title='bbox 230 4343 323 4417; x_wconf 91' lang='lat' dir='ltr'><strong>parte</strong></span> <span class='ocrx_word' id='word_1_426' title='bbox 353 4333 415 4408; x_wconf 89' lang='lat' dir='ltr'><strong>illa,</strong></span> <span class='ocrx_word' id='word_1_427' title='bbox 447 4353 512 4415; x_wconf 92' lang='lat' dir='ltr'><strong>que</strong></span> <span class='ocrx_word' id='word_1_428' title='bbox 544 4355 605 4416; x_wconf 91' lang='lat' dir='ltr'><strong>pro</strong></span> <span class='ocrx_word' id='word_1_429' title='bbox 628 4333 828 4396; x_wconf 90' lang='lat' dir='ltr'><strong>vestimentis</strong></span> <span class='ocrx_word' id='word_1_430' title='bbox 860 4333 1024 4394; x_wconf 92' lang='lat' dir='ltr'><strong>canonicis</strong></span> <span class='ocrx_word' id='word_1_431' title='bbox 1048 4339 1209 4413; x_wconf 90' lang='lat' dir='ltr'><strong>erogatur,</strong></span> <span class='ocrx_word' id='word_1_432' title='bbox 1242 4333 1347 4395; x_wconf 92' lang='lat' dir='ltr'><strong>donec</strong></span> <span class='ocrx_word' id='word_1_433' title='bbox 1372 4333 1599 4396; x_wconf 91' lang='lat' dir='ltr'><strong>communitati</strong></span> <span class='ocrx_word' id='word_1_434' title='bbox 1629 4333 1763 4395; x_wconf 83' lang='lat' dir='ltr'><strong>fratrum</strong></span> 
     </span>
     <span class='ocr_line' id='line_1_41' title="bbox 88 4419 1763 4508; baseline -0.004 -19"><span class='ocrx_word' id='word_1_435' title='bbox 88 4426 188 4508; x_wconf 91' lang='lat' dir='ltr'><strong>digne</strong></span> <span class='ocrx_word' id='word_1_436' title='bbox 211 4423 407 4487; x_wconf 79' lang='lat' dir='ltr'><strong>satisfecerit</strong></span> <span class='ocrx_word' id='word_1_437' title='bbox 428 4423 471 4485; x_wconf 91' lang='lat' dir='ltr'><strong>de</strong></span> <span class='ocrx_word' id='word_1_438' title='bbox 488 4425 674 4487; x_wconf 88' lang='lat' dir='ltr'><strong>commissu.</strong></span> <span class='ocrx_word' id='word_1_439' title='bbox 713 4419 877 4502; x_wconf 88' lang='lat' dir='ltr'><strong>Quoniam</strong></span> <span class='ocrx_word' id='word_1_440' title='bbox 903 4424 999 4503; x_wconf 89' lang='lat' dir='ltr'><strong>igitur</strong></span> <span class='ocrx_word' id='word_1_441' title='bbox 1013 4429 1121 4483; x_wconf 89' lang='lat' dir='ltr'><strong>vestra</strong></span> <span class='ocrx_word' id='word_1_442' title='bbox 1138 4419 1314 4503; x_wconf 90' lang='lat' dir='ltr'><strong>postulavit</strong></span> <span class='ocrx_word' id='word_1_443' title='bbox 1330 4424 1473 4496; x_wconf 92' lang='lat' dir='ltr'><strong>devotio,</strong></span> <span class='ocrx_word' id='word_1_444' title='bbox 1498 4423 1763 4485; x_wconf 91' lang='lat' dir='ltr'><strong>constitutionem</strong></span> 
     </span>
     <span class='ocr_line' id='line_1_42' title="bbox 87 4509 1765 4598; baseline -0.002 -21"><span class='ocrx_word' id='word_1_445' title='bbox 87 4518 197 4598; x_wconf 89' lang='lat' dir='ltr'><strong>ipsam</strong></span> <span class='ocrx_word' id='word_1_446' title='bbox 215 4515 409 4577; x_wconf 91' lang='lat' dir='ltr'><strong>auctoritate</strong></span> <span class='ocrx_word' id='word_1_447' title='bbox 425 4511 607 4594; x_wconf 91' lang='lat' dir='ltr'><strong>apostolica</strong></span> <span class='ocrx_word' id='word_1_448' title='bbox 623 4512 777 4585; x_wconf 90' lang='lat' dir='ltr'><strong>roborari,</strong></span> <span class='ocrx_word' id='word_1_449' title='bbox 793 4532 852 4573; x_wconf 91' lang='lat' dir='ltr'><strong>nos</strong></span> <span class='ocrx_word' id='word_1_450' title='bbox 869 4511 958 4573; x_wconf 91' lang='lat' dir='ltr'><strong>iustis</strong></span> <span class='ocrx_word' id='word_1_451' title='bbox 975 4511 1088 4574; x_wconf 91' lang='lat' dir='ltr'><strong>vestris</strong></span> <span class='ocrx_word' id='word_1_452' title='bbox 1104 4509 1379 4592; x_wconf 91' lang='lat' dir='ltr'><strong>postulationibus</strong></span> <span class='ocrx_word' id='word_1_453' title='bbox 1395 4522 1522 4594; x_wconf 89' lang='lat' dir='ltr'><strong>gratum</strong></span> <span class='ocrx_word' id='word_1_454' title='bbox 1540 4513 1765 4594; x_wconf 90' lang='lat' dir='ltr'><strong>impertientes</strong></span> 
     </span>
     <span class='ocr_line' id='line_1_43' title="bbox 87 4598 1765 4679; baseline -0.003 -12"><span class='ocrx_word' id='word_1_455' title='bbox 87 4623 268 4679; x_wconf 88' lang='lat' dir='ltr'><strong>assensum,</strong></span> <span class='ocrx_word' id='word_1_456' title='bbox 293 4605 442 4665; x_wconf 91' lang='lat' dir='ltr'><strong>eamdem</strong></span> <span class='ocrx_word' id='word_1_457' title='bbox 468 4603 742 4676; x_wconf 90' lang='lat' dir='ltr'><strong>constitutionem,</strong></span> <span class='ocrx_word' id='word_1_458' title='bbox 765 4603 849 4663; x_wconf 91' lang='lat' dir='ltr'><strong>sicut</strong></span> <span class='ocrx_word' id='word_1_459' title='bbox 873 4598 1002 4662; x_wconf 93' lang='lat' dir='ltr'><strong>avobis</strong></span> <span class='ocrx_word' id='word_1_460' title='bbox 1026 4600 1240 4662; x_wconf 90' lang='lat' dir='ltr'><strong>communiter</strong></span> <span class='ocrx_word' id='word_1_461' title='bbox 1263 4600 1347 4663; x_wconf 87' lang='lat' dir='ltr'><strong>lacta</strong></span> <span class='ocrx_word' id='word_1_462' title='bbox 1370 4609 1428 4675; x_wconf 92' lang='lat' dir='ltr'><strong>est,</strong></span> <span class='ocrx_word' id='word_1_463' title='bbox 1452 4609 1485 4664; x_wconf 90' lang='lat' dir='ltr'><strong>et</strong></span> <span class='ocrx_word' id='word_1_464' title='bbox 1502 4604 1532 4663; x_wconf 94' lang='lat' dir='ltr'><strong>in</strong></span> <span class='ocrx_word' id='word_1_465' title='bbox 1548 4603 1765 4664; x_wconf 92' lang='lat' dir='ltr'><strong>instrumento</strong></span> 
     </span>
     <span class='ocr_line' id='line_1_44' title="bbox 89 4689 1765 4777; baseline -0.003 -21"><span class='ocrx_word' id='word_1_466' title='bbox 89 4693 226 4777; x_wconf 92' lang='lat' dir='ltr'><strong>publico</strong></span> <span class='ocrx_word' id='word_1_467' title='bbox 252 4695 443 4767; x_wconf 89' lang='lat' dir='ltr'><strong>continetur,</strong></span> <span class='ocrx_word' id='word_1_468' title='bbox 467 4701 570 4754; x_wconf 90' lang='lat' dir='ltr'><strong>ratam</strong></span> <span class='ocrx_word' id='word_1_469' title='bbox 594 4689 754 4754; x_wconf 90' lang='lat' dir='ltr'><strong>habentes</strong></span> <span class='ocrx_word' id='word_1_470' title='bbox 778 4698 811 4752; x_wconf 90' lang='lat' dir='ltr'><strong>et</strong></span> <span class='ocrx_word' id='word_1_471' title='bbox 833 4689 969 4764; x_wconf 86' lang='lat' dir='ltr'><strong>firmam,</strong></span> <span class='ocrx_word' id='word_1_472' title='bbox 1004 4708 1074 4751; x_wconf 90' lang='lat' dir='ltr'><strong>eam</strong></span> <span class='ocrx_word' id='word_1_473' title='bbox 1099 4691 1292 4752; x_wconf 88' lang='lat' dir='ltr'><strong>auctoritate</strong></span> <span class='ocrx_word' id='word_1_474' title='bbox 1323 4691 1507 4772; x_wconf 90' lang='lat' dir='ltr'><strong>apostolica</strong></span> <span class='ocrx_word' id='word_1_475' title='bbox 1537 4689 1765 4753; x_wconf 88' lang='lat' dir='ltr'><strong>confirmamus</strong></span> 
     </span>
     <span class='ocr_line' id='line_1_45' title="bbox 90 4777 1765 4865; baseline -0.003 -19"><span class='ocrx_word' id='word_1_476' title='bbox 90 4793 124 4846; x_wconf 90' lang='lat' dir='ltr'><strong>et</strong></span> <span class='ocrx_word' id='word_1_477' title='bbox 147 4782 307 4865; x_wconf 90' lang='lat' dir='ltr'><strong>presentis</strong></span> <span class='ocrx_word' id='word_1_478' title='bbox 330 4782 441 4864; x_wconf 90' lang='lat' dir='ltr'><strong>scripti</strong></span> <span class='ocrx_word' id='word_1_479' title='bbox 466 4782 650 4862; x_wconf 91' lang='lat' dir='ltr'><strong>patrocinio</strong></span> <span class='ocrx_word' id='word_1_480' title='bbox 674 4782 922 4842; x_wconf 80' lang='lat' dir='ltr'><strong>communimus</strong></span> <span class='ocrx_word' id='word_1_481' title='bbox 961 4779 1157 4851; x_wconf 89' lang='lat' dir='ltr'><strong>Statuentes,</strong></span> <span class='ocrx_word' id='word_1_482' title='bbox 1182 4785 1217 4840; x_wconf 93' lang='lat' dir='ltr'><strong>ut</strong></span> <span class='ocrx_word' id='word_1_483' title='bbox 1232 4777 1307 4841; x_wconf 91' lang='lat' dir='ltr'><strong>nulli</strong></span> <span class='ocrx_word' id='word_1_484' title='bbox 1324 4781 1459 4842; x_wconf 93' lang='lat' dir='ltr'><strong>omnino</strong></span> <span class='ocrx_word' id='word_1_485' title='bbox 1475 4778 1641 4843; x_wconf 91' lang='lat' dir='ltr'><strong>hominum</strong></span> <span class='ocrx_word' id='word_1_486' title='bbox 1659 4780 1765 4854; x_wconf 90' lang='lat' dir='ltr'><strong>liceat,</strong></span> 
     </span>
     <span class='ocr_line' id='line_1_46' title="bbox 89 4867 1766 4954; baseline -0.003 -19"><span class='ocrx_word' id='word_1_487' title='bbox 89 4871 175 4937; x_wconf 90' lang='lat' dir='ltr'><strong>hanc</strong></span> <span class='ocrx_word' id='word_1_488' title='bbox 199 4874 352 4954; x_wconf 90' lang='lat' dir='ltr'><strong>paginam</strong></span> <span class='ocrx_word' id='word_1_489' title='bbox 386 4879 496 4933; x_wconf 92' lang='lat' dir='ltr'><strong>nostre</strong></span> <span class='ocrx_word' id='word_1_490' title='bbox 528 4869 782 4932; x_wconf 89' lang='lat' dir='ltr'><strong>confirmationis</strong></span> <span class='ocrx_word' id='word_1_491' title='bbox 806 4869 978 4950; x_wconf 78' lang='lat' dir='ltr'><strong>infringere</strong></span> <span class='ocrx_word' id='word_1_492' title='bbox 1001 4867 1052 4930; x_wconf 88' lang='lat' dir='ltr'><strong>vel</strong></span> <span class='ocrx_word' id='word_1_493' title='bbox 1076 4867 1105 4929; x_wconf 94' lang='lat' dir='ltr'><strong>ei</strong></span> <span class='ocrx_word' id='word_1_494' title='bbox 1128 4867 1331 4948; x_wconf 90' lang='lat' dir='ltr'><strong>aliquatenus</strong></span> <span class='ocrx_word' id='word_1_495' title='bbox 1355 4871 1587 4932; x_wconf 90' lang='lat' dir='ltr'><strong>contravenire.</strong></span> <span class='ocrx_word' id='word_1_496' title='bbox 1633 4867 1669 4931; x_wconf 88' lang='lat' dir='ltr'><strong>Si</strong></span> <span class='ocrx_word' id='word_1_497' title='bbox 1693 4871 1766 4948; x_wconf 92' lang='lat' dir='ltr'><strong>quis</strong></span> 
     </span>
     <span class='ocr_line' id='line_1_47' title="bbox 89 4958 1765 5043; baseline -0.003 -18"><span class='ocrx_word' id='word_1_498' title='bbox 89 4970 201 5025; x_wconf 91' lang='lat' dir='ltr'><strong>autern</strong></span> <span class='ocrx_word' id='word_1_499' title='bbox 225 4960 287 5024; x_wconf 89' lang='lat' dir='ltr'><strong>hac</strong></span> <span class='ocrx_word' id='word_1_500' title='bbox 310 4968 507 5043; x_wconf 90' lang='lat' dir='ltr'><strong>attemptare</strong></span> <span class='ocrx_word' id='word_1_501' title='bbox 537 4960 781 5042; x_wconf 88' lang='lat' dir='ltr'><strong>presumpserit,</strong></span> <span class='ocrx_word' id='word_1_502' title='bbox 812 4959 1069 5039; x_wconf 91' lang='lat' dir='ltr'><strong>indignationem</strong></span> <span class='ocrx_word' id='word_1_503' title='bbox 1093 4958 1326 5038; x_wconf 91' lang='lat' dir='ltr'><strong>omnipotentis</strong></span> <span class='ocrx_word' id='word_1_504' title='bbox 1350 4958 1402 5020; x_wconf 92' lang='lat' dir='ltr'><strong>dei</strong></span> <span class='ocrx_word' id='word_1_505' title='bbox 1428 4965 1460 5020; x_wconf 94' lang='lat' dir='ltr'><strong>et</strong></span> <span class='ocrx_word' id='word_1_506' title='bbox 1484 4959 1654 5021; x_wconf 90' lang='lat' dir='ltr'><strong>beatorum</strong></span> <span class='ocrx_word' id='word_1_507' title='bbox 1678 4960 1765 5021; x_wconf 92' lang='lat' dir='ltr'><strong>Petri</strong></span> 
     </span>
     <span class='ocr_line' id='line_1_48' title="bbox 90 5045 1764 5134; baseline -0.003 -20"><span class='ocrx_word' id='word_1_508' title='bbox 90 5060 124 5116; x_wconf 91' lang='lat' dir='ltr'><strong>et</strong></span> <span class='ocrx_word' id='word_1_509' title='bbox 147 5051 250 5127; x_wconf 91' lang='lat' dir='ltr'><strong>Pauli,</strong></span> <span class='ocrx_word' id='word_1_510' title='bbox 274 5047 527 5134; x_wconf 83' lang='lat' dir='ltr'><strong>(apostolorum)</strong></span> <span class='ocrx_word' id='word_1_511' title='bbox 551 5051 628 5124; x_wconf 92' lang='lat' dir='ltr'><strong>eius,</strong></span> <span class='ocrx_word' id='word_1_512' title='bbox 656 5067 692 5109; x_wconf 92' lang='lat' dir='ltr'><strong>se</strong></span> <span class='ocrx_word' id='word_1_513' title='bbox 716 5049 840 5110; x_wconf 90' lang='lat' dir='ltr'><strong>noverit</strong></span> <span class='ocrx_word' id='word_1_514' title='bbox 863 5050 1073 5110; x_wconf 91' lang='lat' dir='ltr'><strong>incursurum.</strong></span> <span class='ocrx_word' id='word_1_515' title='bbox 1098 5083 1142 5094; x_wconf 89' lang='lat'><em>-</em></span> <span class='ocrx_word' id='word_1_516' title='bbox 1166 5046 1240 5109; x_wconf 92' lang='lat' dir='ltr'><strong>Dat.</strong></span> <span class='ocrx_word' id='word_1_517' title='bbox 1265 5045 1424 5130; x_wconf 89' lang='lat' dir='ltr'><strong>Anagnie,</strong></span> <span class='ocrx_word' id='word_1_518' title='bbox 1448 5061 1510 5111; x_wconf 85' lang='lat' dir='ltr'><strong>vm</strong></span> <span class='ocrx_word' id='word_1_519' title='bbox 1532 5046 1608 5110; x_wconf 90' lang='lat' dir='ltr'><strong>Kal.</strong></span> <span class='ocrx_word' id='word_1_520' title='bbox 1631 5046 1764 5130; x_wconf 88' lang='lat' dir='ltr'><strong>Aprilis.</strong></span> 
     </span>
    </p>
   </div>
   <div class='ocr_carea' id='block_1_8' title="bbox 255 5160 1629 5231">
    <p class='ocr_par' dir='ltr' id='par_1_8' title="bbox 255 5160 1629 5231">
     <span class='ocr_line' id='line_1_49' title="bbox 255 5160 1629 5231; baseline -0.001 -17"><span class='ocrx_word' id='word_1_521' title='bbox 255 5165 365 5231; x_wconf 70' lang='lat' dir='ltr'><strong>Jitngere</strong></span> <span class='ocrx_word' id='word_1_522' title='bbox 383 5164 508 5229; x_wconf 74' lang='lat' dir='ltr'><strong>Abschrr&#39;st</strong></span> <span class='ocrx_word' id='word_1_523' title='bbox 525 5163 566 5212; x_wconf 84' lang='lat' dir='ltr'><strong>des</strong></span> <span class='ocrx_word' id='word_1_524' title='bbox 587 5164 651 5211; x_wconf 83' lang='lat' dir='ltr'><strong>Cart.</strong></span> <span class='ocrx_word' id='word_1_525' title='bbox 673 5163 714 5211; x_wconf 84' lang='lat' dir='ltr'><strong>del</strong></span> <span class='ocrx_word' id='word_1_526' title='bbox 733 5163 838 5226; x_wconf 71' lang='lat' dir='ltr'><strong>Capitale</strong></span> <span class='ocrx_word' id='word_1_527' title='bbox 855 5162 882 5210; x_wconf 83' lang='lat' dir='ltr'><strong>di</strong></span> <span class='ocrx_word' id='word_1_528' title='bbox 898 5164 951 5213; x_wconf 77' lang='lat' dir='ltr'><strong>San</strong></span> <span class='ocrx_word' id='word_1_529' title='bbox 971 5163 1052 5212; x_wconf 79' lang='lat' dir='ltr'><strong>Pietro</strong></span> <span class='ocrx_word' id='word_1_530' title='bbox 1064 5169 1092 5226; x_wconf 82' lang='lat' dir='ltr'><strong>p.</strong></span> <span class='ocrx_word' id='word_1_531' title='bbox 1112 5164 1135 5223; x_wconf 84' lang='lat'><strong>5,</strong></span> <span class='ocrx_word' id='word_1_532' title='bbox 1154 5160 1187 5210; x_wconf 85' lang='lat' dir='ltr'><strong>im</strong></span> <span class='ocrx_word' id='word_1_533' title='bbox 1205 5161 1318 5211; x_wconf 78' lang='lat' dir='ltr'><strong>Arrhivr&#39;o</strong></span> <span class='ocrx_word' id='word_1_534' title='bbox 1336 5161 1364 5209; x_wconf 82' lang='lat' dir='ltr'><strong>di</strong></span> <span class='ocrx_word' id='word_1_535' title='bbox 1380 5161 1447 5210; x_wconf 76' lang='lat' dir='ltr'><strong>Staio</strong></span> <span class='ocrx_word' id='word_1_536' title='bbox 1463 5179 1493 5210; x_wconf 85' lang='lat' dir='ltr'><strong>ru</strong></span> <span class='ocrx_word' id='word_1_537' title='bbox 1512 5163 1629 5230; x_wconf 82' lang='lat' dir='ltr'><strong>Bologna.</strong></span> 
     </span>
    </p>
   </div>
   <div class='ocr_carea' id='block_1_9' title="bbox 90 5317 516 5328">
    <p class='ocr_par' dir='ltr' id='par_1_9' title="bbox 90 5317 516 5328">
     <span class='ocr_line' id='line_1_50' title="bbox 90 5317 516 5328; baseline -0.005 0"><span class='ocrx_word' id='word_1_538' title='bbox 90 5319 208 5328; x_wconf 57' lang='grc' dir='ltr'>...μ-</span> <span class='ocrx_word' id='word_1_539' title='bbox 427 5317 516 5324; x_wconf 45' lang='grc' dir='ltr'><strong>-ᾕ-</strong></span> 
     </span>
    </p>
   </div>
   <div class='ocr_carea' id='block_1_10' title="bbox 89 5410 1766 5622">
    <p class='ocr_par' dir='ltr' id='par_1_10' title="bbox 89 5410 1766 5622">
     <span class='ocr_line' id='line_1_51' title="bbox 253 5410 1766 5480; baseline -0.001 -18"><span class='ocrx_word' id='word_1_540' title='bbox 253 5417 279 5480; x_wconf 82' lang='lat' dir='ltr'><strong>a)</strong></span> <span class='ocrx_word' id='word_1_541' title='bbox 298 5414 360 5464; x_wconf 88' lang='lat' dir='ltr'><strong>sicut</strong></span> <span class='ocrx_word' id='word_1_542' title='bbox 378 5414 420 5479; x_wconf 91' lang='lat' dir='ltr'><strong>qni</strong></span> <span class='ocrx_word' id='word_1_543' title='bbox 438 5429 486 5464; x_wconf 78' lang='lat' dir='ltr'><strong>von</strong></span> <span class='ocrx_word' id='word_1_544' title='bbox 503 5412 634 5462; x_wconf 80' lang='lat' dir='ltr'><strong>drmklerer</strong></span> <span class='ocrx_word' id='word_1_545' title='bbox 651 5411 726 5460; x_wconf 84' lang='lat' dir='ltr'><strong>Dintc</strong></span> <span class='ocrx_word' id='word_1_546' title='bbox 797 5411 824 5472; x_wconf 88' lang='lat' dir='ltr'><strong>b)</strong></span> <span class='ocrx_word' id='word_1_547' title='bbox 843 5427 890 5460; x_wconf 82' lang='lat' dir='ltr'><strong>von</strong></span> <span class='ocrx_word' id='word_1_548' title='bbox 908 5417 934 5461; x_wconf 87' lang='lat' dir='ltr'><strong>ut</strong></span> <span class='ocrx_word' id='word_1_549' title='bbox 950 5428 985 5461; x_wconf 83' lang='lat' dir='ltr'><strong>arr</strong></span> <span class='ocrx_word' id='word_1_550' title='bbox 999 5412 1120 5477; x_wconf 73' lang='lat' dir='ltr'><strong>gedrci&#39;ngt</strong></span> <span class='ocrx_word' id='word_1_551' title='bbox 1137 5411 1189 5476; x_wconf 81' lang='lat' dir='ltr'><strong>auf</strong></span> <span class='ocrx_word' id='word_1_552' title='bbox 1202 5413 1287 5459; x_wconf 74' lang='lat' dir='ltr'><strong>Rancr</strong></span> <span class='ocrx_word' id='word_1_553' title='bbox 1303 5427 1351 5462; x_wconf 82' lang='lat' dir='ltr'><strong>von</strong></span> <span class='ocrx_word' id='word_1_554' title='bbox 1369 5411 1500 5462; x_wconf 73' lang='lat' dir='ltr'><strong>durtklrrcr</strong></span> <span class='ocrx_word' id='word_1_555' title='bbox 1516 5410 1592 5460; x_wconf 80' lang='lat' dir='ltr'><strong>Dirrte</strong></span> <span class='ocrx_word' id='word_1_556' title='bbox 1676 5411 1700 5474; x_wconf 84' lang='lat' dir='ltr'><strong>c)</strong></span> <span class='ocrx_word' id='word_1_557' title='bbox 1718 5425 1766 5460; x_wconf 85' lang='lat' dir='ltr'><strong>von</strong></span> 
     </span>
     <span class='ocr_line' id='line_1_52' title="bbox 89 5481 1766 5553; baseline -0.004 -15"><span class='ocrx_word' id='word_1_558' title='bbox 89 5495 115 5538; x_wconf 85' lang='lat' dir='ltr'><strong>ut</strong></span> <span class='ocrx_word' id='word_1_559' title='bbox 142 5505 175 5536; x_wconf 78' lang='lat' dir='ltr'><strong>an</strong></span> <span class='ocrx_word' id='word_1_560' title='bbox 201 5487 255 5553; x_wconf 75' lang='lat' dir='ltr'><strong>arcs</strong></span> <span class='ocrx_word' id='word_1_561' title='bbox 275 5488 360 5535; x_wconf 80' lang='lat' dir='ltr'><strong>Rasur</strong></span> <span class='ocrx_word' id='word_1_562' title='bbox 381 5502 428 5535; x_wconf 78' lang='lat' dir='ltr'><strong>von</strong></span> <span class='ocrx_word' id='word_1_563' title='bbox 452 5485 582 5536; x_wconf 73' lang='lat' dir='ltr'><strong>durklerer</strong></span> <span class='ocrx_word' id='word_1_564' title='bbox 605 5484 680 5533; x_wconf 68' lang='lat' dir='ltr'><strong>Dinia</strong></span> <span class='ocrx_word' id='word_1_565' title='bbox 787 5483 814 5544; x_wconf 70' lang='lat' dir='ltr'><strong>d)</strong></span> <span class='ocrx_word' id='word_1_566' title='bbox 833 5483 885 5547; x_wconf 84' lang='lat' dir='ltr'><strong>auf</strong></span> <span class='ocrx_word' id='word_1_567' title='bbox 899 5486 982 5532; x_wconf 81' lang='lat' dir='ltr'><strong>Rasur</strong></span> <span class='ocrx_word' id='word_1_568' title='bbox 1006 5499 1054 5531; x_wconf 77' lang='lat' dir='ltr'><strong>von</strong></span> <span class='ocrx_word' id='word_1_569' title='bbox 1078 5483 1207 5531; x_wconf 81' lang='lat' dir='ltr'><strong>dunklerer</strong></span> <span class='ocrx_word' id='word_1_570' title='bbox 1231 5484 1313 5532; x_wconf 78' lang='lat' dir='ltr'><strong>Dinte.</strong></span> <span class='ocrx_word' id='word_1_571' title='bbox 1365 5521 1385 5528; x_wconf 86' lang='grc'><strong>..</strong></span> <span class='ocrx_word' id='word_1_572' title='bbox 1406 5489 1441 5542; x_wconf 69' lang='grc'><strong>,1)</strong></span> <span class='ocrx_word' id='word_1_573' title='bbox 1463 5483 1576 5541; x_wconf 81' lang='lat' dir='ltr'><strong>Obertus,</strong></span> <span class='ocrx_word' id='word_1_574' title='bbox 1604 5481 1706 5547; x_wconf 72' lang='lat' dir='ltr'><strong>Br&#39;sctof</strong></span> <span class='ocrx_word' id='word_1_575' title='bbox 1718 5497 1766 5531; x_wconf 82' lang='lat' dir='ltr'><strong>von</strong></span> 
     </span>
     <span class='ocr_line' id='line_1_53' title="bbox 93 5554 1741 5622; baseline -0.004 -12"><span class='ocrx_word' id='word_1_576' title='bbox 93 5560 208 5620; x_wconf 66' lang='lat' dir='ltr'><strong>Terram,</strong></span> <span class='ocrx_word' id='word_1_577' title='bbox 232 5561 371 5610; x_wconf 81' lang='lat' dir='ltr'><strong>1153-c.</strong></span> <span class='ocrx_word' id='word_1_578' title='bbox 391 5560 466 5608; x_wconf 77' lang='lat'><strong><em>1184.</em></strong></span> <span class='ocrx_word' id='word_1_579' title='bbox 539 5563 565 5622; x_wconf 84' lang='lat'><strong>2)</strong></span> <span class='ocrx_word' id='word_1_580' title='bbox 590 5556 665 5621; x_wconf 83' lang='lat' dir='ltr'><strong>Vergl.</strong></span> <span class='ocrx_word' id='word_1_581' title='bbox 684 5555 721 5604; x_wconf 83' lang='lat' dir='ltr'><strong>die</strong></span> <span class='ocrx_word' id='word_1_582' title='bbox 743 5555 801 5604; x_wconf 85' lang='lat' dir='ltr'><strong>Urk.</strong></span> <span class='ocrx_word' id='word_1_583' title='bbox 821 5570 875 5604; x_wconf 86' lang='lat' dir='ltr'><strong>vom</strong></span> <span class='ocrx_word' id='word_1_584' title='bbox 894 5558 909 5604; x_wconf 78' lang='lat'><em>2</em></span> <span class='ocrx_word' id='word_1_585' title='bbox 930 5555 985 5604; x_wconf 85' lang='lat' dir='ltr'><strong>Mai</strong></span> <span class='ocrx_word' id='word_1_586' title='bbox 1003 5557 1077 5606; x_wconf 82' lang='lat'><strong><em>1180.</em></strong></span> <span class='ocrx_word' id='word_1_587' title='bbox 1151 5561 1178 5620; x_wconf 65' lang='lat'><strong>3)</strong></span> <span class='ocrx_word' id='word_1_588' title='bbox 1204 5554 1274 5602; x_wconf 76' lang='lat' dir='ltr'><strong>Wotl</strong></span> <span class='ocrx_word' id='word_1_589' title='bbox 1289 5557 1355 5606; x_wconf 77' lang='lat' dir='ltr'><strong>nicht</strong></span> <span class='ocrx_word' id='word_1_590' title='bbox 1371 5557 1405 5605; x_wconf 86' lang='lat' dir='ltr'><strong>bis</strong></span> <span class='ocrx_word' id='word_1_591' title='bbox 1427 5557 1492 5604; x_wconf 74' lang='lat'><strong><em>1160</em></strong></span> <span class='ocrx_word' id='word_1_592' title='bbox 1508 5554 1741 5606; x_wconf 65' lang='lat' dir='ltr'><strong>mmckzudarierm</strong></span> 
     </span>
    </p>
   </div>
   <div class='ocr_carea' id='block_1_11' title="bbox 0 0 2089 6356">
    <p class='ocr_par' dir='ltr' id='par_1_11' title="bbox 0 0 2089 6356">
     <span class='ocr_line' id='line_1_54' title="bbox 0 0 2089 6356; baseline 0 0"><span class='ocrx_word' id='word_1_593' title='bbox 0 0 2089 6356; x_wconf 95' lang='lat' dir='ltr'><strong> </strong></span> 
     </span>
    </p>
   </div>
  </div>
 </body>
</html>
