4126 6366
326 326 391 400 320

324 505 532 570 ecclesiarum
562 505 749 568 sollicitudo
779 523 839 566 nos
870 513 1047 577 ammonet,
1078 523 1142 584 que
1171 512 1286 566 contra
1315 523 1371 565 eas
1401 513 1579 566 noscuntur
1601 513 1801 586 presumpta,
1832 505 1997 588 corrigere

324 605 357 658 et
381 597 522 677 ipsarum
547 594 760 668 indemnitati,
785 602 942 674 quantum
973 612 1047 654 cum
1077 593 1200 655 iustitia
1222 612 1407 674 possumus,
1432 594 1466 655 in
1489 593 1624 655 domino
1648 595 1830 675 providere.
1875 594 1996 658 Atten-

324 684 438 747 dentes
460 685 563 765 igitur,
588 690 668 764 quot
692 682 923 764 oppressiones
947 691 1134 762 quantaque
1157 680 1329 763 dispendia
1344 682 1522 758 Berardus,
1538 682 1705 763 quondam
1728 683 1832 746 abbas
1856 683 1999 747 ecclesie

323 783 438 849 vestre,
462 793 520 855 per
543 771 869 835 amministrationem
892 769 987 832 vobis
1010 771 1144 833 noxiam
1169 771 1322 851 irrogavit
1341 766 1374 852 ¹),
1405 790 1521 832 omnes
1545 779 1731 836 contractus
1756 772 1939 836 damnosos
1962 785 1998 836 et

324 861 450 924 illicitas
480 863 667 944 pactiones,
699 861 741 923 ab
774 861 849 942 ipso
880 859 950 922 sine
983 879 1144 922 consensu
1175 859 1308 940 capituli
1341 879 1415 922 cum
1448 861 1597 942 personis
1627 860 1717 924 laicis
1748 862 1780 924 in
1812 863 1997 944 dampnum

322 951 510 1014 monasterii
544 952 661 1027 lactas,
694 951 836 1013 maxime
869 948 1081 1011 alienationes
1114 947 1261 1029 aliosque
1294 958 1497 1024 contractus,
1530 969 1613 1030 quos
1647 951 1679 1013 in
1712 949 1810 1014 Curte
1841 971 1931 1014 nova
1963 953 1997 1014 in

323 1039 478 1103 damnum
508 1041 644 1103 ecclesie
676 1040 760 1114 fecit,
794 1037 977 1119 apostolica
1007 1039 1200 1101 auctoritate
1223 1057 1389 1101 cassamus
1414 1047 1447 1100 et
1470 1039 1575 1100 irritas
1598 1059 1671 1102 esse
1695 1060 1874 1104 censemus.
1921 1041 1997 1103 Pre-

323 1130 423 1191 sentis
448 1131 558 1210 scripti
589 1130 709 1211 pagina
738 1126 961 1209 prohibentes
992 1136 1027 1189 ut
1057 1126 1162 1190 nullus
1193 1125 1293 1190 laicus
1316 1147 1376 1188 vos
1399 1125 1450 1189 vel
1474 1129 1708 1192 monasterium
1730 1139 1875 1192 vestmm
1898 1149 1998 1192 occa·

323 1219 415 1280 sione
440 1219 625 1281 investiture
648 1217 700 1281 vel
723 1217 856 1279 alicuius
880 1225 1075 1292 contractus,
1100 1236 1198 1297 quem
1221 1236 1295 1278 cum
1319 1215 1468 1298 predicto
1491 1217 1644 1292 Berardo,
1676 1238 1742 1280 non
1765 1219 1999 1281 consentiente

323 1305 482 1388 capitul0‚
519 1308 552 1369 in
585 1307 686 1388 ipsius
718 1305 906 1367 monasterii
937 1305 1091 1368 damnum
1116 1306 1230 1380 inierit,
1261 1306 1418 1386 impetere
1448 1305 1500 1367 vel
1530 1305 1704 1369 molestare
1734 1319 1910 1388 presumat.
1961 1307 1998 1370 Si

323 1396 395 1477 quis
419 1404 528 1459 autern
551 1394 615 1459 hoc
638 1405 833 1476 attemptare
863 1395 1107 1476 presumpserit,
1138 1394 1397 1475 indignationem
1427 1395 1664 1476 omnipotentis
1687 1396 1740 1458 dei
1764 1405 1797 1458 et
1820 1397 1999 1460 beatorum

322 1485 406 1547 Petri
436 1494 470 1547 et
492 1485 590 1561 Pauli,
613 1483 839 1567 apostolorum
863 1485 940 1560 eius,
971 1504 1007 1546 se
1036 1484 1163 1546 noverit
1194 1485 1394 1546 incursurum
1417 1479 1454 1566 ²).
1478 1519 1520 1528 -
1544 1484 1621 1548 Dat.
1650 1484 1791 1561 Verone‚
1823 1497 1886 1546 v111
1918 1486 2001 1550 Idus

323 1573 500 1636 Februarii.

483 1687 549 1736 Zwei
563 1687 715 1753 Absctn'san
732 1703 787 1737 vom
810 1689 840 1738 13
861 1688 954 1752 Jahrb.
973 1687 1020 1737 Nr.
1043 1688 1093 1736 104
1111 1685 1167 1740 uad
1182 1687 1260 1746 2106,
1279 1687 1312 1736 im
1330 1687 1443 1738 Arcdr'uio
1462 1686 1611 1752 Munr'cr'ptale
1627 1704 1658 1736 su
1679 1687 1804 1738 Cremona.

1065 1971 1131 2046 Nr.
1158 1973 1246 2047 359.

324 2106 443 2171 Lucius
460 2103 524 2170 III
541 2102 692 2191 bestdtr'gt
716 2105 789 2169 dem
807 2101 1145 2168 Kanonikerkonvente
1164 2125 1225 2168 von
1242 2102 1310 2168 San
1333 2100 1471 2168 dhrhele
1494 2104 1534 2168 di
1555 2104 1738 2169 Nonantola
1761 2103 1818 2190 (D.
1835 2103 2000 2190 Modera)

322 2197 434 2260 seinen
450 2195 629 2272 Besclrluss,
645 2194 724 2259 dass
738 2193 794 2258 die
810 2192 900 2258 Zalrl
910 2212 971 2256 aon
986 2195 1030 2255 12
1047 2190 1256 2257 Kanonr'kern
1271 2192 1502 2258 r'e'berscleritten
1516 2193 1646 2258 werden
1661 2193 1765 2275 dnm,
1781 2216 1820 2258 er
1832 2193 2000 2268 verbisne,

893 2281 973 2345 dass
989 2283 1174 2366 irgendwer
1186 2283 1236 2346 sie
1250 2282 1413 2366 telestige.

955 2399 1039 2460 1185
1053 2397 1155 2482 April
1165 2401 1194 2463 6.
1234 2396 1363 2463 Verona.

289 2575 293 2582 .
482 2519 615 2580 LUCIUS
647 2515 832 2597 episcopus,
863 2535 974 2577 servus
997 2535 1162 2578 servorum
1180 2517 1241 2591 dei,
1266 2516 1393 2579 dilectis
1409 2514 1491 2591 filiis,
1524 2511 1702 2599 ,Henr(ico)
1718 2515 2001 2596 archipresbitero

324 2618 357 2669 et
381 2606 547 2670 canonicis
563 2603 669 2688 plebis
686 2605 790 2667 sancti
806 2597 986 2686 Milchaelis
1003 2603 1044 2666 de
1059 2605 1257 2681 Nonantula,
1281 2605 1419 2668 salutem
1436 2615 1469 2668 et
1484 2604 1700 2686 apostolicam
1717 2604 2002 2668 benedictionem.

325 2697 362 2759 ln
392 2697 451 2772 his,
482 2717 546 2776 que
577 2695 659 2756 iuste
690 2693 866 2774 requiritis,
904 2691 998 2756 facile
1028 2691 1173 2756 savorem
1204 2703 1354 2758 nostrum
1385 2691 1547 2778 obltinere
1577 2694 1719 2768 debetis,
1754 2714 1796 2756 ne
1825 2693 2002 2757 videamur

326 2786 426 2848 iustas
456 2784 638 2866 peticiones
669 2802 810 2856 renuere,
841 2801 922 2862 quas
953 2782 1131 2845 clementer
1160 2803 1220 2846 nos
1251 2785 1405 2846 convenit
1434 2793 1469 2847 et
1497 2783 1673 2846 efficaciter
1702 2782 1866 2846 exaudire.
1912 2783 2002 2846 Inde

325 2884 391 2950 est,
421 2874 519 2956 quod,
558 2891 632 2935 cum
662 2872 929 2933 numerositatem
961 2872 1208 2948 canonicorum,
1242 2894 1305 2954 que
1336 2883 1406 2936 erat
1439 2873 1471 2935 in
1504 2871 1642 2935 ecclesia
1664 2882 1781 2948 vestra,
1814 2871 2002 2934 studiosius

325 2963 541 3038 attendentes,
564 2959 754 3036 deliberato,
778 2960 862 3022 sicut
886 2959 1037 3033 asseritis
1061 2959 1207 3036 consilio,
1231 2962 1416 3038 statueritis,
1441 2971 1476 3024 ut
1499 2960 1638 3024 ecclesia
1659 2971 1767 3024 vestra
1790 2960 2001 3022 duodenario

325 3052 556 3116 canonicorum
586 3069 721 3112 numero
739 3046 764 3132 ²)
795 3049 914 3111 debeat
943 3069 1016 3111 esse
1045 3059 1216 3126 contenta,
1247 3053 1307 3126 ita,
1341 3050 1431 3132 quod
1461 3051 1503 3114 ad
1533 3049 1756 3133 recipiendum
1787 3048 1932 3131 aliquem
1966 3051 2001 3112 in

324 3142 518 3204 canonicum
542 3139 625 3202 ultra
648 3158 816 3201 numerum
840 3138 947 3219 ipsum
970 3157 1030 3199 vos
1054 3147 1109 3201 aut
1132 3158 1337 3203 successores
1361 3139 1459 3203 vestri
1483 3159 1549 3203 non
1566 3139 1714 3202 debeatis
1730 3138 1839 3220 aliqua
1862 3139 2002 3201 racione

325 3229 487 3313 compelli,
510 3229 572 3291 nisi
596 3227 822 3311 possessiones
839 3226 984 3289 eiusdem
1001 3226 1137 3291 ecclesie
1153 3228 1199 3291 ita
1221 3229 1359 3292 adaucte
1382 3229 1501 3292 suerint
1524 3229 1614 3310 quod
1639 3228 1784 3310 pluribus
1801 3222 2000 3312 [cano]nicis

324 3319 471 3382 sufficere
486 3318 623 3400 possint,
640 3311 794 3401 [iusti(?)]s
809 3317 924 3378 vestris
947 3316 1223 3398 postulationibus
1239 3316 1393 3394 inclinati,
1417 3316 1519 3380 felicis
1534 3317 1770 3381 recordationis
1784 3313 2001 3399 Al(exandri)

324 3428 420 3490 pape,
444 3406 684 3489 predecessoris
708 3405 819 3480 nostri,
841 3405 986 3486 vestigiis
1016 3405 1200 3469 inherentes
1218 3404 1252 3490 ⁸),
1285 3407 1552 3470 constitutionem
1585 3408 1700 3489 ipsam,
1733 3406 1879 3479 avobis,
1908 3407 2001 3468 sicut

324 3498 475 3572 diximus,
500 3497 629 3570 factam,
653 3503 757 3556 ratam
780 3494 938 3556 habemus
962 3505 994 3557 et
1018 3495 1144 3558 firmam
1176 3515 1315 3578 eamque
1338 3497 1531 3559 auctoritate
1555 3495 1737 3578 apostolica
1761 3494 2001 3558 confirmamus

322 3597 355 3648 et
378 3585 538 3667 presentis
561 3585 673 3665 scripti
696 3584 879 3665 patrocinio
903 3585 1151 3647 communimus
1193 3584 1383 3648 Inhibemus
1407 3582 1436 3670 b)
1460 3586 1599 3666 insuper,
1623 3605 1666 3648 ne
1689 3585 1761 3666 quis
1784 3583 1880 3646 vobis
1903 3584 2000 3647 inde

321 3675 408 3738 bitas
437 3674 627 3738 exactiones
658 3674 806 3755 imponat
836 3681 891 3736 aut
921 3673 953 3734 in
983 3693 1043 3735 vos
1075 3675 1425 3737 excommunicationis
1454 3695 1511 3737 seu
1541 3674 1766 3756 suspensionis
1797 3675 2001 3736 sententiam

323 3765 393 3827 sine
417 3764 590 3826 manifesta
613 3770 646 3824 et
669 3760 854 3825 rationabili
878 3757 904 3844 c)
934 3781 1034 3825 causa
1063 3762 1257 3844 promulget.
1302 3762 1391 3825 Nulli
1421 3783 1500 3844 ergo
1524 3765 1660 3826 omnino
1692 3762 1863 3825 hominum
1886 3761 1999 3837 liceat,

322 3853 406 3917 hanc
436 3854 591 3936 paginam
621 3861 731 3914 nostre
761 3849 1018 3914 confirmationis
1051 3861 1084 3914 et
1114 3850 1345 3934 prohibitionis
1370 3851 1542 3933 infringere
1574 3852 1626 3916 vel
1656 3851 1685 3914 ei
1716 3871 1795 3914 ausu
1819 3855 2000 3914 temerario

322 3943 491 4006 contraire.
537 3941 571 4005 Si
603 3941 674 4022 quis
705 3950 814 4003 autem
843 3939 908 4002 hoc
938 3950 1133 4023 attemptare
1163 3942 1409 4023 presumpserit,
1437 3941 1695 4022 indignationem
1719 3941 1964 4022 omnipotentis

323 4031 374 4093 dei
398 4041 430 4094 et
453 4031 624 4094 beatorum
640 4030 725 4092 Petri
749 4038 782 4091 et
797 4029 895 4104 Pauli,
920 4029 1145 4111 apostolorum
1162 4030 1240 4106 eius,
1264 4050 1300 4092 se
1323 4029 1449 4093 noverit
1473 4031 1682 4094 incursurum.
1699 4065 1742 4074 —
1758 4030 1835 4092 Dat.
1851 4029 2000 4106 Verone,

323 4131 385 4182 v111
410 4121 485 4182 Idus
509 4119 613 4202 April.

485 4233 528 4283 Or.
547 4233 580 4282 im
598 4233 711 4282 Archiv&
728 4232 792 4280 della
808 4247 891 4281 nnenso
908 4232 1026 4280 abbmiale
1043 4247 1074 4280 su
1091 4232 1236 4283 Nonantula.

484 4305 553 4370 Perg.
570 4305 631 4365 irat,
650 4305 685 4354 br.
705 4303 1182 4368 0,208-0,212,lm30,193,unren
1201 4305 1278 4365 11021
1302 4307 1493 4372 umgeschlagen,
1522 4305 1600 4355 durch
1623 4303 1682 4354 πνεῖ
1697 4304 1790 4354 deleer
1808 4305 1866 4370 gel!
1889 4305 1929 4354 δι’(
1955 4321 1999 4354 ur·

321 4376 460 4442 spriinglirlr
478 4393 533 4426 rasa
550 4376 606 4426 und
617 4376 682 4442 gelde
699 4375 881 4436 Seiderrsclrmrr,
900 4374 971 4424 deren
990 4375 1115 4442 Blrr‘sr'egel
1128 4378 1244 4435 aerlerm,
1264 4375 1373 4443 Fallung
1390 4377 1433 4428 der
1449 4377 1552 4428 Brevem.

1063 4661 1129 4736 Nr.
1158 4665 1247 4738 360.

323 4793 445 4859 Lucius
460 4791 662 4874 IIIfordert
677 4791 742 4856 alle
762 4791 942 4877 Gldnbigen
962 4793 1019 4858 des
1036 4791 1265 4878 Kdnigrer'clees
1281 4793 1424 4874 Sicilien,
1449 4815 1512 4859 von
1535 4791 1676 4860 Tuscana
1699 4791 1770 4859 and
1785 4790 1899 4859 Genua
1923 4793 1999 4877 aus,

322 4883 395 4948 dem
410 4881 582 4968 Hospitale
596 4902 657 4946 uon
672 4879 793 4965 Stagna
815 4882 875 4963 (D.
892 4883 985 4966 Pisa)
1000 4882 1150 4948 Almosen
1170 4905 1246 4949 nam
1260 4886 1332 4949 Bau
1353 4885 1446 4948 einer
1459 4883 1584 4949 Bnlcke
1605 4885 1794 4950 eukomrnen
1816 4905 1857 4948 aa
1879 4883 1998 4963 lassen,

718 4973 830 5052 wofrtr
842 4992 879 5036 er
893 4972 993 5036 ihnen
1008 4971 1283 5060 dreisszgtligigen
1297 4973 1415 5038 Ablass
1422 4973 1584 5057 gewdhrt.

934 5089 1019 5152 1185
1032 5087 1134 5173 April
1144 5091 1201 5154 28.
1242 5087 1375 5154 Verona.

481 5204 615 5268 LUCIUS
645 5204 830 5286 episcopua,
861 5225 972 5269 servus
1002 5223 1170 5268 servorum
1186 5205 1248 5283 dei,
1272 5207 1430 5270 universis
1447 5205 1566 5270 Christi
1591 5207 1751 5284 fidelibus,
1775 5228 1836 5289 per
1858 5225 1997 5288 regnum

324 5291 454 5355 illustris
479 5291 587 5357 Sicilie
611 5294 704 5375 regis
728 5315 787 5377 per
801 5295 956 5358 Tusciam
979 5303 1012 5357 et
1034 5293 1169 5358 lanuam
1190 5294 1195 5380 1
1216 5297 1410 5373 constitutis,
1435 5296 1573 5360 salutem
1597 5309 1630 5360 et
1653 5297 1874 5381 apostolicam
1897 5297 1996 5359 bene·

482 5454 507 5508 al
526 5451 663 5501 incurssum
746 5453 774 5517 b)
793 5451 873 5503 boner
889 5469 917 5503 us
935 5455 1021 5504 Ram
1091 5454 1285 5516 elnatiombili.
1305 5457 1412 5510 -..1l
1438 5453 1515 5522 Vergl.
1534 5455 1571 5504 die
1586 5455 1702 5506 Urhmde
1719 5472 1775 5506 vom
1796 5458 1830 5506 10
1849 5455 1997 5520 71161185

323 5520 468 5585 (ll’eperton'o
492 5523 549 5586 dipl.
578 5524 712 5574 Cremonrsr
732 5533 756 5589 p.
777 5527 812 5572 60
829 5525 876 5573 Nr.
902 5527 980 5590 609).·
1005 5525 1161 5590 supplicatio
1189 5527 1287 5576 abbatis
1312 5527 1338 5576 S.
1368 5526 1428 5576 sixti
1453 5527 1615 5576 Placentinae
1643 5527 1675 5576 ad
1698 5529 1880 5592 imperatorem
1908 5533 1996 5577 oontn

322 5593 514 5656 Cremonenses,
545 5594 586 5659 qui
613 5595 738 5645 eiecerunt
763 5596 880 5645 abbatem
905 5597 1058 5646 Be'mardum
1085 5597 1117 5647 de
1143 5599 1295 5647 monasterio
1320 5604 1344 5646 et
1369 5597 1458 5647 iniuste
1479 5597 1625 5648 detinebant
1642 5598 1789 5662 Vastallarn,
1809 5600 1953 5649 Lucinrim
1972 5609 1996 5648 et

322 5663 435 5800 gastrum
454 5679 557 5724 novum3
576 5666 632 5715 ibid.
651 5666 697 5716 Nr.
717 5668 775 5727 5:³3,
795 5669 855 5728 626,
868 5670 919 5719 ⁶28
938 5685 964 5723 u,
984 5671 1015 5720 Α.
1090 5677 1116 5725 al
1141 5670 1218 5735 l'rrgl.
1236 5669 1379 5728 Teraboscln',
1391 5669 1472 5718 Storna
1483 5670 1511 5718 di
1520 5670 1658 5720 Nonmrtola
1671 5671 1688 5719 Ι
1691 5679 1718 5735 p.
1732 5673 1793 5722 213.
1869 5675 1897 5736 3)
1917 5671 1996 5736 νηί.

348 5733 403 5800 affe',
416 5737 474 5802 neg.
487 5739 565 5786 8483.
