<?xml version="1.0" encoding="UTF-8"?>
<!DOCTYPE html PUBLIC "-//W3C//DTD XHTML 1.0 Transitional//EN"
    "http://www.w3.org/TR/xhtml1/DTD/xhtml1-transitional.dtd">
<html xmlns="http://www.w3.org/1999/xhtml" xml:lang="en" lang="en">
 <head>
  <title>
</title>
<meta http-equiv="Content-Type" content="text/html;charset=utf-8" />
  <meta name='ocr-system' content='tesseract 3.04.00' />
  <meta name='ocr-capabilities' content='ocr_page ocr_carea ocr_par ocr_line ocrx_word'/>
</head>
<body>
  <div class='ocr_page' id='page_1' title='image "./actapontificumr00hargoog_0403.png"; bbox 0 0 4126 6366; ppageno 0'>
   <div class='ocr_carea' id='block_1_1' title="bbox 1681 342 1740 416">
    <p class='ocr_par' dir='ltr' id='par_1_1' title="bbox 1681 342 1740 416">
     <span class='ocr_line' id='line_1_1' title="bbox 1681 342 1740 416; baseline 0.034 -2"><span class='ocrx_word' id='word_1_1' title='bbox 1681 342 1740 416; x_wconf 83' lang='lat'><strong>391</strong></span> 
     </span>
    </p>
   </div>
   <div class='ocr_carea' id='block_1_2' title="bbox 61 509 1744 598">
    <p class='ocr_par' dir='ltr' id='par_1_2' title="bbox 61 509 1744 598">
     <span class='ocr_line' id='line_1_2' title="bbox 61 509 1744 598; baseline 0.005 -22"><span class='ocrx_word' id='word_1_2' title='bbox 61 509 357 577; x_wconf 86' lang='lat' dir='ltr'><strong>constitutionibus</strong></span> <span class='ocrx_word' id='word_1_3' title='bbox 385 509 462 576; x_wconf 87' lang='lat' dir='ltr'><strong>viris</strong></span> <span class='ocrx_word' id='word_1_4' title='bbox 485 509 715 578; x_wconf 86' lang='lat' dir='ltr'><strong>ecclesiasticis</strong></span> <span class='ocrx_word' id='word_1_5' title='bbox 738 513 905 598; x_wconf 89' lang='lat' dir='ltr'><strong>deputate,</strong></span> <span class='ocrx_word' id='word_1_6' title='bbox 936 515 998 582; x_wconf 92' lang='lat' dir='ltr'><strong>sub</strong></span> <span class='ocrx_word' id='word_1_7' title='bbox 1028 516 1287 583; x_wconf 83' lang='lat' dir='ltr'><strong>interminatione</strong></span> <span class='ocrx_word' id='word_1_8' title='bbox 1310 519 1526 584; x_wconf 86' lang='lat' dir='ltr'><strong>anathematis</strong></span> <span class='ocrx_word' id='word_1_9' title='bbox 1550 520 1744 598; x_wconf 84' lang='lat' dir='ltr'><strong>inhibemus,</strong></span> 
     </span>
    </p>
   </div>
   <div class='ocr_carea' id='block_1_3' title="bbox 58 601 1745 1044">
    <p class='ocr_par' dir='ltr' id='par_1_3' title="bbox 58 601 1745 1044">
     <span class='ocr_line' id='line_1_3' title="bbox 61 601 1743 694; baseline 0.005 -28"><span class='ocrx_word' id='word_1_10' title='bbox 61 623 106 666; x_wconf 91' lang='lat' dir='ltr'><strong>ne</strong></span> <span class='ocrx_word' id='word_1_11' title='bbox 139 604 316 685; x_wconf 92' lang='lat' dir='ltr'><strong>quisquam</strong></span> <span class='ocrx_word' id='word_1_12' title='bbox 349 601 451 666; x_wconf 89' lang='lat' dir='ltr'><strong>laicus</strong></span> <span class='ocrx_word' id='word_1_13' title='bbox 482 603 524 664; x_wconf 91' lang='lat' dir='ltr'><strong>de</strong></span> <span class='ocrx_word' id='word_1_14' title='bbox 552 601 721 667; x_wconf 88' lang='lat' dir='ltr'><strong>laboribus</strong></span> <span class='ocrx_word' id='word_1_15' title='bbox 743 608 859 668; x_wconf 91' lang='lat' dir='ltr'><strong>vestris</strong></span> <span class='ocrx_word' id='word_1_16' title='bbox 889 606 1035 670; x_wconf 91' lang='lat' dir='ltr'><strong>decimas</strong></span> <span class='ocrx_word' id='word_1_17' title='bbox 1058 629 1078 671; x_wconf 93' lang='lat' dir='ltr'><strong>a</strong></span> <span class='ocrx_word' id='word_1_18' title='bbox 1100 609 1196 672; x_wconf 91' lang='lat' dir='ltr'><strong>vobis</strong></span> <span class='ocrx_word' id='word_1_19' title='bbox 1219 612 1353 692; x_wconf 86' lang='lat' dir='ltr'><strong>exigere</strong></span> <span class='ocrx_word' id='word_1_20' title='bbox 1376 609 1427 672; x_wconf 92' lang='lat' dir='ltr'><strong>vel</strong></span> <span class='ocrx_word' id='word_1_21' title='bbox 1451 619 1648 691; x_wconf 87' lang='lat' dir='ltr'><strong>extorquere</strong></span> <span class='ocrx_word' id='word_1_22' title='bbox 1671 631 1743 694; x_wconf 91' lang='lat' dir='ltr'><strong>pre-</strong></span> 
     </span>
     <span class='ocr_line' id='line_1_4' title="bbox 59 690 1745 782; baseline 0.006 -28"><span class='ocrx_word' id='word_1_23' title='bbox 59 701 185 756; x_wconf 86' lang='lat' dir='ltr'><strong>sumat.</strong></span> <span class='ocrx_word' id='word_1_24' title='bbox 230 690 321 754; x_wconf 91' lang='lat' dir='ltr'><strong>Nulli</strong></span> <span class='ocrx_word' id='word_1_25' title='bbox 345 712 425 774; x_wconf 88' lang='lat' dir='ltr'><strong>ergo</strong></span> <span class='ocrx_word' id='word_1_26' title='bbox 450 695 585 756; x_wconf 90' lang='lat' dir='ltr'><strong>omnino</strong></span> <span class='ocrx_word' id='word_1_27' title='bbox 609 692 781 757; x_wconf 93' lang='lat' dir='ltr'><strong>hominum</strong></span> <span class='ocrx_word' id='word_1_28' title='bbox 805 695 911 771; x_wconf 88' lang='lat' dir='ltr'><strong>liceat,</strong></span> <span class='ocrx_word' id='word_1_29' title='bbox 933 695 1018 760; x_wconf 89' lang='lat' dir='ltr'><strong>hanc</strong></span> <span class='ocrx_word' id='word_1_30' title='bbox 1042 700 1196 780; x_wconf 85' lang='lat' dir='ltr'><strong>paginam</strong></span> <span class='ocrx_word' id='word_1_31' title='bbox 1220 709 1330 762; x_wconf 90' lang='lat' dir='ltr'><strong>nostre</strong></span> <span class='ocrx_word' id='word_1_32' title='bbox 1353 697 1553 763; x_wconf 84' lang='lat' dir='ltr'><strong>inhibitionis</strong></span> <span class='ocrx_word' id='word_1_33' title='bbox 1569 701 1745 782; x_wconf 83' lang='lat' dir='ltr'><strong>infringere</strong></span> 
     </span>
     <span class='ocr_line' id='line_1_5' title="bbox 58 781 1744 871; baseline 0.005 -27"><span class='ocrx_word' id='word_1_34' title='bbox 58 781 116 844; x_wconf 87' lang='lat' dir='ltr'><strong>vel</strong></span> <span class='ocrx_word' id='word_1_35' title='bbox 132 784 165 844; x_wconf 90' lang='lat' dir='ltr'><strong>ei</strong></span> <span class='ocrx_word' id='word_1_36' title='bbox 181 801 261 845; x_wconf 90' lang='lat' dir='ltr'><strong>ausu</strong></span> <span class='ocrx_word' id='word_1_37' title='bbox 277 782 450 845; x_wconf 89' lang='lat' dir='ltr'><strong>temerario</strong></span> <span class='ocrx_word' id='word_1_38' title='bbox 466 783 636 845; x_wconf 89' lang='lat' dir='ltr'><strong>contraire.</strong></span> <span class='ocrx_word' id='word_1_39' title='bbox 670 781 705 846; x_wconf 90' lang='lat' dir='ltr'><strong>Si</strong></span> <span class='ocrx_word' id='word_1_40' title='bbox 723 787 796 866; x_wconf 91' lang='lat' dir='ltr'><strong>quis</strong></span> <span class='ocrx_word' id='word_1_41' title='bbox 811 793 921 848; x_wconf 89' lang='lat' dir='ltr'><strong>autem</strong></span> <span class='ocrx_word' id='word_1_42' title='bbox 937 785 1002 849; x_wconf 92' lang='lat' dir='ltr'><strong>hoc</strong></span> <span class='ocrx_word' id='word_1_43' title='bbox 1018 795 1215 869; x_wconf 85' lang='lat' dir='ltr'><strong>attemptare</strong></span> <span class='ocrx_word' id='word_1_44' title='bbox 1227 792 1472 871; x_wconf 85' lang='lat' dir='ltr'><strong>presumpserit,</strong></span> <span class='ocrx_word' id='word_1_45' title='bbox 1485 789 1744 871; x_wconf 86' lang='lat' dir='ltr'><strong>indignationem</strong></span> 
     </span>
     <span class='ocr_line' id='line_1_6' title="bbox 59 871 1742 956; baseline 0.005 -22"><span class='ocrx_word' id='word_1_46' title='bbox 59 871 316 956; x_wconf 73' lang='lat' dir='ltr'><strong>omnipoltentis</strong></span> <span class='ocrx_word' id='word_1_47' title='bbox 340 872 394 934; x_wconf 91' lang='lat' dir='ltr'><strong>dei</strong></span> <span class='ocrx_word' id='word_1_48' title='bbox 418 880 453 934; x_wconf 90' lang='lat' dir='ltr'><strong>et</strong></span> <span class='ocrx_word' id='word_1_49' title='bbox 466 872 638 934; x_wconf 87' lang='lat' dir='ltr'><strong>beatorum</strong></span> <span class='ocrx_word' id='word_1_50' title='bbox 655 874 743 936; x_wconf 91' lang='lat' dir='ltr'><strong>Petri</strong></span> <span class='ocrx_word' id='word_1_51' title='bbox 758 881 792 936; x_wconf 94' lang='lat' dir='ltr'><strong>et</strong></span> <span class='ocrx_word' id='word_1_52' title='bbox 808 873 906 950; x_wconf 89' lang='lat' dir='ltr'><strong>Pauli,</strong></span> <span class='ocrx_word' id='word_1_53' title='bbox 930 876 1155 956; x_wconf 90' lang='lat' dir='ltr'><strong>apostolorum</strong></span> <span class='ocrx_word' id='word_1_54' title='bbox 1173 877 1248 952; x_wconf 90' lang='lat' dir='ltr'><strong>eius,</strong></span> <span class='ocrx_word' id='word_1_55' title='bbox 1271 897 1307 940; x_wconf 92' lang='lat' dir='ltr'><strong>se</strong></span> <span class='ocrx_word' id='word_1_56' title='bbox 1327 881 1454 941; x_wconf 92' lang='lat' dir='ltr'><strong>noverit</strong></span> <span class='ocrx_word' id='word_1_57' title='bbox 1474 879 1684 942; x_wconf 89' lang='lat' dir='ltr'><strong>incursurum.</strong></span> <span class='ocrx_word' id='word_1_58' title='bbox 1702 914 1742 926; x_wconf 91' lang='lat'><em>-</em></span> 
     </span>
     <span class='ocr_line' id='line_1_7' title="bbox 58 959 1653 1044; baseline 0.005 -21"><span class='ocrx_word' id='word_1_59' title='bbox 58 959 142 1023; x_wconf 89' lang='lat' dir='ltr'><strong>Dat.</strong></span> <span class='ocrx_word' id='word_1_60' title='bbox 164 959 169 1044; x_wconf 75' lang='lat' dir='ltr'><strong>l</strong></span> <span class='ocrx_word' id='word_1_61' title='bbox 188 962 298 1023; x_wconf 86' lang='lat' dir='ltr'><strong>Rome</strong></span> <span class='ocrx_word' id='word_1_62' title='bbox 321 961 409 1042; x_wconf 90' lang='lat' dir='ltr'><strong>apud</strong></span> <span class='ocrx_word' id='word_1_63' title='bbox 433 969 581 1024; x_wconf 90' lang='lat' dir='ltr'><strong>sanctum</strong></span> <span class='ocrx_word' id='word_1_64' title='bbox 604 963 746 1037; x_wconf 89' lang='lat' dir='ltr'><strong>Petrum,</strong></span> <span class='ocrx_word' id='word_1_65' title='bbox 770 976 806 1024; x_wconf 81' lang='lat' dir='ltr'><strong>VI</strong></span> <span class='ocrx_word' id='word_1_66' title='bbox 830 961 917 1026; x_wconf 82' lang='lat' dir='ltr'><strong>Ndn.</strong></span> <span class='ocrx_word' id='word_1_67' title='bbox 941 963 1020 1027; x_wconf 94' lang='lat' dir='ltr'><strong>Iulii.</strong></span> <span class='ocrx_word' id='word_1_68' title='bbox 1067 965 1280 1030; x_wconf 87' lang='lat' dir='ltr'><strong>Pontificatus</strong></span> <span class='ocrx_word' id='word_1_69' title='bbox 1304 969 1405 1030; x_wconf 90' lang='lat' dir='ltr'><strong>nostri</strong></span> <span class='ocrx_word' id='word_1_70' title='bbox 1429 989 1516 1031; x_wconf 90' lang='lat' dir='ltr'><strong>anno</strong></span> <span class='ocrx_word' id='word_1_71' title='bbox 1540 970 1653 1032; x_wconf 90' lang='lat' dir='ltr'><strong>tercio.</strong></span> 
     </span>
    </p>
   </div>
   <div class='ocr_carea' id='block_1_4' title="bbox 56 1074 1744 1287">
    <p class='ocr_par' dir='ltr' id='par_1_4' title="bbox 56 1074 1744 1287">
     <span class='ocr_line' id='line_1_8' title="bbox 229 1074 789 1139; baseline 0.004 -15"><span class='ocrx_word' id='word_1_72' title='bbox 229 1075 273 1126; x_wconf 88' lang='lat' dir='ltr'><strong>Or.</strong></span> <span class='ocrx_word' id='word_1_73' title='bbox 292 1075 326 1124; x_wconf 83' lang='lat' dir='ltr'><strong>im</strong></span> <span class='ocrx_word' id='word_1_74' title='bbox 343 1075 458 1124; x_wconf 77' lang='lat' dir='ltr'><strong>Archivio</strong></span> <span class='ocrx_word' id='word_1_75' title='bbox 479 1074 614 1139; x_wconf 70' lang='lat' dir='ltr'><strong>capitolare</strong></span> <span class='ocrx_word' id='word_1_76' title='bbox 631 1091 661 1124; x_wconf 80' lang='lat' dir='ltr'><strong>su</strong></span> <span class='ocrx_word' id='word_1_77' title='bbox 685 1075 789 1126; x_wconf 85' lang='lat' dir='ltr'><strong>Vercelli.</strong></span> 
     </span>
     <span class='ocr_line' id='line_1_9' title="bbox 228 1147 1744 1219; baseline 0.003 -22"><span class='ocrx_word' id='word_1_78' title='bbox 228 1147 298 1213; x_wconf 82' lang='lat' dir='ltr'><strong>Perg.</strong></span> <span class='ocrx_word' id='word_1_79' title='bbox 318 1147 379 1206; x_wconf 70' lang='lat' dir='ltr'><strong>irat,</strong></span> <span class='ocrx_word' id='word_1_80' title='bbox 397 1147 433 1196; x_wconf 83' lang='lat' dir='ltr'><strong>br.</strong></span> <span class='ocrx_word' id='word_1_81' title='bbox 452 1148 541 1206; x_wconf 83' lang='lat'><strong>0,176,</strong></span> <span class='ocrx_word' id='word_1_82' title='bbox 559 1148 621 1212; x_wconf 81' lang='lat' dir='ltr'><strong>lang</strong></span> <span class='ocrx_word' id='word_1_83' title='bbox 637 1148 722 1208; x_wconf 80' lang='lat' dir='ltr'><strong>o,132,</strong></span> <span class='ocrx_word' id='word_1_84' title='bbox 741 1155 816 1198; x_wconf 74' lang='lat' dir='ltr'><strong>uiator</strong></span> <span class='ocrx_word' id='word_1_85' title='bbox 834 1150 911 1208; x_wconf 82' lang='lat'><strong>0,018</strong></span> <span class='ocrx_word' id='word_1_86' title='bbox 928 1149 1118 1214; x_wconf 72' lang='lat' dir='ltr'><strong>umgeschlagen,</strong></span> <span class='ocrx_word' id='word_1_87' title='bbox 1138 1151 1215 1200; x_wconf 78' lang='lat' dir='ltr'><strong>durch</strong></span> <span class='ocrx_word' id='word_1_88' title='bbox 1232 1151 1290 1200; x_wconf 79' lang='lat' dir='ltr'><strong>saoei</strong></span> <span class='ocrx_word' id='word_1_89' title='bbox 1305 1152 1398 1202; x_wconf 65' lang='lat' dir='ltr'><strong>Locha</strong></span> <span class='ocrx_word' id='word_1_90' title='bbox 1411 1152 1468 1218; x_wconf 73' lang='lat' dir='ltr'><strong>geht</strong></span> <span class='ocrx_word' id='word_1_91' title='bbox 1483 1153 1521 1202; x_wconf 86' lang='lat' dir='ltr'><strong>die</strong></span> <span class='ocrx_word' id='word_1_92' title='bbox 1534 1154 1600 1219; x_wconf 75' lang='lat' dir='ltr'><strong>galbe</strong></span> <span class='ocrx_word' id='word_1_93' title='bbox 1618 1153 1674 1203; x_wconf 81' lang='lat' dir='ltr'><strong>und</strong></span> <span class='ocrx_word' id='word_1_94' title='bbox 1689 1169 1744 1204; x_wconf 78' lang='lat' dir='ltr'><strong>rosa</strong></span> 
     </span>
     <span class='ocr_line' id='line_1_10' title="bbox 56 1218 962 1287; baseline 0.001 -19"><span class='ocrx_word' id='word_1_95' title='bbox 56 1218 250 1279; x_wconf 79' lang='lat' dir='ltr'><strong>Seideraschnrcr,</strong></span> <span class='ocrx_word' id='word_1_96' title='bbox 269 1235 355 1268; x_wconf 79' lang='lat' dir='ltr'><strong>weron</strong></span> <span class='ocrx_word' id='word_1_97' title='bbox 372 1219 417 1267; x_wconf 86' lang='lat' dir='ltr'><strong>das</strong></span> <span class='ocrx_word' id='word_1_98' title='bbox 435 1219 561 1284; x_wconf 82' lang='lat' dir='ltr'><strong>Bleisiegel</strong></span> <span class='ocrx_word' id='word_1_99' title='bbox 574 1219 657 1284; x_wconf 68' lang='lat' dir='ltr'><strong>litingi,</strong></span> <span class='ocrx_word' id='word_1_100' title='bbox 676 1218 784 1287; x_wconf 79' lang='lat' dir='ltr'><strong>Fallamg</strong></span> <span class='ocrx_word' id='word_1_101' title='bbox 800 1221 843 1269; x_wconf 83' lang='lat' dir='ltr'><strong>der</strong></span> <span class='ocrx_word' id='word_1_102' title='bbox 860 1220 962 1270; x_wconf 82' lang='lat' dir='ltr'><strong>Brevm.</strong></span> 
     </span>
    </p>
   </div>
   <div class='ocr_carea' id='block_1_5' title="bbox 811 1506 997 1582">
    <p class='ocr_par' dir='ltr' id='par_1_5' title="bbox 811 1506 997 1582">
     <span class='ocr_line' id='line_1_11' title="bbox 811 1506 997 1582; baseline -0.016 0"><span class='ocrx_word' id='word_1_103' title='bbox 811 1506 878 1582; x_wconf 90' lang='lat' dir='ltr'><strong>Nr.</strong></span> <span class='ocrx_word' id='word_1_104' title='bbox 908 1509 997 1582; x_wconf 87' lang='grc'><strong>461.</strong></span> 
     </span>
    </p>
   </div>
   <div class='ocr_carea' id='block_1_6' title="bbox 57 1635 1744 1901">
    <p class='ocr_par' dir='ltr' id='par_1_6' title="bbox 57 1635 1744 1901">
     <span class='ocr_line' id='line_1_12' title="bbox 64 1635 1743 1725; baseline 0.004 -26"><span class='ocrx_word' id='word_1_105' title='bbox 64 1635 209 1700; x_wconf 74' lang='lat' dir='ltr'><strong>Ciilestin</strong></span> <span class='ocrx_word' id='word_1_106' title='bbox 225 1636 290 1701; x_wconf 89' lang='lat' dir='ltr'><strong>III</strong></span> <span class='ocrx_word' id='word_1_107' title='bbox 305 1636 497 1723; x_wconf 71' lang='lat' dir='ltr'><strong>beauftragt</strong></span> <span class='ocrx_word' id='word_1_108' title='bbox 510 1639 576 1703; x_wconf 84' lang='lat' dir='ltr'><strong>den</strong></span> <span class='ocrx_word' id='word_1_109' title='bbox 591 1639 712 1723; x_wconf 81' lang='lat' dir='ltr'><strong>Propst</strong></span> <span class='ocrx_word' id='word_1_110' title='bbox 731 1639 802 1703; x_wconf 88' lang='lat' dir='ltr'><strong>und</strong></span> <span class='ocrx_word' id='word_1_111' title='bbox 814 1639 1002 1702; x_wconf 84' lang='lat' dir='ltr'><strong>Braricaleo</strong></span> <span class='ocrx_word' id='word_1_112' title='bbox 1016 1659 1077 1701; x_wconf 86' lang='lat' dir='ltr'><strong>von</strong></span> <span class='ocrx_word' id='word_1_113' title='bbox 1093 1638 1226 1717; x_wconf 88' lang='lat' dir='ltr'><strong>Parma,</strong></span> <span class='ocrx_word' id='word_1_114' title='bbox 1248 1639 1303 1703; x_wconf 86' lang='lat' dir='ltr'><strong>die</strong></span> <span class='ocrx_word' id='word_1_115' title='bbox 1318 1640 1558 1725; x_wconf 61' lang='lat' dir='ltr'><strong>Strez&#39;tigkeitere</strong></span> <span class='ocrx_word' id='word_1_116' title='bbox 1580 1642 1743 1706; x_wconf 66' lang='lat' dir='ltr'><strong>atoisclzen</strong></span> 
     </span>
     <span class='ocr_line' id='line_1_13' title="bbox 57 1724 1744 1815; baseline 0.005 -27"><span class='ocrx_word' id='word_1_117' title='bbox 57 1724 299 1790; x_wconf 78' lang='lat' dir='ltr'><strong>der¹Aebtissin</strong></span> <span class='ocrx_word' id='word_1_118' title='bbox 321 1747 382 1790; x_wconf 86' lang='lat' dir='ltr'><strong>von</strong></span> <span class='ocrx_word' id='word_1_119' title='bbox 397 1727 465 1791; x_wconf 78' lang='lat' dir='ltr'><strong>San</strong></span> <span class='ocrx_word' id='word_1_120' title='bbox 488 1727 654 1792; x_wconf 78' lang='lat' dir='ltr'><strong>Tommaio</strong></span> <span class='ocrx_word' id='word_1_121' title='bbox 676 1728 716 1793; x_wconf 83' lang='lat' dir='ltr'><strong>di</strong></span> <span class='ocrx_word' id='word_1_122' title='bbox 730 1728 854 1811; x_wconf 78' lang='lat' dir='ltr'><strong>Reggio</strong></span> <span class='ocrx_word' id='word_1_123' title='bbox 876 1726 953 1792; x_wconf 73' lang='lat' dir='ltr'><strong>nell</strong></span> <span class='ocrx_word' id='word_1_124' title='bbox 969 1727 1098 1791; x_wconf 84' lang='lat' dir='ltr'><strong>Emilia</strong></span> <span class='ocrx_word' id='word_1_125' title='bbox 1123 1726 1192 1790; x_wconf 87' lang='lat' dir='ltr'><strong>und</strong></span> <span class='ocrx_word' id='word_1_126' title='bbox 1212 1727 1284 1791; x_wconf 84' lang='lat' dir='ltr'><strong>dem</strong></span> <span class='ocrx_word' id='word_1_127' title='bbox 1304 1729 1514 1813; x_wconf 79' lang='lat' dir='ltr'><strong>Domkapitel</strong></span> <span class='ocrx_word' id='word_1_128' title='bbox 1534 1753 1597 1795; x_wconf 82' lang='lat' dir='ltr'><strong>vore</strong></span> <span class='ocrx_word' id='word_1_129' title='bbox 1620 1731 1744 1815; x_wconf 80' lang='lat' dir='ltr'><strong>Regge&#39;o</strong></span> 
     </span>
     <span class='ocr_line' id='line_1_14' title="bbox 668 1816 1139 1901; baseline -0.002 -19"><span class='ocrx_word' id='word_1_130' title='bbox 668 1839 746 1882; x_wconf 82' lang='lat' dir='ltr'><strong>zum</strong></span> <span class='ocrx_word' id='word_1_131' title='bbox 762 1817 923 1901; x_wconf 83' lang='lat' dir='ltr'><strong>Austrage</strong></span> <span class='ocrx_word' id='word_1_132' title='bbox 936 1838 977 1882; x_wconf 80' lang='lat' dir='ltr'><strong>au</strong></span> <span class='ocrx_word' id='word_1_133' title='bbox 993 1816 1139 1900; x_wconf 69' lang='lat' dir='ltr'><strong>bringeri.</strong></span> 
     </span>
    </p>
   </div>
   <div class='ocr_carea' id='block_1_7' title="bbox 637 1932 1172 1998">
    <p class='ocr_par' dir='ltr' id='par_1_7' title="bbox 637 1932 1172 1998">
     <span class='ocr_line' id='line_1_15' title="bbox 637 1932 1172 1998; baseline 0 -2"><span class='ocrx_word' id='word_1_134' title='bbox 637 1937 721 1996; x_wconf 81' lang='grc'><em>1193</em></span> <span class='ocrx_word' id='word_1_135' title='bbox 738 1932 920 1998; x_wconf 82' lang='lat' dir='ltr'><strong>November</strong></span> <span class='ocrx_word' id='word_1_136' title='bbox 932 1936 988 1997; x_wconf 79' lang='lat'><strong>28.</strong></span> <span class='ocrx_word' id='word_1_137' title='bbox 1022 1933 1172 1996; x_wconf 84' lang='lat' dir='ltr'><strong>Lateran.</strong></span> 
     </span>
    </p>
   </div>
   <div class='ocr_carea' id='block_1_8' title="bbox 58 2045 1743 3809">
    <p class='ocr_par' dir='ltr' id='par_1_8' title="bbox 58 2045 1743 3809">
     <span class='ocr_line' id='line_1_16' title="bbox 225 2045 1743 2132; baseline 0.003 -22"><span class='ocrx_word' id='word_1_138' title='bbox 225 2045 406 2110; x_wconf 90' lang='lat' dir='ltr'><strong>Celestinus</strong></span> <span class='ocrx_word' id='word_1_139' title='bbox 438 2048 629 2132; x_wconf 89' lang='lat' dir='ltr'><strong>episcopus,</strong></span> <span class='ocrx_word' id='word_1_140' title='bbox 659 2070 770 2113; x_wconf 88' lang='lat' dir='ltr'><strong>servus</strong></span> <span class='ocrx_word' id='word_1_141' title='bbox 801 2070 969 2113; x_wconf 91' lang='lat' dir='ltr'><strong>servorum</strong></span> <span class='ocrx_word' id='word_1_142' title='bbox 1001 2050 1073 2125; x_wconf 92' lang='lat' dir='ltr'><strong>dei,</strong></span> <span class='ocrx_word' id='word_1_143' title='bbox 1105 2048 1232 2112; x_wconf 92' lang='lat' dir='ltr'><strong>dilectis</strong></span> <span class='ocrx_word' id='word_1_144' title='bbox 1256 2048 1346 2124; x_wconf 90' lang='lat' dir='ltr'><strong>filiis,</strong></span> <span class='ocrx_word' id='word_1_145' title='bbox 1378 2051 1550 2131; x_wconf 90' lang='lat' dir='ltr'><strong>preposito</strong></span> <span class='ocrx_word' id='word_1_146' title='bbox 1583 2060 1616 2112; x_wconf 92' lang='lat' dir='ltr'><strong>et</strong></span> <span class='ocrx_word' id='word_1_147' title='bbox 1639 2051 1743 2115; x_wconf 90' lang='lat' dir='ltr'><strong>Brari·</strong></span> 
     </span>
     <span class='ocr_line' id='line_1_17' title="bbox 61 2134 1743 2224; baseline 0.004 -26"><span class='ocrx_word' id='word_1_148' title='bbox 61 2135 189 2199; x_wconf 90' lang='lat' dir='ltr'><strong>caleoni</strong></span> <span class='ocrx_word' id='word_1_149' title='bbox 210 2135 238 2220; x_wconf 72' lang='lat'><strong>²)</strong></span> <span class='ocrx_word' id='word_1_150' title='bbox 261 2137 442 2212; x_wconf 87' lang='lat' dir='ltr'><strong>Parmensi,</strong></span> <span class='ocrx_word' id='word_1_151' title='bbox 474 2137 614 2200; x_wconf 89' lang='lat' dir='ltr'><strong>salutem</strong></span> <span class='ocrx_word' id='word_1_152' title='bbox 639 2149 672 2201; x_wconf 92' lang='lat' dir='ltr'><strong>et</strong></span> <span class='ocrx_word' id='word_1_153' title='bbox 695 2139 915 2221; x_wconf 91' lang='lat' dir='ltr'><strong>apostolicam</strong></span> <span class='ocrx_word' id='word_1_154' title='bbox 938 2139 1215 2202; x_wconf 90' lang='lat' dir='ltr'><strong>benedictionem.</strong></span> <span class='ocrx_word' id='word_1_155' title='bbox 1262 2136 1344 2201; x_wconf 90' lang='lat' dir='ltr'><strong>Cum</strong></span> <span class='ocrx_word' id='word_1_156' title='bbox 1370 2134 1441 2224; x_wconf 72' lang='lat' dir='ltr'><strong>[lis]</strong></span> <span class='ocrx_word' id='word_1_157' title='bbox 1467 2158 1532 2218; x_wconf 93' lang='lat' dir='ltr'><strong>que</strong></span> <span class='ocrx_word' id='word_1_158' title='bbox 1555 2141 1743 2204; x_wconf 87' lang='lat' dir='ltr'><strong>vertebatur</strong></span> 
     </span>
     <span class='ocr_line' id='line_1_18' title="bbox 60 2221 1742 2311; baseline 0.003 -23"><span class='ocrx_word' id='word_1_159' title='bbox 60 2226 147 2288; x_wconf 90' lang='lat' dir='ltr'><strong>inter</strong></span> <span class='ocrx_word' id='word_1_160' title='bbox 170 2221 352 2311; x_wconf 87' lang='lat' dir='ltr'><strong>[d]ilectam</strong></span> <span class='ocrx_word' id='word_1_161' title='bbox 377 2228 409 2289; x_wconf 93' lang='lat' dir='ltr'><strong>in</strong></span> <span class='ocrx_word' id='word_1_162' title='bbox 433 2225 564 2290; x_wconf 89' lang='lat' dir='ltr'><strong>Christo</strong></span> <span class='ocrx_word' id='word_1_163' title='bbox 588 2227 685 2291; x_wconf 86' lang='lat' dir='ltr'><strong>filiam</strong></span> <span class='ocrx_word' id='word_1_164' title='bbox 710 2237 865 2304; x_wconf 90' lang='lat' dir='ltr'><strong>nostram,</strong></span> <span class='ocrx_word' id='word_1_165' title='bbox 895 2231 998 2292; x_wconf 90' lang='lat' dir='ltr'><strong>sancti</strong></span> <span class='ocrx_word' id='word_1_166' title='bbox 1021 2227 1152 2290; x_wconf 91' lang='lat' dir='ltr'><strong>Thome</strong></span> <span class='ocrx_word' id='word_1_167' title='bbox 1175 2228 1219 2290; x_wconf 91' lang='lat' dir='ltr'><strong>de</strong></span> <span class='ocrx_word' id='word_1_168' title='bbox 1241 2227 1347 2308; x_wconf 87' lang='lat' dir='ltr'><strong>Regio</strong></span> <span class='ocrx_word' id='word_1_169' title='bbox 1371 2228 1580 2300; x_wconf 90' lang='lat' dir='ltr'><strong>abbatissam,</strong></span> <span class='ocrx_word' id='word_1_170' title='bbox 1612 2249 1655 2292; x_wconf 91' lang='lat' dir='ltr'><strong>ex</strong></span> <span class='ocrx_word' id='word_1_171' title='bbox 1678 2252 1742 2293; x_wconf 91' lang='lat' dir='ltr'><strong>una</strong></span> 
     </span>
     <span class='ocr_line' id='line_1_19' title="bbox 61 2315 1742 2400; baseline 0.003 -23"><span class='ocrx_word' id='word_1_172' title='bbox 61 2323 158 2397; x_wconf 90' lang='lat' dir='ltr'><strong>parte</strong></span> <span class='ocrx_word' id='word_1_173' title='bbox 181 2323 215 2377; x_wconf 91' lang='lat' dir='ltr'><strong>et</strong></span> <span class='ocrx_word' id='word_1_174' title='bbox 237 2315 382 2397; x_wconf 91' lang='lat' dir='ltr'><strong>Reginos</strong></span> <span class='ocrx_word' id='word_1_175' title='bbox 406 2317 582 2378; x_wconf 90' lang='lat' dir='ltr'><strong>canonicos</strong></span> <span class='ocrx_word' id='word_1_176' title='bbox 605 2337 648 2380; x_wconf 86' lang='lat' dir='ltr'><strong>ex</strong></span> <span class='ocrx_word' id='word_1_177' title='bbox 671 2318 773 2380; x_wconf 90' lang='lat' dir='ltr'><strong>altera</strong></span> <span class='ocrx_word' id='word_1_178' title='bbox 796 2337 895 2400; x_wconf 90' lang='lat' dir='ltr'><strong>super</strong></span> <span class='ocrx_word' id='word_1_179' title='bbox 918 2318 1044 2382; x_wconf 92' lang='lat' dir='ltr'><strong>duabus</strong></span> <span class='ocrx_word' id='word_1_180' title='bbox 1068 2316 1213 2399; x_wconf 90' lang='lat' dir='ltr'><strong>partibus</strong></span> <span class='ocrx_word' id='word_1_181' title='bbox 1238 2316 1457 2390; x_wconf 73' lang='lat' dir='ltr'><strong>oblationum,</strong></span> <span class='ocrx_word' id='word_1_182' title='bbox 1491 2336 1556 2397; x_wconf 90' lang='lat' dir='ltr'><strong>que</strong></span> <span class='ocrx_word' id='word_1_183' title='bbox 1579 2319 1610 2380; x_wconf 92' lang='lat' dir='ltr'><strong>in</strong></span> <span class='ocrx_word' id='word_1_184' title='bbox 1636 2321 1742 2382; x_wconf 91' lang='lat' dir='ltr'><strong>missis</strong></span> 
     </span>
     <span class='ocr_line' id='line_1_20' title="bbox 60 2402 1740 2490; baseline 0.003 -24"><span class='ocrx_word' id='word_1_185' title='bbox 60 2402 294 2467; x_wconf 81' lang='lat' dir='ltr'><strong>defunctorum</strong></span> <span class='ocrx_word' id='word_1_186' title='bbox 319 2405 497 2468; x_wconf 90' lang='lat' dir='ltr'><strong>maioribus</strong></span> <span class='ocrx_word' id='word_1_187' title='bbox 522 2405 709 2483; x_wconf 85' lang='lat' dir='ltr'><strong>offeruntur,</strong></span> <span class='ocrx_word' id='word_1_188' title='bbox 740 2415 773 2470; x_wconf 92' lang='lat' dir='ltr'><strong>et</strong></span> <span class='ocrx_word' id='word_1_189' title='bbox 797 2407 993 2490; x_wconf 90' lang='lat' dir='ltr'><strong>quibusdam</strong></span> <span class='ocrx_word' id='word_1_190' title='bbox 1016 2406 1104 2481; x_wconf 89' lang='lat' dir='ltr'><strong>aliis,</strong></span> <span class='ocrx_word' id='word_1_191' title='bbox 1135 2405 1254 2468; x_wconf 89' lang='lat' dir='ltr'><strong>dilecto</strong></span> <span class='ocrx_word' id='word_1_192' title='bbox 1287 2405 1520 2469; x_wconf 86' lang='lat' dir='ltr'><strong>archidiacono</strong></span> <span class='ocrx_word' id='word_1_193' title='bbox 1543 2407 1740 2471; x_wconf 89' lang='lat' dir='ltr'><strong>Bononiensi</strong></span> 
     </span>
     <span class='ocr_line' id='line_1_21' title="bbox 62 2493 1738 2579; baseline 0.002 -22"><span class='ocrx_word' id='word_1_194' title='bbox 62 2495 239 2557; x_wconf 89' lang='lat' dir='ltr'><strong>commissa</strong></span> <span class='ocrx_word' id='word_1_195' title='bbox 261 2493 375 2557; x_wconf 85' lang='lat' dir='ltr'><strong>fuisset</strong></span> <span class='ocrx_word' id='word_1_196' title='bbox 398 2495 553 2558; x_wconf 90' lang='lat' dir='ltr'><strong>canonice</strong></span> <span class='ocrx_word' id='word_1_197' title='bbox 577 2496 788 2571; x_wconf 89' lang='lat' dir='ltr'><strong>terminanda,</strong></span> <span class='ocrx_word' id='word_1_198' title='bbox 813 2498 875 2579; x_wconf 90' lang='lat' dir='ltr'><strong>ipsi</strong></span> <span class='ocrx_word' id='word_1_199' title='bbox 900 2498 1045 2558; x_wconf 90' lang='lat' dir='ltr'><strong>canonici</strong></span> <span class='ocrx_word' id='word_1_200' title='bbox 1069 2495 1275 2577; x_wconf 88' lang='lat' dir='ltr'><strong>appellantes</strong></span> <span class='ocrx_word' id='word_1_201' title='bbox 1299 2515 1430 2559; x_wconf 90' lang='lat' dir='ltr'><strong>causam</strong></span> <span class='ocrx_word' id='word_1_202' title='bbox 1454 2495 1629 2558; x_wconf 86' lang='lat' dir='ltr'><strong>venerabili</strong></span> <span class='ocrx_word' id='word_1_203' title='bbox 1651 2496 1738 2560; x_wconf 78' lang='lat' dir='ltr'><strong>fratri</strong></span> 
     </span>
     <span class='ocr_line' id='line_1_22' title="bbox 61 2584 1741 2666; baseline 0.002 -20"><span class='ocrx_word' id='word_1_204' title='bbox 61 2593 193 2658; x_wconf 88' lang='lat' dir='ltr'><strong>nostro,</strong></span> <span class='ocrx_word' id='word_1_205' title='bbox 225 2585 402 2647; x_wconf 89' lang='lat' dir='ltr'><strong>Mutinensi</strong></span> <span class='ocrx_word' id='word_1_206' title='bbox 425 2584 600 2666; x_wconf 92' lang='lat' dir='ltr'><strong>episcopo,</strong></span> <span class='ocrx_word' id='word_1_207' title='bbox 633 2587 666 2648; x_wconf 90' lang='lat' dir='ltr'><strong>in</strong></span> <span class='ocrx_word' id='word_1_208' title='bbox 690 2605 764 2648; x_wconf 90' lang='lat' dir='ltr'><strong>eum</strong></span> <span class='ocrx_word' id='word_1_209' title='bbox 789 2586 924 2648; x_wconf 91' lang='lat' dir='ltr'><strong>modum</strong></span> <span class='ocrx_word' id='word_1_210' title='bbox 949 2587 1110 2648; x_wconf 90' lang='lat' dir='ltr'><strong>committi</strong></span> <span class='ocrx_word' id='word_1_211' title='bbox 1133 2584 1297 2660; x_wconf 84' lang='lat' dir='ltr'><strong>fecerunt,</strong></span> <span class='ocrx_word' id='word_1_212' title='bbox 1329 2592 1364 2646; x_wconf 91' lang='lat' dir='ltr'><strong>ut</strong></span> <span class='ocrx_word' id='word_1_213' title='bbox 1386 2585 1428 2647; x_wconf 95' lang='lat' dir='ltr'><strong>de</strong></span> <span class='ocrx_word' id='word_1_214' title='bbox 1451 2585 1617 2648; x_wconf 90' lang='lat' dir='ltr'><strong>sentencia</strong></span> <span class='ocrx_word' id='word_1_215' title='bbox 1642 2594 1675 2648; x_wconf 91' lang='lat' dir='ltr'><strong>et</strong></span> <span class='ocrx_word' id='word_1_216' title='bbox 1698 2588 1741 2650; x_wconf 92' lang='lat' dir='ltr'><strong>de</strong></span> 
     </span>
     <span class='ocr_line' id='line_1_23' title="bbox 61 2670 1739 2757; baseline 0.002 -22"><span class='ocrx_word' id='word_1_217' title='bbox 61 2672 151 2747; x_wconf 91' lang='lat' dir='ltr'><strong>aliis,</strong></span> <span class='ocrx_word' id='word_1_218' title='bbox 184 2691 249 2753; x_wconf 89' lang='lat' dir='ltr'><strong>que</strong></span> <span class='ocrx_word' id='word_1_219' title='bbox 281 2670 357 2736; x_wconf 88' lang='lat' dir='ltr'><strong>hinc</strong></span> <span class='ocrx_word' id='word_1_220' title='bbox 389 2673 465 2736; x_wconf 91' lang='lat' dir='ltr'><strong>inde</strong></span> <span class='ocrx_word' id='word_1_221' title='bbox 499 2682 609 2736; x_wconf 90' lang='lat' dir='ltr'><strong>essent</strong></span> <span class='ocrx_word' id='word_1_222' title='bbox 632 2675 817 2757; x_wconf 89' lang='lat' dir='ltr'><strong>proposita,</strong></span> <span class='ocrx_word' id='word_1_223' title='bbox 849 2681 1065 2756; x_wconf 89' lang='lat' dir='ltr'><strong>cognosceret</strong></span> <span class='ocrx_word' id='word_1_224' title='bbox 1087 2682 1121 2737; x_wconf 90' lang='lat' dir='ltr'><strong>et</strong></span> <span class='ocrx_word' id='word_1_225' title='bbox 1143 2673 1207 2737; x_wconf 86' lang='lat' dir='ltr'><strong>tine</strong></span> <span class='ocrx_word' id='word_1_226' title='bbox 1230 2674 1346 2737; x_wconf 91' lang='lat' dir='ltr'><strong>debito</strong></span> <span class='ocrx_word' id='word_1_227' title='bbox 1370 2675 1568 2736; x_wconf 83' lang='lat' dir='ltr'><strong>terminaret.</strong></span> <span class='ocrx_word' id='word_1_228' title='bbox 1614 2674 1739 2738; x_wconf 88' lang='lat' dir='ltr'><strong>Verum</strong></span> 
     </span>
     <span class='ocr_line' id='line_1_24' title="bbox 61 2761 1740 2846; baseline 0.001 -20"><span class='ocrx_word' id='word_1_229' title='bbox 61 2761 211 2826; x_wconf 88' lang='lat' dir='ltr'><strong>canonici</strong></span> <span class='ocrx_word' id='word_1_230' title='bbox 241 2763 430 2844; x_wconf 85' lang='lat' dir='ltr'><strong>supradicti,</strong></span> <span class='ocrx_word' id='word_1_231' title='bbox 454 2771 586 2846; x_wconf 91' lang='lat' dir='ltr'><strong>sumpta</strong></span> <span class='ocrx_word' id='word_1_232' title='bbox 610 2765 785 2827; x_wconf 91' lang='lat' dir='ltr'><strong>occasione</strong></span> <span class='ocrx_word' id='word_1_233' title='bbox 809 2784 854 2828; x_wconf 89' lang='lat' dir='ltr'><strong>ex</strong></span> <span class='ocrx_word' id='word_1_234' title='bbox 868 2783 917 2840; x_wconf 89' lang='lat' dir='ltr'><strong>en,</strong></span> <span class='ocrx_word' id='word_1_235' title='bbox 941 2765 1031 2844; x_wconf 90' lang='lat' dir='ltr'><strong>quod</strong></span> <span class='ocrx_word' id='word_1_236' title='bbox 1048 2765 1080 2826; x_wconf 91' lang='lat' dir='ltr'><strong>in</strong></span> <span class='ocrx_word' id='word_1_237' title='bbox 1096 2764 1256 2846; x_wconf 90' lang='lat' dir='ltr'><strong>rescripto</strong></span> <span class='ocrx_word' id='word_1_238' title='bbox 1272 2763 1500 2826; x_wconf 88' lang='lat' dir='ltr'><strong>continebatur</strong></span> <span class='ocrx_word' id='word_1_239' title='bbox 1515 2763 1557 2826; x_wconf 92' lang='lat' dir='ltr'><strong>de</strong></span> <span class='ocrx_word' id='word_1_240' title='bbox 1573 2767 1740 2827; x_wconf 89' lang='lat' dir='ltr'><strong>sentencia</strong></span> 
     </span>
     <span class='ocr_line' id='line_1_25' title="bbox 61 2850 1739 2935; baseline 0 -20"><span class='ocrx_word' id='word_1_241' title='bbox 61 2859 96 2915; x_wconf 91' lang='lat' dir='ltr'><strong>et</strong></span> <span class='ocrx_word' id='word_1_242' title='bbox 118 2851 163 2914; x_wconf 88' lang='lat' dir='ltr'><strong>de</strong></span> <span class='ocrx_word' id='word_1_243' title='bbox 185 2850 264 2926; x_wconf 90' lang='lat' dir='ltr'><strong>aliis,</strong></span> <span class='ocrx_word' id='word_1_244' title='bbox 292 2870 358 2932; x_wconf 93' lang='lat' dir='ltr'><strong>que</strong></span> <span class='ocrx_word' id='word_1_245' title='bbox 381 2860 651 2935; x_wconf 90' lang='lat' dir='ltr'><strong>proponerentur,</strong></span> <span class='ocrx_word' id='word_1_246' title='bbox 682 2852 759 2916; x_wconf 88' lang='lat' dir='ltr'><strong>hinc</strong></span> <span class='ocrx_word' id='word_1_247' title='bbox 782 2854 858 2917; x_wconf 89' lang='lat' dir='ltr'><strong>inde</strong></span> <span class='ocrx_word' id='word_1_248' title='bbox 881 2873 947 2916; x_wconf 88' lang='lat' dir='ltr'><strong>non</strong></span> <span class='ocrx_word' id='word_1_249' title='bbox 970 2859 1086 2916; x_wconf 86' lang='lat' dir='ltr'><strong>contra</strong></span> <span class='ocrx_word' id='word_1_250' title='bbox 1108 2853 1302 2916; x_wconf 88' lang='lat' dir='ltr'><strong>sententiam</strong></span> <span class='ocrx_word' id='word_1_251' title='bbox 1327 2871 1425 2935; x_wconf 89' lang='lat' dir='ltr'><strong>agere</strong></span> <span class='ocrx_word' id='word_1_252' title='bbox 1448 2851 1649 2926; x_wconf 90' lang='lat' dir='ltr'><strong>inchoarunt,</strong></span> <span class='ocrx_word' id='word_1_253' title='bbox 1680 2853 1739 2915; x_wconf 89' lang='lat' dir='ltr'><strong>sed</strong></span> 
     </span>
     <span class='ocr_line' id='line_1_26' title="bbox 61 2941 1739 3024; baseline 0 -20"><span class='ocrx_word' id='word_1_254' title='bbox 61 2941 106 3004; x_wconf 92' lang='lat' dir='ltr'><strong>de</strong></span> <span class='ocrx_word' id='word_1_255' title='bbox 128 2960 216 3004; x_wconf 90' lang='lat' dir='ltr'><strong>novo</strong></span> <span class='ocrx_word' id='word_1_256' title='bbox 241 2949 355 3004; x_wconf 90' lang='lat' dir='ltr'><strong>contra</strong></span> <span class='ocrx_word' id='word_1_257' title='bbox 377 2943 484 3024; x_wconf 89' lang='lat' dir='ltr'><strong>ipsam</strong></span> <span class='ocrx_word' id='word_1_258' title='bbox 506 2941 708 3005; x_wconf 91' lang='lat' dir='ltr'><strong>abbatissam</strong></span> <span class='ocrx_word' id='word_1_259' title='bbox 733 2943 895 3007; x_wconf 90' lang='lat' dir='ltr'><strong>actionem</strong></span> <span class='ocrx_word' id='word_1_260' title='bbox 929 2942 1097 3005; x_wconf 90' lang='lat' dir='ltr'><strong>intendere</strong></span> <span class='ocrx_word' id='word_1_261' title='bbox 1129 2949 1163 3005; x_wconf 93' lang='lat' dir='ltr'><strong>et</strong></span> <span class='ocrx_word' id='word_1_262' title='bbox 1190 2961 1321 3005; x_wconf 90' lang='lat' dir='ltr'><strong>causam</strong></span> <span class='ocrx_word' id='word_1_263' title='bbox 1345 2942 1388 3005; x_wconf 93' lang='lat' dir='ltr'><strong>ab</strong></span> <span class='ocrx_word' id='word_1_264' title='bbox 1413 2941 1550 3004; x_wconf 89' lang='lat' dir='ltr'><strong>exordio</strong></span> <span class='ocrx_word' id='word_1_265' title='bbox 1574 2941 1739 3024; x_wconf 88' lang='lat' dir='ltr'><strong>replicare.</strong></span> 
     </span>
     <span class='ocr_line' id='line_1_27' title="bbox 62 3027 1740 3115; baseline 0.001 -23"><span class='ocrx_word' id='word_1_266' title='bbox 62 3027 193 3111; x_wconf 85' lang='lat' dir='ltr'><strong>Quibus</strong></span> <span class='ocrx_word' id='word_1_267' title='bbox 226 3050 302 3094; x_wconf 92' lang='lat' dir='ltr'><strong>cum</strong></span> <span class='ocrx_word' id='word_1_268' title='bbox 332 3038 532 3094; x_wconf 89' lang='lat' dir='ltr'><strong>memoratus</strong></span> <span class='ocrx_word' id='word_1_269' title='bbox 562 3032 739 3114; x_wconf 90' lang='lat' dir='ltr'><strong>episcopus</strong></span> <span class='ocrx_word' id='word_1_270' title='bbox 768 3040 914 3115; x_wconf 90' lang='lat' dir='ltr'><strong>prestare</strong></span> <span class='ocrx_word' id='word_1_271' title='bbox 938 3031 1103 3095; x_wconf 91' lang='lat' dir='ltr'><strong>videretur</strong></span> <span class='ocrx_word' id='word_1_272' title='bbox 1134 3050 1302 3094; x_wconf 90' lang='lat' dir='ltr'><strong>assensum</strong></span> <span class='ocrx_word' id='word_1_273' title='bbox 1335 3038 1368 3094; x_wconf 91' lang='lat' dir='ltr'><strong>et</strong></span> <span class='ocrx_word' id='word_1_274' title='bbox 1398 3038 1531 3112; x_wconf 89' lang='lat' dir='ltr'><strong>paratus</strong></span> <span class='ocrx_word' id='word_1_275' title='bbox 1562 3029 1678 3094; x_wconf 84' lang='lat' dir='ltr'><strong>fuisset</strong></span> <span class='ocrx_word' id='word_1_276' title='bbox 1707 3032 1740 3095; x_wconf 92' lang='lat' dir='ltr'><strong>in</strong></span> 
     </span>
     <span class='ocr_line' id='line_1_28' title="bbox 60 3119 1740 3203; baseline 0.001 -21"><span class='ocrx_word' id='word_1_277' title='bbox 60 3119 194 3182; x_wconf 90' lang='lat' dir='ltr'><strong>actione</strong></span> <span class='ocrx_word' id='word_1_278' title='bbox 216 3121 390 3202; x_wconf 87' lang='lat' dir='ltr'><strong>proposita</strong></span> <span class='ocrx_word' id='word_1_279' title='bbox 413 3139 526 3183; x_wconf 91' lang='lat' dir='ltr'><strong>eorum</strong></span> <span class='ocrx_word' id='word_1_280' title='bbox 550 3126 652 3183; x_wconf 90' lang='lat' dir='ltr'><strong>testes</strong></span> <span class='ocrx_word' id='word_1_281' title='bbox 674 3121 834 3203; x_wconf 90' lang='lat' dir='ltr'><strong>accipere,</strong></span> <span class='ocrx_word' id='word_1_282' title='bbox 857 3120 1026 3184; x_wconf 90' lang='lat' dir='ltr'><strong>iamdicta</strong></span> <span class='ocrx_word' id='word_1_283' title='bbox 1049 3121 1226 3196; x_wconf 88' lang='lat' dir='ltr'><strong>abbatissa,</strong></span> <span class='ocrx_word' id='word_1_284' title='bbox 1249 3139 1285 3184; x_wconf 90' lang='lat' dir='ltr'><strong>se</strong></span> <span class='ocrx_word' id='word_1_285' title='bbox 1308 3119 1479 3183; x_wconf 80' lang='lat' dir='ltr'><strong>manifeste</strong></span> <span class='ocrx_word' id='word_1_286' title='bbox 1502 3121 1651 3184; x_wconf 89' lang='lat' dir='ltr'><strong>senciens</strong></span> <span class='ocrx_word' id='word_1_287' title='bbox 1667 3140 1740 3203; x_wconf 74' lang='lat' dir='ltr'><strong>pre</strong></span> 
     </span>
     <span class='ocr_line' id='line_1_29' title="bbox 59 3208 1741 3293; baseline 0.001 -22"><span class='ocrx_word' id='word_1_288' title='bbox 59 3209 199 3291; x_wconf 86' lang='lat' dir='ltr'><strong>gravari,</strong></span> <span class='ocrx_word' id='word_1_289' title='bbox 223 3209 265 3271; x_wconf 89' lang='lat' dir='ltr'><strong>ad</strong></span> <span class='ocrx_word' id='word_1_290' title='bbox 288 3209 402 3273; x_wconf 91' lang='lat' dir='ltr'><strong>sedem</strong></span> <span class='ocrx_word' id='word_1_291' title='bbox 426 3209 644 3292; x_wconf 89' lang='lat' dir='ltr'><strong>apostolicam</strong></span> <span class='ocrx_word' id='word_1_292' title='bbox 667 3211 854 3292; x_wconf 91' lang='lat' dir='ltr'><strong>appellavit.</strong></span> <span class='ocrx_word' id='word_1_293' title='bbox 898 3209 1060 3274; x_wconf 91' lang='lat' dir='ltr'><strong>Volentes</strong></span> <span class='ocrx_word' id='word_1_294' title='bbox 1084 3211 1190 3292; x_wconf 87' lang='lat' dir='ltr'><strong>igitur,</strong></span> <span class='ocrx_word' id='word_1_295' title='bbox 1214 3218 1251 3272; x_wconf 91' lang='lat' dir='ltr'><strong>ut</strong></span> <span class='ocrx_word' id='word_1_296' title='bbox 1280 3230 1324 3273; x_wconf 88' lang='lat' dir='ltr'><strong>ex</strong></span> <span class='ocrx_word' id='word_1_297' title='bbox 1354 3218 1445 3273; x_wconf 91' lang='lat' dir='ltr'><strong>tanta</strong></span> <span class='ocrx_word' id='word_1_298' title='bbox 1475 3208 1637 3272; x_wconf 87' lang='lat' dir='ltr'><strong>dilacione</strong></span> <span class='ocrx_word' id='word_1_299' title='bbox 1667 3230 1741 3293; x_wconf 91' lang='lat' dir='ltr'><strong>pre-</strong></span> 
     </span>
     <span class='ocr_line' id='line_1_30' title="bbox 59 3297 1740 3381; baseline 0.001 -21"><span class='ocrx_word' id='word_1_300' title='bbox 59 3299 187 3360; x_wconf 89' lang='lat' dir='ltr'><strong>dictum</strong></span> <span class='ocrx_word' id='word_1_301' title='bbox 212 3299 442 3362; x_wconf 89' lang='lat' dir='ltr'><strong>monasterium</strong></span> <span class='ocrx_word' id='word_1_302' title='bbox 466 3299 569 3361; x_wconf 91' lang='lat' dir='ltr'><strong>sancti</strong></span> <span class='ocrx_word' id='word_1_303' title='bbox 592 3297 724 3362; x_wconf 92' lang='lat' dir='ltr'><strong>Thome</strong></span> <span class='ocrx_word' id='word_1_304' title='bbox 747 3300 870 3363; x_wconf 89' lang='lat' dir='ltr'><strong>nullum</strong></span> <span class='ocrx_word' id='word_1_305' title='bbox 896 3301 928 3363; x_wconf 94' lang='lat' dir='ltr'><strong>in</strong></span> <span class='ocrx_word' id='word_1_306' title='bbox 951 3301 1020 3362; x_wconf 90' lang='lat' dir='ltr'><strong>iure</strong></span> <span class='ocrx_word' id='word_1_307' title='bbox 1042 3321 1102 3363; x_wconf 90' lang='lat' dir='ltr'><strong>suo</strong></span> <span class='ocrx_word' id='word_1_308' title='bbox 1126 3300 1264 3381; x_wconf 92' lang='lat' dir='ltr'><strong>recipiat</strong></span> <span class='ocrx_word' id='word_1_309' title='bbox 1286 3299 1529 3376; x_wconf 86' lang='lat' dir='ltr'><strong>detrimentum,</strong></span> <span class='ocrx_word' id='word_1_310' title='bbox 1553 3300 1740 3362; x_wconf 89' lang='lat' dir='ltr'><strong>discretioni</strong></span> 
     </span>
     <span class='ocr_line' id='line_1_31' title="bbox 59 3387 1738 3472; baseline 0.001 -22"><span class='ocrx_word' id='word_1_311' title='bbox 59 3395 170 3451; x_wconf 89' lang='lat' dir='ltr'><strong>vestre</strong></span> <span class='ocrx_word' id='word_1_312' title='bbox 193 3407 252 3468; x_wconf 89' lang='lat' dir='ltr'><strong>per</strong></span> <span class='ocrx_word' id='word_1_313' title='bbox 275 3387 458 3470; x_wconf 91' lang='lat' dir='ltr'><strong>apostolica</strong></span> <span class='ocrx_word' id='word_1_314' title='bbox 473 3387 594 3472; x_wconf 88' lang='lat' dir='ltr'><strong>scripta</strong></span> <span class='ocrx_word' id='word_1_315' title='bbox 610 3389 804 3453; x_wconf 88' lang='lat' dir='ltr'><strong>mandamus</strong></span> <span class='ocrx_word' id='word_1_316' title='bbox 819 3397 919 3470; x_wconf 90' lang='lat' dir='ltr'><strong>atque</strong></span> <span class='ocrx_word' id='word_1_317' title='bbox 935 3389 1141 3472; x_wconf 90' lang='lat' dir='ltr'><strong>precipimus,</strong></span> <span class='ocrx_word' id='word_1_318' title='bbox 1165 3391 1325 3468; x_wconf 90' lang='lat' dir='ltr'><strong>quatinus,</strong></span> <span class='ocrx_word' id='word_1_319' title='bbox 1341 3391 1466 3452; x_wconf 92' lang='lat' dir='ltr'><strong>vocatis</strong></span> <span class='ocrx_word' id='word_1_320' title='bbox 1481 3389 1524 3452; x_wconf 92' lang='lat' dir='ltr'><strong>ad</strong></span> <span class='ocrx_word' id='word_1_321' title='bbox 1541 3390 1738 3469; x_wconf 90' lang='lat' dir='ltr'><strong>presentiam</strong></span> 
     </span>
     <span class='ocr_line' id='line_1_32' title="bbox 60 3471 1739 3562; baseline 0.001 -23"><span class='ocrx_word' id='word_1_322' title='bbox 60 3471 246 3562; x_wconf 87' lang='lat' dir='ltr'><strong>[vestra]m,</strong></span> <span class='ocrx_word' id='word_1_323' title='bbox 279 3497 364 3558; x_wconf 93' lang='lat' dir='ltr'><strong>quos</strong></span> <span class='ocrx_word' id='word_1_324' title='bbox 386 3477 532 3541; x_wconf 89' lang='lat' dir='ltr'><strong>videritis</strong></span> <span class='ocrx_word' id='word_1_325' title='bbox 563 3497 635 3542; x_wconf 91' lang='lat' dir='ltr'><strong>esse</strong></span> <span class='ocrx_word' id='word_1_326' title='bbox 658 3481 841 3556; x_wconf 89' lang='lat' dir='ltr'><strong>vocandos,</strong></span> <span class='ocrx_word' id='word_1_327' title='bbox 875 3478 1011 3542; x_wconf 86' lang='lat' dir='ltr'><strong>audiatis</strong></span> <span class='ocrx_word' id='word_1_328' title='bbox 1040 3477 1116 3540; x_wconf 87' lang='lat' dir='ltr'><strong>hinc</strong></span> <span class='ocrx_word' id='word_1_329' title='bbox 1145 3478 1222 3540; x_wconf 91' lang='lat' dir='ltr'><strong>inde</strong></span> <span class='ocrx_word' id='word_1_330' title='bbox 1245 3481 1418 3561; x_wconf 90' lang='lat' dir='ltr'><strong>proposita</strong></span> <span class='ocrx_word' id='word_1_331' title='bbox 1441 3485 1488 3552; x_wconf 91' lang='lat' dir='ltr'><strong>et,</strong></span> <span class='ocrx_word' id='word_1_332' title='bbox 1517 3477 1739 3560; x_wconf 89' lang='lat' dir='ltr'><strong>appellatione</strong></span> 
     </span>
     <span class='ocr_line' id='line_1_33' title="bbox 59 3565 1738 3650; baseline 0.001 -22"><span class='ocrx_word' id='word_1_333' title='bbox 59 3574 198 3640; x_wconf 87' lang='lat' dir='ltr'><strong>remota,</strong></span> <span class='ocrx_word' id='word_1_334' title='bbox 229 3585 327 3630; x_wconf 90' lang='lat' dir='ltr'><strong>cause</strong></span> <span class='ocrx_word' id='word_1_335' title='bbox 355 3565 454 3630; x_wconf 91' lang='lat' dir='ltr'><strong>finem</strong></span> <span class='ocrx_word' id='word_1_336' title='bbox 486 3566 634 3630; x_wconf 91' lang='lat' dir='ltr'><strong>debitum</strong></span> <span class='ocrx_word' id='word_1_337' title='bbox 666 3568 860 3649; x_wconf 73' lang='lat' dir='ltr'><strong>inponatis,</strong></span> <span class='ocrx_word' id='word_1_338' title='bbox 897 3575 1053 3650; x_wconf 86' lang='lat' dir='ltr'><strong>cogentes</strong></span> <span class='ocrx_word' id='word_1_339' title='bbox 1090 3574 1210 3650; x_wconf 91' lang='lat' dir='ltr'><strong>partes,</strong></span> <span class='ocrx_word' id='word_1_340' title='bbox 1241 3575 1384 3630; x_wconf 88' lang='lat' dir='ltr'><strong>vestram</strong></span> <span class='ocrx_word' id='word_1_341' title='bbox 1415 3567 1506 3630; x_wconf 89' lang='lat' dir='ltr'><strong>adire</strong></span> <span class='ocrx_word' id='word_1_342' title='bbox 1536 3567 1738 3648; x_wconf 87' lang='lat' dir='ltr'><strong>presenciam</strong></span> 
     </span>
     <span class='ocr_line' id='line_1_34' title="bbox 59 3654 1739 3738; baseline 0 -20"><span class='ocrx_word' id='word_1_343' title='bbox 59 3663 95 3718; x_wconf 87' lang='lat' dir='ltr'><strong>et</strong></span> <span class='ocrx_word' id='word_1_344' title='bbox 117 3654 292 3732; x_wconf 89' lang='lat' dir='ltr'><strong>iudicium,</strong></span> <span class='ocrx_word' id='word_1_345' title='bbox 323 3656 413 3738; x_wconf 93' lang='lat' dir='ltr'><strong>quod</strong></span> <span class='ocrx_word' id='word_1_346' title='bbox 436 3655 583 3732; x_wconf 90' lang='lat' dir='ltr'><strong>tuleritis,</strong></span> <span class='ocrx_word' id='word_1_347' title='bbox 614 3656 844 3721; x_wconf 89' lang='lat' dir='ltr'><strong>inviolabiliter</strong></span> <span class='ocrx_word' id='word_1_348' title='bbox 867 3657 1051 3722; x_wconf 87' lang='lat' dir='ltr'><strong>observare.</strong></span> <span class='ocrx_word' id='word_1_349' title='bbox 1073 3691 1117 3702; x_wconf 96' lang='lat'><em>-</em></span> <span class='ocrx_word' id='word_1_350' title='bbox 1140 3655 1215 3719; x_wconf 88' lang='lat' dir='ltr'><strong>Dat.</strong></span> <span class='ocrx_word' id='word_1_351' title='bbox 1238 3655 1401 3732; x_wconf 87' lang='lat' dir='ltr'><strong>Laterani,</strong></span> <span class='ocrx_word' id='word_1_352' title='bbox 1425 3670 1478 3720; x_wconf 91' lang='lat'>1111</span> <span class='ocrx_word' id='word_1_353' title='bbox 1498 3654 1554 3719; x_wconf 93' lang='lat' dir='ltr'><strong>Kl.</strong></span> <span class='ocrx_word' id='word_1_354' title='bbox 1577 3655 1739 3720; x_wconf 90' lang='lat' dir='ltr'><strong>Decemb.</strong></span> 
     </span>
     <span class='ocr_line' id='line_1_35' title="bbox 58 3743 635 3809; baseline -0.003 -1"><span class='ocrx_word' id='word_1_355' title='bbox 58 3743 273 3808; x_wconf 88' lang='lat' dir='ltr'><strong>Pontificatus</strong></span> <span class='ocrx_word' id='word_1_356' title='bbox 296 3746 398 3808; x_wconf 89' lang='lat' dir='ltr'><strong>nostri</strong></span> <span class='ocrx_word' id='word_1_357' title='bbox 421 3765 507 3808; x_wconf 89' lang='lat' dir='ltr'><strong>anno</strong></span> <span class='ocrx_word' id='word_1_358' title='bbox 530 3745 635 3809; x_wconf 91' lang='lat' dir='ltr'><strong>tertio.</strong></span> 
     </span>
    </p>
   </div>
   <div class='ocr_carea' id='block_1_9' title="bbox 57 3857 1740 3998">
    <p class='ocr_par' dir='ltr' id='par_1_9' title="bbox 57 3857 1740 3998">
     <span class='ocr_line' id='line_1_36' title="bbox 222 3857 1740 3926; baseline 0.001 -18"><span class='ocrx_word' id='word_1_359' title='bbox 222 3859 377 3925; x_wconf 60' lang='lat' dir='ltr'><strong>Begeaosgre</strong></span> <span class='ocrx_word' id='word_1_360' title='bbox 387 3859 513 3925; x_wconf 77' lang='lat' dir='ltr'><strong>Abschrist</strong></span> <span class='ocrx_word' id='word_1_361' title='bbox 529 3875 584 3910; x_wconf 76' lang='lat' dir='ltr'><strong>vora</strong></span> <span class='ocrx_word' id='word_1_362' title='bbox 604 3862 643 3910; x_wconf 84' lang='lat'><strong>13.</strong></span> <span class='ocrx_word' id='word_1_363' title='bbox 658 3861 760 3925; x_wconf 68' lang='lat' dir='ltr'><strong>Jahrb,</strong></span> <span class='ocrx_word' id='word_1_364' title='bbox 773 3861 807 3910; x_wconf 84' lang='lat' dir='ltr'><strong>im</strong></span> <span class='ocrx_word' id='word_1_365' title='bbox 817 3860 931 3912; x_wconf 67' lang='lat' dir='ltr'><strong>electiora</strong></span> <span class='ocrx_word' id='word_1_366' title='bbox 946 3859 1087 3926; x_wconf 72' lang='lat' dir='ltr'><strong>capitolare,</strong></span> <span class='ocrx_word' id='word_1_367' title='bbox 1105 3858 1161 3910; x_wconf 75' lang='lat' dir='ltr'><strong>aoid</strong></span> <span class='ocrx_word' id='word_1_368' title='bbox 1175 3857 1320 3925; x_wconf 78' lang='lat' dir='ltr'><strong>aeglaubigre</strong></span> <span class='ocrx_word' id='word_1_369' title='bbox 1335 3873 1391 3908; x_wconf 85' lang='lat' dir='ltr'><strong>vom</strong></span> <span class='ocrx_word' id='word_1_370' title='bbox 1404 3860 1442 3909; x_wconf 85' lang='grc'><em>18.</em></span> <span class='ocrx_word' id='word_1_371' title='bbox 1458 3857 1562 3922; x_wconf 67' lang='lat' dir='ltr'><strong>Jahrb,</strong></span> <span class='ocrx_word' id='word_1_372' title='bbox 1581 3859 1615 3908; x_wconf 72' lang='lat' dir='ltr'><strong>r&#39;rn</strong></span> <span class='ocrx_word' id='word_1_373' title='bbox 1626 3858 1740 3910; x_wconf 68' lang='lat' dir='ltr'><strong>Archiae</strong></span> 
     </span>
     <span class='ocr_line' id='line_1_37' title="bbox 57 3930 627 3998; baseline 0 -18"><span class='ocrx_word' id='word_1_374' title='bbox 57 3930 119 3980; x_wconf 81' lang='lat' dir='ltr'><strong>delle</strong></span> <span class='ocrx_word' id='word_1_375' title='bbox 140 3930 215 3995; x_wconf 78' lang='lat' dir='ltr'><strong>Opere</strong></span> <span class='ocrx_word' id='word_1_376' title='bbox 235 3931 277 3980; x_wconf 77' lang='lat' dir='ltr'><strong>lie</strong></span> <span class='ocrx_word' id='word_1_377' title='bbox 293 3947 324 3980; x_wconf 74' lang='lat' dir='ltr'><strong>su</strong></span> <span class='ocrx_word' id='word_1_378' title='bbox 341 3932 432 3998; x_wconf 79' lang='lat' dir='ltr'><strong>Reggr&#39;o</strong></span> <span class='ocrx_word' id='word_1_379' title='bbox 449 3932 507 3982; x_wconf 86' lang='lat' dir='ltr'><strong>nell&#39;</strong></span> <span class='ocrx_word' id='word_1_380' title='bbox 526 3931 627 3982; x_wconf 84' lang='lat' dir='ltr'><strong>Emr&#39;lia.</strong></span> 
     </span>
    </p>
   </div>
   <div class='ocr_carea' id='block_1_10' title="bbox 808 4216 992 4292">
    <p class='ocr_par' dir='ltr' id='par_1_10' title="bbox 808 4216 992 4292">
     <span class='ocr_line' id='line_1_38' title="bbox 808 4216 992 4292; baseline -0.016 -1"><span class='ocrx_word' id='word_1_381' title='bbox 808 4216 874 4291; x_wconf 86' lang='lat' dir='ltr'><strong>Nr.</strong></span> <span class='ocrx_word' id='word_1_382' title='bbox 904 4220 992 4292; x_wconf 77' lang='lat'><strong>462.</strong></span> 
     </span>
    </p>
   </div>
   <div class='ocr_carea' id='block_1_11' title="bbox 57 4343 1738 4524">
    <p class='ocr_par' dir='ltr' id='par_1_11' title="bbox 57 4343 1738 4524">
     <span class='ocr_line' id='line_1_39' title="bbox 62 4343 1738 4430; baseline 0.001 -20"><span class='ocrx_word' id='word_1_383' title='bbox 62 4343 205 4410; x_wconf 66' lang='lat' dir='ltr'><strong>certeseia</strong></span> <span class='ocrx_word' id='word_1_384' title='bbox 217 4346 284 4411; x_wconf 86' lang='lat' dir='ltr'><strong>III</strong></span> <span class='ocrx_word' id='word_1_385' title='bbox 294 4345 445 4430; x_wconf 71' lang='lat' dir='ltr'><strong>destringi</strong></span> <span class='ocrx_word' id='word_1_386' title='bbox 458 4349 532 4413; x_wconf 89' lang='lat' dir='ltr'><strong>dem</strong></span> <span class='ocrx_word' id='word_1_387' title='bbox 546 4347 678 4413; x_wconf 83' lang='lat' dir='ltr'><strong>Kloster</strong></span> <span class='ocrx_word' id='word_1_388' title='bbox 692 4347 791 4412; x_wconf 83' lang='lat' dir='ltr'><strong>Santo</strong></span> <span class='ocrx_word' id='word_1_389' title='bbox 806 4348 939 4430; x_wconf 75' lang='lat' dir='ltr'><strong>Stefana</strong></span> <span class='ocrx_word' id='word_1_390' title='bbox 953 4345 994 4412; x_wconf 81' lang='lat' dir='ltr'><strong>a’z&#39;</strong></span> <span class='ocrx_word' id='word_1_391' title='bbox 1008 4347 1137 4412; x_wconf 85' lang='lat' dir='ltr'><strong>Genava</strong></span> <span class='ocrx_word' id='word_1_392' title='bbox 1158 4348 1219 4412; x_wconf 88' lang='lat' dir='ltr'><strong>den</strong></span> <span class='ocrx_word' id='word_1_393' title='bbox 1236 4349 1345 4412; x_wconf 76' lang='lat' dir='ltr'><strong>Besitr</strong></span> <span class='ocrx_word' id='word_1_394' title='bbox 1360 4348 1420 4412; x_wconf 86' lang='lat' dir='ltr'><strong>der</strong></span> <span class='ocrx_word' id='word_1_395' title='bbox 1437 4346 1558 4412; x_wconf 80' lang='lat' dir='ltr'><strong>Kz&#39;rclee</strong></span> <span class='ocrx_word' id='word_1_396' title='bbox 1573 4346 1641 4412; x_wconf 84' lang='lat' dir='ltr'><strong>San</strong></span> <span class='ocrx_word' id='word_1_397' title='bbox 1660 4345 1738 4413; x_wconf 73' lang='lat' dir='ltr'><strong>Giu-</strong></span> 
     </span>
     <span class='ocr_line' id='line_1_40' title="bbox 57 4435 1737 4524; baseline 0.003 -27"><span class='ocrx_word' id='word_1_398' title='bbox 57 4435 148 4500; x_wconf 83' lang='lat' dir='ltr'><strong>liano</strong></span> <span class='ocrx_word' id='word_1_399' title='bbox 162 4435 204 4499; x_wconf 82' lang='lat' dir='ltr'><strong>di</strong></span> <span class='ocrx_word' id='word_1_400' title='bbox 218 4435 342 4501; x_wconf 82' lang='lat' dir='ltr'><strong>Navali</strong></span> <span class='ocrx_word' id='word_1_401' title='bbox 355 4438 428 4502; x_wconf 86' lang='lat' dir='ltr'><strong>und</strong></span> <span class='ocrx_word' id='word_1_402' title='bbox 440 4435 597 4518; x_wconf 83' lang='lat' dir='ltr'><strong>verbz&#39;etet,</strong></span> <span class='ocrx_word' id='word_1_403' title='bbox 619 4438 699 4502; x_wconf 86' lang='lat' dir='ltr'><strong>dass</strong></span> <span class='ocrx_word' id='word_1_404' title='bbox 714 4438 863 4524; x_wconf 82' lang='lat' dir='ltr'><strong>jemand</strong></span> <span class='ocrx_word' id='word_1_405' title='bbox 873 4438 936 4502; x_wconf 86' lang='lat' dir='ltr'><strong>das</strong></span> <span class='ocrx_word' id='word_1_406' title='bbox 953 4436 1085 4502; x_wconf 79' lang='lat' dir='ltr'><strong>Kloster</strong></span> <span class='ocrx_word' id='word_1_407' title='bbox 1098 4439 1161 4500; x_wconf 85' lang='lat' dir='ltr'><strong>mit</strong></span> <span class='ocrx_word' id='word_1_408' title='bbox 1173 4435 1348 4520; x_wconf 82' lang='lat' dir='ltr'><strong>unbz&#39;lligen</strong></span> <span class='ocrx_word' id='word_1_409' title='bbox 1368 4439 1596 4521; x_wconf 78' lang='lat' dir='ltr'><strong>Fordemengen</strong></span> <span class='ocrx_word' id='word_1_410' title='bbox 1611 4437 1737 4502; x_wconf 85' lang='lat' dir='ltr'><strong>belaste.</strong></span> 
     </span>
    </p>
   </div>
   <div class='ocr_carea' id='block_1_12' title="bbox 666 4552 1136 4617">
    <p class='ocr_par' dir='ltr' id='par_1_12' title="bbox 666 4552 1136 4617">
     <span class='ocr_line' id='line_1_41' title="bbox 666 4552 1136 4617; baseline -0.002 -1"><span class='ocrx_word' id='word_1_411' title='bbox 666 4554 748 4617; x_wconf 75' lang='lat'><strong><em>1194</em></strong></span> <span class='ocrx_word' id='word_1_412' title='bbox 765 4552 912 4617; x_wconf 82' lang='lat' dir='ltr'><strong>Februar</strong></span> <span class='ocrx_word' id='word_1_413' title='bbox 925 4556 954 4616; x_wconf 80' lang='lat'><strong>4.</strong></span> <span class='ocrx_word' id='word_1_414' title='bbox 985 4553 1136 4616; x_wconf 85' lang='lat' dir='ltr'><strong>Lateran.</strong></span> 
     </span>
    </p>
   </div>
   <div class='ocr_carea' id='block_1_13' title="bbox 56 4663 1740 5644">
    <p class='ocr_par' dir='ltr' id='par_1_13' title="bbox 56 4663 1740 5644">
     <span class='ocr_line' id='line_1_42' title="bbox 222 4663 1740 4753; baseline 0.001 -21"><span class='ocrx_word' id='word_1_415' title='bbox 222 4666 442 4734; x_wconf 78' lang='lat' dir='ltr'><strong>CELESTINUS</strong></span> <span class='ocrx_word' id='word_1_416' title='bbox 466 4672 651 4753; x_wconf 89' lang='lat' dir='ltr'><strong>episcopus,</strong></span> <span class='ocrx_word' id='word_1_417' title='bbox 683 4689 794 4733; x_wconf 89' lang='lat' dir='ltr'><strong>servus</strong></span> <span class='ocrx_word' id='word_1_418' title='bbox 818 4689 986 4733; x_wconf 90' lang='lat' dir='ltr'><strong>servorum</strong></span> <span class='ocrx_word' id='word_1_419' title='bbox 1011 4670 1073 4745; x_wconf 91' lang='lat' dir='ltr'><strong>dei,</strong></span> <span class='ocrx_word' id='word_1_420' title='bbox 1105 4669 1234 4732; x_wconf 92' lang='lat' dir='ltr'><strong>dilectis</strong></span> <span class='ocrx_word' id='word_1_421' title='bbox 1257 4667 1338 4744; x_wconf 88' lang='lat' dir='ltr'><strong>filiis,</strong></span> <span class='ocrx_word' id='word_1_422' title='bbox 1371 4663 1538 4753; x_wconf 86' lang='lat' dir='ltr'><strong>Guid(0ni)</strong></span> <span class='ocrx_word' id='word_1_423' title='bbox 1569 4669 1682 4734; x_wconf 89' lang='lat' dir='ltr'><strong>abbati</strong></span> <span class='ocrx_word' id='word_1_424' title='bbox 1706 4679 1740 4734; x_wconf 92' lang='lat' dir='ltr'><strong>et</strong></span> 
     </span>
     <span class='ocr_line' id='line_1_43' title="bbox 56 4754 1737 4844; baseline 0.002 -24"><span class='ocrx_word' id='word_1_425' title='bbox 56 4755 216 4820; x_wconf 83' lang='lat' dir='ltr'><strong>fratribus</strong></span> <span class='ocrx_word' id='word_1_426' title='bbox 240 4761 429 4822; x_wconf 86' lang='lat' dir='ltr'><strong>monasterii</strong></span> <span class='ocrx_word' id='word_1_427' title='bbox 451 4761 554 4823; x_wconf 86' lang='lat' dir='ltr'><strong>sancti</strong></span> <span class='ocrx_word' id='word_1_428' title='bbox 578 4754 737 4841; x_wconf 90' lang='lat' dir='ltr'><strong>Stephani</strong></span> <span class='ocrx_word' id='word_1_429' title='bbox 756 4756 762 4844; x_wconf 79' lang='grc'><em>1</em></span> <span class='ocrx_word' id='word_1_430' title='bbox 781 4758 957 4836; x_wconf 88' lang='lat' dir='ltr'><strong>Ianuensis,</strong></span> <span class='ocrx_word' id='word_1_431' title='bbox 988 4759 1127 4822; x_wconf 92' lang='lat' dir='ltr'><strong>salutem</strong></span> <span class='ocrx_word' id='word_1_432' title='bbox 1161 4767 1194 4821; x_wconf 92' lang='lat' dir='ltr'><strong>et</strong></span> <span class='ocrx_word' id='word_1_433' title='bbox 1222 4757 1438 4838; x_wconf 86' lang='lat' dir='ltr'><strong>apostolicam</strong></span> <span class='ocrx_word' id='word_1_434' title='bbox 1462 4757 1737 4824; x_wconf 91' lang='lat' dir='ltr'><strong>benedictionem.</strong></span> 
     </span>
     <span class='ocr_line' id='line_1_44' title="bbox 57 4842 1738 4930; baseline 0.002 -21"><span class='ocrx_word' id='word_1_435' title='bbox 57 4847 156 4910; x_wconf 87' lang='lat' dir='ltr'><strong>Iustis</strong></span> <span class='ocrx_word' id='word_1_436' title='bbox 180 4850 364 4928; x_wconf 90' lang='lat' dir='ltr'><strong>petentium</strong></span> <span class='ocrx_word' id='word_1_437' title='bbox 396 4849 568 4912; x_wconf 91' lang='lat' dir='ltr'><strong>desideriis</strong></span> <span class='ocrx_word' id='word_1_438' title='bbox 599 4848 732 4930; x_wconf 89' lang='lat' dir='ltr'><strong>dignum</strong></span> <span class='ocrx_word' id='word_1_439' title='bbox 763 4855 813 4910; x_wconf 88' lang='lat' dir='ltr'><strong>est</strong></span> <span class='ocrx_word' id='word_1_440' title='bbox 843 4869 903 4911; x_wconf 91' lang='lat' dir='ltr'><strong>nos</strong></span> <span class='ocrx_word' id='word_1_441' title='bbox 933 4849 1060 4912; x_wconf 83' lang='lat' dir='ltr'><strong>facilem</strong></span> <span class='ocrx_word' id='word_1_442' title='bbox 1091 4847 1229 4930; x_wconf 89' lang='lat' dir='ltr'><strong>prebere</strong></span> <span class='ocrx_word' id='word_1_443' title='bbox 1258 4865 1452 4909; x_wconf 89' lang='lat' dir='ltr'><strong>consensum</strong></span> <span class='ocrx_word' id='word_1_444' title='bbox 1477 4853 1509 4909; x_wconf 92' lang='lat' dir='ltr'><strong>et</strong></span> <span class='ocrx_word' id='word_1_445' title='bbox 1530 4842 1534 4930; x_wconf 91' lang='grc' dir='ltr'>Ι</span> <span class='ocrx_word' id='word_1_446' title='bbox 1555 4855 1640 4924; x_wconf 91' lang='lat' dir='ltr'><strong>vota,</strong></span> <span class='ocrx_word' id='word_1_447' title='bbox 1674 4869 1738 4930; x_wconf 93' lang='lat' dir='ltr'><strong>que</strong></span> 
     </span>
     <span class='ocr_line' id='line_1_45' title="bbox 57 4935 1738 5020; baseline 0.002 -22"><span class='ocrx_word' id='word_1_448' title='bbox 57 4938 240 4999; x_wconf 88' lang='lat' dir='ltr'><strong>arationis</strong></span> <span class='ocrx_word' id='word_1_449' title='bbox 262 4939 393 5001; x_wconf 91' lang='lat' dir='ltr'><strong>tramite</strong></span> <span class='ocrx_word' id='word_1_450' title='bbox 416 4957 482 5000; x_wconf 91' lang='lat' dir='ltr'><strong>non</strong></span> <span class='ocrx_word' id='word_1_451' title='bbox 508 4939 704 5014; x_wconf 89' lang='lat' dir='ltr'><strong>discordant,</strong></span> <span class='ocrx_word' id='word_1_452' title='bbox 732 4937 851 5002; x_wconf 85' lang='lat' dir='ltr'><strong>effectu</strong></span> <span class='ocrx_word' id='word_1_453' title='bbox 876 4946 1099 5020; x_wconf 89' lang='lat' dir='ltr'><strong>prosequente</strong></span> <span class='ocrx_word' id='word_1_454' title='bbox 1122 4935 1297 5019; x_wconf 91' lang='lat' dir='ltr'><strong>complere.</strong></span> <span class='ocrx_word' id='word_1_455' title='bbox 1342 4935 1539 5017; x_wconf 90' lang='lat' dir='ltr'><strong>Eapropter,</strong></span> <span class='ocrx_word' id='word_1_456' title='bbox 1571 4936 1681 5001; x_wconf 90' lang='lat' dir='ltr'><strong>dilecti</strong></span> <span class='ocrx_word' id='word_1_457' title='bbox 1705 4941 1738 5002; x_wconf 93' lang='lat' dir='ltr'><strong>in</strong></span> 
     </span>
     <span class='ocr_line' id='line_1_46' title="bbox 57 5024 1738 5110; baseline 0.001 -21"><span class='ocrx_word' id='word_1_458' title='bbox 57 5025 197 5089; x_wconf 91' lang='lat' dir='ltr'><strong>domino</strong></span> <span class='ocrx_word' id='word_1_459' title='bbox 228 5025 292 5102; x_wconf 86' lang='lat' dir='ltr'><strong>filii,</strong></span> <span class='ocrx_word' id='word_1_460' title='bbox 322 5029 439 5091; x_wconf 90' lang='lat' dir='ltr'><strong>vestris</strong></span> <span class='ocrx_word' id='word_1_461' title='bbox 470 5027 558 5091; x_wconf 92' lang='lat' dir='ltr'><strong>iustis</strong></span> <span class='ocrx_word' id='word_1_462' title='bbox 587 5026 862 5109; x_wconf 90' lang='lat' dir='ltr'><strong>postulationibus</strong></span> <span class='ocrx_word' id='word_1_463' title='bbox 885 5035 981 5110; x_wconf 87' lang='lat' dir='ltr'><strong>grato</strong></span> <span class='ocrx_word' id='word_1_464' title='bbox 1005 5034 1235 5091; x_wconf 89' lang='lat' dir='ltr'><strong>concurrentes</strong></span> <span class='ocrx_word' id='word_1_465' title='bbox 1259 5045 1406 5100; x_wconf 90' lang='lat' dir='ltr'><strong>assensu,</strong></span> <span class='ocrx_word' id='word_1_466' title='bbox 1438 5024 1611 5088; x_wconf 91' lang='lat' dir='ltr'><strong>ecclesiam</strong></span> <span class='ocrx_word' id='word_1_467' title='bbox 1635 5030 1738 5090; x_wconf 91' lang='lat' dir='ltr'><strong>sancti</strong></span> 
     </span>
     <span class='ocr_line' id='line_1_47' title="bbox 56 5113 1739 5198; baseline 0 -19"><span class='ocrx_word' id='word_1_468' title='bbox 56 5113 182 5192; x_wconf 88' lang='lat' dir='ltr'><strong>Iuliani,</strong></span> <span class='ocrx_word' id='word_1_469' title='bbox 213 5117 310 5178; x_wconf 89' lang='lat' dir='ltr'><strong>sitam</strong></span> <span class='ocrx_word' id='word_1_470' title='bbox 340 5118 372 5179; x_wconf 94' lang='lat' dir='ltr'><strong>in</strong></span> <span class='ocrx_word' id='word_1_471' title='bbox 397 5117 561 5180; x_wconf 90' lang='lat' dir='ltr'><strong>territorio</strong></span> <span class='ocrx_word' id='word_1_472' title='bbox 588 5114 726 5194; x_wconf 89' lang='lat' dir='ltr'><strong>Naboli,</strong></span> <span class='ocrx_word' id='word_1_473' title='bbox 765 5137 839 5180; x_wconf 93' lang='lat' dir='ltr'><strong>cum</strong></span> <span class='ocrx_word' id='word_1_474' title='bbox 873 5117 1025 5179; x_wconf 90' lang='lat' dir='ltr'><strong>omnibus</strong></span> <span class='ocrx_word' id='word_1_475' title='bbox 1058 5115 1256 5198; x_wconf 89' lang='lat' dir='ltr'><strong>pertinentiis</strong></span> <span class='ocrx_word' id='word_1_476' title='bbox 1285 5115 1360 5190; x_wconf 92' lang='lat' dir='ltr'><strong>suis,</strong></span> <span class='ocrx_word' id='word_1_477' title='bbox 1391 5115 1608 5178; x_wconf 88' lang='lat' dir='ltr'><strong>avenerabili</strong></span> <span class='ocrx_word' id='word_1_478' title='bbox 1639 5115 1739 5179; x_wconf 83' lang='lat' dir='ltr'><strong>fratre</strong></span> 
     </span>
     <span class='ocr_line' id='line_1_48' title="bbox 57 5201 1737 5288; baseline 0.001 -21"><span class='ocrx_word' id='word_1_479' title='bbox 57 5213 173 5268; x_wconf 87' lang='lat' dir='ltr'><strong>nostro</strong></span> <span class='ocrx_word' id='word_1_480' title='bbox 191 5252 197 5267; x_wconf 93' lang='lat'><strong>.</strong></span> <span class='ocrx_word' id='word_1_481' title='bbox 216 5255 222 5267; x_wconf 92' lang='lat'><strong>.</strong></span> <span class='ocrx_word' id='word_1_482' title='bbox 238 5201 399 5268; x_wconf 91' lang='lat' dir='ltr'><strong>Saonensi</strong></span> <span class='ocrx_word' id='word_1_483' title='bbox 424 5208 584 5288; x_wconf 90' lang='lat' dir='ltr'><strong>episcopo</strong></span> <span class='ocrx_word' id='word_1_484' title='bbox 608 5206 661 5288; x_wconf 91' lang='lat' dir='ltr'><strong>pia</strong></span> <span class='ocrx_word' id='word_1_485' title='bbox 676 5204 772 5269; x_wconf 93' lang='lat' dir='ltr'><strong>vobis</strong></span> <span class='ocrx_word' id='word_1_486' title='bbox 789 5206 1027 5270; x_wconf 91' lang='lat' dir='ltr'><strong>deliberatione</strong></span> <span class='ocrx_word' id='word_1_487' title='bbox 1044 5225 1235 5268; x_wconf 90' lang='lat' dir='ltr'><strong>concessam</strong></span> <span class='ocrx_word' id='word_1_488' title='bbox 1259 5212 1293 5266; x_wconf 92' lang='lat' dir='ltr'><strong>et</strong></span> <span class='ocrx_word' id='word_1_489' title='bbox 1314 5203 1437 5285; x_wconf 90' lang='lat' dir='ltr'><strong>scripto</strong></span> <span class='ocrx_word' id='word_1_490' title='bbox 1455 5205 1556 5284; x_wconf 93' lang='lat' dir='ltr'><strong>ipsius</strong></span> <span class='ocrx_word' id='word_1_491' title='bbox 1572 5207 1737 5269; x_wconf 90' lang='lat' dir='ltr'><strong>autentico</strong></span> 
     </span>
     <span class='ocr_line' id='line_1_49' title="bbox 57 5293 1738 5377; baseline 0.001 -22"><span class='ocrx_word' id='word_1_492' title='bbox 57 5293 260 5368; x_wconf 89' lang='lat' dir='ltr'><strong>roboratam,</strong></span> <span class='ocrx_word' id='word_1_493' title='bbox 289 5295 372 5357; x_wconf 92' lang='lat' dir='ltr'><strong>sicut</strong></span> <span class='ocrx_word' id='word_1_494' title='bbox 395 5315 466 5358; x_wconf 91' lang='lat' dir='ltr'><strong>eam</strong></span> <span class='ocrx_word' id='word_1_495' title='bbox 491 5295 574 5357; x_wconf 90' lang='lat' dir='ltr'><strong>iuste</strong></span> <span class='ocrx_word' id='word_1_496' title='bbox 597 5304 630 5358; x_wconf 90' lang='lat' dir='ltr'><strong>et</strong></span> <span class='ocrx_word' id='word_1_497' title='bbox 654 5297 810 5359; x_wconf 90' lang='lat' dir='ltr'><strong>canonice</strong></span> <span class='ocrx_word' id='word_1_498' title='bbox 834 5296 1018 5377; x_wconf 72' lang='lat' dir='ltr'><strong>possidetis</strong></span> <span class='ocrx_word' id='word_1_499' title='bbox 1048 5294 1144 5357; x_wconf 92' lang='lat' dir='ltr'><strong>vobis</strong></span> <span class='ocrx_word' id='word_1_500' title='bbox 1169 5302 1202 5357; x_wconf 93' lang='lat' dir='ltr'><strong>et</strong></span> <span class='ocrx_word' id='word_1_501' title='bbox 1224 5313 1284 5376; x_wconf 90' lang='lat' dir='ltr'><strong>per</strong></span> <span class='ocrx_word' id='word_1_502' title='bbox 1305 5313 1365 5356; x_wconf 89' lang='lat' dir='ltr'><strong>vos</strong></span> <span class='ocrx_word' id='word_1_503' title='bbox 1388 5293 1450 5374; x_wconf 90' lang='lat' dir='ltr'><strong>ipsi</strong></span> <span class='ocrx_word' id='word_1_504' title='bbox 1475 5293 1672 5356; x_wconf 89' lang='lat' dir='ltr'><strong>monasterio</strong></span> <span class='ocrx_word' id='word_1_505' title='bbox 1695 5295 1738 5356; x_wconf 92' lang='lat' dir='ltr'><strong>ad</strong></span> 
     </span>
     <span class='ocr_line' id='line_1_50' title="bbox 57 5378 1739 5470; baseline -0.001 -24"><span class='ocrx_word' id='word_1_506' title='bbox 57 5382 233 5465; x_wconf 85' lang='lat' dir='ltr'><strong>exemplar</strong></span> <span class='ocrx_word' id='word_1_507' title='bbox 263 5382 364 5446; x_wconf 82' lang='lat' dir='ltr'><strong>felicis</strong></span> <span class='ocrx_word' id='word_1_508' title='bbox 397 5379 656 5470; x_wconf 88' lang='lat' dir='ltr'><strong>[record]ationis</strong></span> <span class='ocrx_word' id='word_1_509' title='bbox 688 5384 866 5448; x_wconf 89' lang='lat' dir='ltr'><strong>Clementis</strong></span> <span class='ocrx_word' id='word_1_510' title='bbox 897 5404 1000 5468; x_wconf 86' lang='lat' dir='ltr'><strong>pape,</strong></span> <span class='ocrx_word' id='word_1_511' title='bbox 1040 5379 1308 5470; x_wconf 86' lang='lat' dir='ltr'><strong>[predece]ssoris</strong></span> <span class='ocrx_word' id='word_1_512' title='bbox 1345 5381 1448 5445; x_wconf 90' lang='lat' dir='ltr'><strong>nostri</strong></span> <span class='ocrx_word' id='word_1_513' title='bbox 1470 5378 1506 5464; x_wconf 84' lang='grc' dir='ltr'><strong>ι),</strong></span> <span class='ocrx_word' id='word_1_514' title='bbox 1543 5385 1739 5446; x_wconf 90' lang='lat' dir='ltr'><strong>auctoritate</strong></span> 
     </span>
     <span class='ocr_line' id='line_1_51' title="bbox 56 5465 1737 5558; baseline 0.001 -25"><span class='ocrx_word' id='word_1_515' title='bbox 56 5467 268 5558; x_wconf 86' lang='lat' dir='ltr'><strong>a[postoli]ca</strong></span> <span class='ocrx_word' id='word_1_516' title='bbox 290 5471 521 5536; x_wconf 88' lang='lat' dir='ltr'><strong>confirmamus</strong></span> <span class='ocrx_word' id='word_1_517' title='bbox 544 5480 577 5536; x_wconf 92' lang='lat' dir='ltr'><strong>et</strong></span> <span class='ocrx_word' id='word_1_518' title='bbox 600 5473 759 5556; x_wconf 91' lang='lat' dir='ltr'><strong>presentis</strong></span> <span class='ocrx_word' id='word_1_519' title='bbox 782 5475 895 5556; x_wconf 89' lang='lat' dir='ltr'><strong>scripti</strong></span> <span class='ocrx_word' id='word_1_520' title='bbox 919 5473 1099 5556; x_wconf 89' lang='lat' dir='ltr'><strong>patrocinio</strong></span> <span class='ocrx_word' id='word_1_521' title='bbox 1124 5473 1373 5535; x_wconf 90' lang='lat' dir='ltr'><strong>communimus.</strong></span> <span class='ocrx_word' id='word_1_522' title='bbox 1411 5469 1468 5532; x_wconf 87' lang='lat' dir='ltr'><strong>Ad</strong></span> <span class='ocrx_word' id='word_1_523' title='bbox 1493 5471 1593 5533; x_wconf 90' lang='lat' dir='ltr'><strong>instar</strong></span> <span class='ocrx_word' id='word_1_524' title='bbox 1617 5465 1737 5557; x_wconf 88' lang='lat' dir='ltr'><strong>[eti]am</strong></span> 
     </span>
     <span class='ocr_line' id='line_1_52' title="bbox 57 5560 1739 5644; baseline 0 -20"><span class='ocrx_word' id='word_1_525' title='bbox 57 5561 199 5644; x_wconf 88' lang='lat' dir='ltr'><strong>predicti</strong></span> <span class='ocrx_word' id='word_1_526' title='bbox 233 5561 474 5643; x_wconf 90' lang='lat' dir='ltr'><strong>predecessoris</strong></span> <span class='ocrx_word' id='word_1_527' title='bbox 505 5563 606 5626; x_wconf 92' lang='lat' dir='ltr'><strong>nostri</strong></span> <span class='ocrx_word' id='word_1_528' title='bbox 638 5563 794 5625; x_wconf 92' lang='lat' dir='ltr'><strong>universis</strong></span> <span class='ocrx_word' id='word_1_529' title='bbox 825 5562 1055 5627; x_wconf 89' lang='lat' dir='ltr'><strong>ecclesiasticis</strong></span> <span class='ocrx_word' id='word_1_530' title='bbox 1077 5561 1321 5625; x_wconf 88' lang='lat' dir='ltr'><strong>secularibusve</strong></span> <span class='ocrx_word' id='word_1_531' title='bbox 1344 5562 1493 5642; x_wconf 90' lang='lat' dir='ltr'><strong>personis</strong></span> <span class='ocrx_word' id='word_1_532' title='bbox 1516 5561 1635 5624; x_wconf 89' lang='lat' dir='ltr'><strong>arctius</strong></span> <span class='ocrx_word' id='word_1_533' title='bbox 1659 5560 1739 5624; x_wconf 94' lang='lat' dir='ltr'><strong>inhi-</strong></span> 
     </span>
    </p>
   </div>
   <div class='ocr_carea' id='block_1_14' title="bbox 221 5755 1205 5822">
    <p class='ocr_par' dir='ltr' id='par_1_14' title="bbox 221 5755 1205 5822">
     <span class='ocr_line' id='line_1_53' title="bbox 221 5755 1205 5822; baseline 0.003 -19"><span class='ocrx_word' id='word_1_534' title='bbox 221 5756 246 5821; x_wconf 81' lang='lat' dir='ltr'><strong>a)</strong></span> <span class='ocrx_word' id='word_1_535' title='bbox 264 5761 290 5804; x_wconf 85' lang='lat' dir='ltr'><strong>et</strong></span> <span class='ocrx_word' id='word_1_536' title='bbox 306 5755 385 5805; x_wconf 73' lang='lat' dir='ltr'><strong>beron</strong></span> <span class='ocrx_word' id='word_1_537' title='bbox 403 5792 409 5805; x_wconf 97' lang='lat'><strong>.</strong></span> <span class='ocrx_word' id='word_1_538' title='bbox 429 5793 436 5806; x_wconf 93' lang='lat'><strong>.</strong></span> <span class='ocrx_word' id='word_1_539' title='bbox 455 5792 462 5807; x_wconf 91' lang='lat'><strong>.</strong></span> <span class='ocrx_word' id='word_1_540' title='bbox 485 5757 594 5808; x_wconf 90' lang='lat' dir='ltr'><strong>coleoni.</strong></span> <span class='ocrx_word' id='word_1_541' title='bbox 618 5797 665 5802; x_wconf 54' lang='grc'><strong>,-</strong></span> <span class='ocrx_word' id='word_1_542' title='bbox 683 5761 721 5822; x_wconf 80' lang='grc'><strong>,1)</strong></span> <span class='ocrx_word' id='word_1_543' title='bbox 742 5759 860 5809; x_wconf 80' lang='lat' dir='ltr'><strong>Urkrmde</strong></span> <span class='ocrx_word' id='word_1_544' title='bbox 877 5774 932 5809; x_wconf 81' lang='lat' dir='ltr'><strong>vom</strong></span> <span class='ocrx_word' id='word_1_545' title='bbox 951 5759 985 5809; x_wconf 81' lang='lat'><strong>31</strong></span> <span class='ocrx_word' id='word_1_546' title='bbox 1005 5757 1115 5808; x_wconf 68' lang='lat' dir='ltr'><strong>aeonae</strong></span> <span class='ocrx_word' id='word_1_547' title='bbox 1132 5757 1205 5807; x_wconf 80' lang='lat'><strong>1191.</strong></span> 
     </span>
    </p>
   </div>
   <div class='ocr_carea' id='block_1_15' title="bbox 0 0 2068 6360">
    <p class='ocr_par' dir='ltr' id='par_1_15' title="bbox 0 0 2068 6360">
     <span class='ocr_line' id='line_1_54' title="bbox 0 0 2068 6360; baseline 0 0"><span class='ocrx_word' id='word_1_548' title='bbox 0 0 2068 6360; x_wconf 95' lang='lat' dir='ltr'><strong> </strong></span> 
     </span>
    </p>
   </div>
  </div>
 </body>
</html>
