<?xml version="1.0" encoding="UTF-8"?>
<!DOCTYPE html PUBLIC "-//W3C//DTD XHTML 1.0 Transitional//EN"
    "http://www.w3.org/TR/xhtml1/DTD/xhtml1-transitional.dtd">
<html xmlns="http://www.w3.org/1999/xhtml" xml:lang="en" lang="en">
 <head>
  <title>
</title>
<meta http-equiv="Content-Type" content="text/html;charset=utf-8" />
  <meta name='ocr-system' content='tesseract 3.04.00' />
  <meta name='ocr-capabilities' content='ocr_page ocr_carea ocr_par ocr_line ocrx_word'/>
</head>
<body>
  <div class='ocr_page' id='page_1' title='image "./actapontificumr00hargoog_0169.png"; bbox 0 0 4126 6356; ppageno 0'>
   <div class='ocr_carea' id='block_1_1' title="bbox 81 541 1753 1609">
    <p class='ocr_par' dir='ltr' id='par_1_1' title="bbox 292 541 1335 624">
     <span class='ocr_line' id='line_1_1' title="bbox 292 541 1335 624; baseline 0.006 -21"><span class='ocrx_word' id='word_1_1' title='bbox 292 542 313 619; x_wconf 83' lang='lat'>†</span> <span class='ocrx_word' id='word_1_2' title='bbox 336 543 410 623; x_wconf 84' lang='lat' dir='ltr'><strong>Ego</strong></span> <span class='ocrx_word' id='word_1_3' title='bbox 434 541 533 604; x_wconf 93' lang='lat' dir='ltr'><strong>Iulius</strong></span> <span class='ocrx_word' id='word_1_4' title='bbox 556 542 719 624; x_wconf 85' lang='lat' dir='ltr'><strong>presbiter</strong></span> <span class='ocrx_word' id='word_1_5' title='bbox 741 543 910 608; x_wconf 90' lang='lat' dir='ltr'><strong>cardinalis</strong></span> <span class='ocrx_word' id='word_1_6' title='bbox 932 545 979 608; x_wconf 90' lang='lat' dir='ltr'><strong>tit.</strong></span> <span class='ocrx_word' id='word_1_7' title='bbox 1002 545 1103 608; x_wconf 90' lang='lat' dir='ltr'><strong>sancti</strong></span> <span class='ocrx_word' id='word_1_8' title='bbox 1127 545 1272 610; x_wconf 76' lang='lat' dir='ltr'>Marcelli</span> <span class='ocrx_word' id='word_1_9' title='bbox 1295 567 1335 609; x_wconf 91' lang='grc'><strong>33.</strong></span> 
     </span>
    </p>

    <p class='ocr_par' dir='ltr' id='par_1_2' title="bbox 293 627 1227 713">
     <span class='ocr_line' id='line_1_2' title="bbox 293 627 1227 713; baseline 0.004 -19"><span class='ocrx_word' id='word_1_10' title='bbox 293 629 313 711; x_wconf 90' lang='lat'>†</span> <span class='ocrx_word' id='word_1_11' title='bbox 336 633 410 712; x_wconf 88' lang='lat' dir='ltr'><strong>Ego</strong></span> <span class='ocrx_word' id='word_1_12' title='bbox 434 627 542 694; x_wconf 91' lang='lat' dir='ltr'><strong>Guido</strong></span> <span class='ocrx_word' id='word_1_13' title='bbox 566 632 728 713; x_wconf 83' lang='lat' dir='ltr'>presbiter</span> <span class='ocrx_word' id='word_1_14' title='bbox 751 634 924 697; x_wconf 89' lang='lat' dir='ltr'><strong>cardinalis</strong></span> <span class='ocrx_word' id='word_1_15' title='bbox 948 635 994 698; x_wconf 92' lang='lat' dir='ltr'><strong>tit.</strong></span> <span class='ocrx_word' id='word_1_16' title='bbox 1020 634 1163 699; x_wconf 86' lang='lat' dir='ltr'><strong>Pastoris</strong></span> <span class='ocrx_word' id='word_1_17' title='bbox 1185 656 1227 698; x_wconf 90' lang='lat' dir='ltr'><strong>ss.</strong></span> 
     </span>
    </p>

    <p class='ocr_par' dir='ltr' id='par_1_3' title="bbox 291 719 1752 811">
     <span class='ocr_line' id='line_1_3' title="bbox 291 719 1752 811; baseline 0.004 -29"><span class='ocrx_word' id='word_1_18' title='bbox 291 719 312 801; x_wconf 86' lang='lat'><strong>†</strong></span> <span class='ocrx_word' id='word_1_19' title='bbox 335 720 408 802; x_wconf 91' lang='lat' dir='ltr'><strong>Ego</strong></span> <span class='ocrx_word' id='word_1_20' title='bbox 432 719 591 784; x_wconf 90' lang='lat' dir='ltr'><strong>Iordanus</strong></span> <span class='ocrx_word' id='word_1_21' title='bbox 621 721 785 804; x_wconf 85' lang='lat' dir='ltr'>presbiter</span> <span class='ocrx_word' id='word_1_22' title='bbox 816 723 985 787; x_wconf 87' lang='lat' dir='ltr'><strong>cardinalis</strong></span> <span class='ocrx_word' id='word_1_23' title='bbox 1008 725 1055 788; x_wconf 91' lang='lat' dir='ltr'><strong>tit.</strong></span> <span class='ocrx_word' id='word_1_24' title='bbox 1078 733 1261 788; x_wconf 88' lang='lat' dir='ltr'><strong>sanctarum</strong></span> <span class='ocrx_word' id='word_1_25' title='bbox 1286 724 1431 811; x_wconf 73' lang='lat' dir='ltr'><strong>Susanne</strong></span> <span class='ocrx_word' id='word_1_26' title='bbox 1456 734 1489 789; x_wconf 93' lang='lat' dir='ltr'><strong>et</strong></span> <span class='ocrx_word' id='word_1_27' title='bbox 1511 726 1688 790; x_wconf 83' lang='lat' dir='ltr'><strong>Felicitatis</strong></span> <span class='ocrx_word' id='word_1_28' title='bbox 1710 746 1752 789; x_wconf 96' lang='lat' dir='ltr'><strong>ss.</strong></span> 
     </span>
    </p>

    <p class='ocr_par' dir='ltr' id='par_1_4' title="bbox 292 806 1425 894">
     <span class='ocr_line' id='line_1_4' title="bbox 292 806 1425 894; baseline 0.005 -23"><span class='ocrx_word' id='word_1_29' title='bbox 292 806 313 891; x_wconf 85' lang='lat'>†</span> <span class='ocrx_word' id='word_1_30' title='bbox 337 807 409 891; x_wconf 88' lang='lat' dir='ltr'><strong>Ego</strong></span> <span class='ocrx_word' id='word_1_31' title='bbox 435 806 635 873; x_wconf 88' lang='lat' dir='ltr'><strong>Octavianus</strong></span> <span class='ocrx_word' id='word_1_32' title='bbox 659 812 820 894; x_wconf 85' lang='lat' dir='ltr'><strong>presbiter</strong></span> <span class='ocrx_word' id='word_1_33' title='bbox 842 812 1011 876; x_wconf 88' lang='lat' dir='ltr'><strong>cardinalis</strong></span> <span class='ocrx_word' id='word_1_34' title='bbox 1034 813 1081 875; x_wconf 86' lang='lat' dir='ltr'><strong>tit</strong></span> <span class='ocrx_word' id='word_1_35' title='bbox 1104 823 1216 877; x_wconf 90' lang='lat' dir='ltr'><strong>sancte</strong></span> <span class='ocrx_word' id='word_1_36' title='bbox 1241 812 1361 877; x_wconf 89' lang='lat' dir='ltr'><strong>Cecilie</strong></span> <span class='ocrx_word' id='word_1_37' title='bbox 1383 835 1425 877; x_wconf 93' lang='lat' dir='ltr'><strong>ss.</strong></span> 
     </span>
    </p>

    <p class='ocr_par' dir='ltr' id='par_1_5' title="bbox 290 896 1752 984">
     <span class='ocr_line' id='line_1_5' title="bbox 290 896 1752 984; baseline 0.003 -23"><span class='ocrx_word' id='word_1_38' title='bbox 290 897 311 980; x_wconf 88' lang='lat'>†</span> <span class='ocrx_word' id='word_1_39' title='bbox 334 898 407 981; x_wconf 86' lang='lat' dir='ltr'><strong>Ego</strong></span> <span class='ocrx_word' id='word_1_40' title='bbox 432 896 596 963; x_wconf 87' lang='lat' dir='ltr'><strong>Gerardus</strong></span> <span class='ocrx_word' id='word_1_41' title='bbox 628 901 791 984; x_wconf 88' lang='lat' dir='ltr'><strong>presbiter</strong></span> <span class='ocrx_word' id='word_1_42' title='bbox 822 903 994 965; x_wconf 87' lang='lat' dir='ltr'><strong>cardinalis</strong></span> <span class='ocrx_word' id='word_1_43' title='bbox 1024 905 1072 965; x_wconf 89' lang='lat' dir='ltr'><strong>tit.</strong></span> <span class='ocrx_word' id='word_1_44' title='bbox 1095 905 1197 966; x_wconf 87' lang='lat' dir='ltr'><strong>sancti</strong></span> <span class='ocrx_word' id='word_1_45' title='bbox 1221 901 1379 984; x_wconf 85' lang='lat' dir='ltr'><strong>Stephani</strong></span> <span class='ocrx_word' id='word_1_46' title='bbox 1406 905 1437 967; x_wconf 92' lang='lat' dir='ltr'><strong>in</strong></span> <span class='ocrx_word' id='word_1_47' title='bbox 1462 904 1552 968; x_wconf 92' lang='lat' dir='ltr'><strong>Celio</strong></span> <span class='ocrx_word' id='word_1_48' title='bbox 1576 913 1689 968; x_wconf 89' lang='lat' dir='ltr'><strong>monte</strong></span> <span class='ocrx_word' id='word_1_49' title='bbox 1711 925 1752 968; x_wconf 90' lang='lat' dir='ltr'><strong>ss.</strong></span> 
     </span>
    </p>

    <p class='ocr_par' dir='ltr' id='par_1_6' title="bbox 292 986 1664 1073">
     <span class='ocr_line' id='line_1_6' title="bbox 292 986 1664 1073; baseline 0.004 -22"><span class='ocrx_word' id='word_1_50' title='bbox 292 986 313 1069; x_wconf 83' lang='lat'>†</span> <span class='ocrx_word' id='word_1_51' title='bbox 336 989 410 1070; x_wconf 86' lang='lat' dir='ltr'><strong>Ego</strong></span> <span class='ocrx_word' id='word_1_52' title='bbox 433 987 596 1052; x_wconf 91' lang='lat' dir='ltr'><strong>Henricus</strong></span> <span class='ocrx_word' id='word_1_53' title='bbox 620 991 782 1073; x_wconf 89' lang='lat' dir='ltr'><strong>presbiter</strong></span> <span class='ocrx_word' id='word_1_54' title='bbox 804 991 977 1055; x_wconf 87' lang='lat' dir='ltr'><strong>cardinalis</strong></span> <span class='ocrx_word' id='word_1_55' title='bbox 1000 994 1048 1055; x_wconf 92' lang='lat' dir='ltr'><strong>tit.</strong></span> <span class='ocrx_word' id='word_1_56' title='bbox 1070 1001 1256 1056; x_wconf 90' lang='lat' dir='ltr'><strong>sanctorum</strong></span> <span class='ocrx_word' id='word_1_57' title='bbox 1280 991 1379 1056; x_wconf 91' lang='lat' dir='ltr'><strong>Nerei</strong></span> <span class='ocrx_word' id='word_1_58' title='bbox 1403 1001 1437 1055; x_wconf 93' lang='lat' dir='ltr'><strong>et</strong></span> <span class='ocrx_word' id='word_1_59' title='bbox 1458 992 1601 1057; x_wconf 88' lang='lat' dir='ltr'><strong>Achillei</strong></span> <span class='ocrx_word' id='word_1_60' title='bbox 1623 1015 1664 1056; x_wconf 90' lang='lat' dir='ltr'><strong>ss.</strong></span> 
     </span>
    </p>

    <p class='ocr_par' dir='ltr' id='par_1_7' title="bbox 291 1075 1693 1162">
     <span class='ocr_line' id='line_1_7' title="bbox 291 1075 1693 1162; baseline 0.005 -23"><span class='ocrx_word' id='word_1_61' title='bbox 291 1075 311 1158; x_wconf 92' lang='lat'>†</span> <span class='ocrx_word' id='word_1_62' title='bbox 334 1079 407 1159; x_wconf 86' lang='lat' dir='ltr'><strong>Ego</strong></span> <span class='ocrx_word' id='word_1_63' title='bbox 432 1078 592 1141; x_wconf 90' lang='lat' dir='ltr'><strong>lohannes</strong></span> <span class='ocrx_word' id='word_1_64' title='bbox 616 1080 779 1162; x_wconf 90' lang='lat' dir='ltr'><strong>presbiter</strong></span> <span class='ocrx_word' id='word_1_65' title='bbox 802 1081 973 1144; x_wconf 90' lang='lat' dir='ltr'><strong>cardinalis</strong></span> <span class='ocrx_word' id='word_1_66' title='bbox 996 1083 1044 1143; x_wconf 90' lang='lat' dir='ltr'><strong>tit.</strong></span> <span class='ocrx_word' id='word_1_67' title='bbox 1067 1090 1255 1145; x_wconf 88' lang='lat' dir='ltr'><strong>sanctorum</strong></span> <span class='ocrx_word' id='word_1_68' title='bbox 1277 1079 1421 1146; x_wconf 90' lang='lat' dir='ltr'><strong>Silvestri</strong></span> <span class='ocrx_word' id='word_1_69' title='bbox 1444 1093 1477 1146; x_wconf 90' lang='lat' dir='ltr'><strong>et</strong></span> <span class='ocrx_word' id='word_1_70' title='bbox 1500 1083 1630 1146; x_wconf 91' lang='lat' dir='ltr'><strong>Martini</strong></span> <span class='ocrx_word' id='word_1_71' title='bbox 1651 1103 1693 1146; x_wconf 91' lang='lat' dir='ltr'><strong>ss.</strong></span> 
     </span>
    </p>

    <p class='ocr_par' dir='ltr' id='par_1_8' title="bbox 293 1163 1590 1258">
     <span class='ocr_line' id='line_1_8' title="bbox 293 1163 1590 1258; baseline 0.005 -30"><span class='ocrx_word' id='word_1_72' title='bbox 293 1202 333 1211; x_wconf 96' lang='lat'>—</span> <span class='ocrx_word' id='word_1_73' title='bbox 359 1163 379 1248; x_wconf 86' lang='lat'><em>†</em></span> <span class='ocrx_word' id='word_1_74' title='bbox 402 1165 476 1248; x_wconf 84' lang='lat' dir='ltr'><strong>Ego</strong></span> <span class='ocrx_word' id='word_1_75' title='bbox 500 1165 609 1230; x_wconf 91' lang='lat' dir='ltr'><strong>Guido</strong></span> <span class='ocrx_word' id='word_1_76' title='bbox 632 1170 791 1232; x_wconf 87' lang='lat' dir='ltr'><strong>diaconus</strong></span> <span class='ocrx_word' id='word_1_77' title='bbox 815 1170 986 1234; x_wconf 89' lang='lat' dir='ltr'><strong>cardinalis</strong></span> <span class='ocrx_word' id='word_1_78' title='bbox 1009 1179 1122 1233; x_wconf 88' lang='lat' dir='ltr'><strong>sancte</strong></span> <span class='ocrx_word' id='word_1_79' title='bbox 1146 1170 1249 1234; x_wconf 90' lang='lat' dir='ltr'><strong>Marie</strong></span> <span class='ocrx_word' id='word_1_80' title='bbox 1272 1172 1301 1233; x_wconf 93' lang='lat' dir='ltr'><strong>in</strong></span> <span class='ocrx_word' id='word_1_81' title='bbox 1325 1169 1456 1234; x_wconf 90' lang='lat' dir='ltr'><strong>Porticu</strong></span> <span class='ocrx_word' id='word_1_82' title='bbox 1479 1193 1521 1235; x_wconf 94' lang='lat' dir='ltr'><strong>ss.</strong></span> <span class='ocrx_word' id='word_1_83' title='bbox 1544 1170 1590 1258; x_wconf 87' lang='lat'><strong>(2)</strong></span> 
     </span>
    </p>

    <p class='ocr_par' dir='ltr' id='par_1_9' title="bbox 291 1253 1707 1346">
     <span class='ocr_line' id='line_1_9' title="bbox 291 1253 1707 1346; baseline 0.006 -30"><span class='ocrx_word' id='word_1_84' title='bbox 291 1258 312 1335; x_wconf 87' lang='lat'>†</span> <span class='ocrx_word' id='word_1_85' title='bbox 335 1253 407 1338; x_wconf 88' lang='lat' dir='ltr'><strong>Ego</strong></span> <span class='ocrx_word' id='word_1_86' title='bbox 433 1253 511 1320; x_wconf 91' lang='lat' dir='ltr'><strong>Odo</strong></span> <span class='ocrx_word' id='word_1_87' title='bbox 535 1257 691 1320; x_wconf 87' lang='lat' dir='ltr'><strong>diaconus</strong></span> <span class='ocrx_word' id='word_1_88' title='bbox 716 1259 890 1323; x_wconf 91' lang='lat' dir='ltr'><strong>cardinalis</strong></span> <span class='ocrx_word' id='word_1_89' title='bbox 913 1261 1016 1322; x_wconf 87' lang='lat' dir='ltr'><strong>sancti</strong></span> <span class='ocrx_word' id='word_1_90' title='bbox 1040 1257 1190 1322; x_wconf 90' lang='lat' dir='ltr'><strong>Nicholai</strong></span> <span class='ocrx_word' id='word_1_91' title='bbox 1214 1263 1245 1324; x_wconf 93' lang='lat' dir='ltr'><strong>in</strong></span> <span class='ocrx_word' id='word_1_92' title='bbox 1269 1253 1572 1325; x_wconf 87' lang='lat' dir='ltr'><strong>carcere&#39;Tulliano</strong></span> <span class='ocrx_word' id='word_1_93' title='bbox 1596 1281 1636 1324; x_wconf 88' lang='lat' dir='ltr'><strong>ss.</strong></span> <span class='ocrx_word' id='word_1_94' title='bbox 1661 1260 1707 1346; x_wconf 88' lang='lat'><strong>(7)</strong></span> 
     </span>
    </p>

    <p class='ocr_par' dir='ltr' id='par_1_10' title="bbox 238 1344 1753 1436">
     <span class='ocr_line' id='line_1_10' title="bbox 238 1344 1753 1436; baseline 0.004 -30"><span class='ocrx_word' id='word_1_95' title='bbox 238 1344 316 1408; x_wconf 95' lang='lat' dir='ltr'><strong>Dat.</strong></span> <span class='ocrx_word' id='word_1_96' title='bbox 332 1345 495 1420; x_wconf 88' lang='lat' dir='ltr'><strong>Laterani,</strong></span> <span class='ocrx_word' id='word_1_97' title='bbox 518 1367 578 1428; x_wconf 91' lang='lat' dir='ltr'><strong>per</strong></span> <span class='ocrx_word' id='word_1_98' title='bbox 601 1367 732 1410; x_wconf 88' lang='lat' dir='ltr'><strong>manum</strong></span> <span class='ocrx_word' id='word_1_99' title='bbox 755 1348 908 1423; x_wconf 89' lang='lat' dir='ltr'><strong>Rolandi‚</strong></span> <span class='ocrx_word' id='word_1_100' title='bbox 932 1357 1044 1433; x_wconf 74' lang='lat' dir='ltr'><strong>sancte</strong></span> <span class='ocrx_word' id='word_1_101' title='bbox 1060 1348 1206 1436; x_wconf 73' lang='lat' dir='ltr'><strong>Romane</strong></span> <span class='ocrx_word' id='word_1_102' title='bbox 1230 1348 1366 1436; x_wconf 73' lang='lat' dir='ltr'><strong>ecclesie</strong></span> <span class='ocrx_word' id='word_1_103' title='bbox 1391 1351 1560 1431; x_wconf 89' lang='lat' dir='ltr'><strong>presbiteri</strong></span> <span class='ocrx_word' id='word_1_104' title='bbox 1583 1349 1753 1415; x_wconf 90' lang='lat' dir='ltr'><strong>cardinalis</strong></span> 
     </span>
    </p>

    <p class='ocr_par' dir='ltr' id='par_1_11' title="bbox 81 1433 1753 1609">
     <span class='ocr_line' id='line_1_11' title="bbox 81 1433 1753 1505; baseline 0.004 -10"><span class='ocrx_word' id='word_1_105' title='bbox 81 1441 111 1495; x_wconf 88' lang='lat' dir='ltr'><strong>et</strong></span> <span class='ocrx_word' id='word_1_106' title='bbox 134 1433 325 1496; x_wconf 88' lang='lat' dir='ltr'><strong>cancellarii.</strong></span> <span class='ocrx_word' id='word_1_107' title='bbox 364 1449 401 1498; x_wconf 90' lang='lat'><strong>111</strong></span> <span class='ocrx_word' id='word_1_108' title='bbox 425 1434 502 1498; x_wconf 89' lang='lat' dir='ltr'><strong>idus</strong></span> <span class='ocrx_word' id='word_1_109' title='bbox 526 1435 615 1500; x_wconf 92' lang='lat' dir='ltr'><strong>Iunii.</strong></span> <span class='ocrx_word' id='word_1_110' title='bbox 654 1436 836 1502; x_wconf 85' lang='lat' dir='ltr'><strong>indictione</strong></span> <span class='ocrx_word' id='word_1_111' title='bbox 859 1452 892 1500; x_wconf 87' lang='lat'><strong>11.</strong></span> <span class='ocrx_word' id='word_1_112' title='bbox 938 1437 1169 1502; x_wconf 85' lang='lat' dir='ltr'><strong>incarnationis</strong></span> <span class='ocrx_word' id='word_1_113' title='bbox 1192 1440 1358 1502; x_wconf 90' lang='lat' dir='ltr'><strong>dominice</strong></span> <span class='ocrx_word' id='word_1_114' title='bbox 1382 1460 1468 1504; x_wconf 87' lang='lat' dir='ltr'><strong>anno</strong></span> <span class='ocrx_word' id='word_1_115' title='bbox 1493 1452 1627 1504; x_wconf 87' lang='lat' dir='ltr'>MCL1111.</span> <span class='ocrx_word' id='word_1_116' title='bbox 1671 1443 1753 1505; x_wconf 92' lang='lat' dir='ltr'><strong>Pon·</strong></span> 
     </span>
     <span class='ocr_line' id='line_1_12' title="bbox 81 1521 1126 1609; baseline 0.005 -24"><span class='ocrx_word' id='word_1_117' title='bbox 81 1521 220 1585; x_wconf 89' lang='lat' dir='ltr'><strong>tificatus</strong></span> <span class='ocrx_word' id='word_1_118' title='bbox 244 1543 323 1586; x_wconf 89' lang='lat' dir='ltr'><strong>vero</strong></span> <span class='ocrx_word' id='word_1_119' title='bbox 345 1523 460 1586; x_wconf 90' lang='lat' dir='ltr'><strong>domni</strong></span> <span class='ocrx_word' id='word_1_120' title='bbox 482 1523 651 1592; x_wconf 84' lang='lat' dir='ltr'><strong>Anastasii</strong></span> <span class='ocrx_word' id='word_1_121' title='bbox 674 1547 731 1609; x_wconf 91' lang='lat' dir='ltr'><strong>pp.</strong></span> <span class='ocrx_word' id='word_1_122' title='bbox 754 1542 808 1591; x_wconf 89' lang='lat'>1111</span> <span class='ocrx_word' id='word_1_123' title='bbox 830 1548 917 1591; x_wconf 89' lang='lat' dir='ltr'><strong>anno</strong></span> <span class='ocrx_word' id='word_1_124' title='bbox 942 1528 1058 1609; x_wconf 92' lang='lat' dir='ltr'><strong>primo.</strong></span> <span class='ocrx_word' id='word_1_125' title='bbox 1082 1561 1126 1572; x_wconf 89' lang='lat'><em>-</em></span> 
     </span>
    </p>
   </div>
   <div class='ocr_carea' id='block_1_2' title="bbox 73 1637 1756 2210">
    <p class='ocr_par' dir='ltr' id='par_1_12' title="bbox 239 1637 1227 1705">
     <span class='ocr_line' id='line_1_13' title="bbox 239 1637 1227 1705; baseline 0.006 -19"><span class='ocrx_word' id='word_1_126' title='bbox 239 1637 284 1687; x_wconf 86' lang='lat' dir='ltr'><strong>Or.</strong></span> <span class='ocrx_word' id='word_1_127' title='bbox 303 1637 340 1702; x_wconf 81' lang='lat' dir='ltr'><strong>(S.</strong></span> <span class='ocrx_word' id='word_1_128' title='bbox 360 1638 479 1688; x_wconf 64' lang='lat' dir='ltr'><strong>mediano</strong></span> <span class='ocrx_word' id='word_1_129' title='bbox 499 1642 531 1688; x_wconf 88' lang='lat'><strong>11</strong></span> <span class='ocrx_word' id='word_1_130' title='bbox 554 1639 650 1704; x_wconf 78' lang='lat' dir='ltr'><strong>Giugm</strong></span> <span class='ocrx_word' id='word_1_131' title='bbox 670 1643 757 1705; x_wconf 77' lang='lat'><strong>1154),</strong></span> <span class='ocrx_word' id='word_1_132' title='bbox 776 1641 810 1689; x_wconf 82' lang='lat' dir='ltr'><strong>im</strong></span> <span class='ocrx_word' id='word_1_133' title='bbox 827 1641 942 1691; x_wconf 74' lang='lat' dir='ltr'><strong>Arclrr&#39;utb</strong></span> <span class='ocrx_word' id='word_1_134' title='bbox 961 1641 989 1690; x_wconf 80' lang='lat' dir='ltr'><strong>di</strong></span> <span class='ocrx_word' id='word_1_135' title='bbox 1005 1642 1072 1691; x_wconf 75' lang='lat' dir='ltr'><strong>Statu</strong></span> <span class='ocrx_word' id='word_1_136' title='bbox 1089 1659 1119 1690; x_wconf 79' lang='lat' dir='ltr'><strong>au</strong></span> <span class='ocrx_word' id='word_1_137' title='bbox 1135 1643 1227 1692; x_wconf 80' lang='lat' dir='ltr'><strong>Lucra.</strong></span> 
     </span>
    </p>

    <p class='ocr_par' dir='ltr' id='par_1_13' title="bbox 73 1709 1756 2210">
     <span class='ocr_line' id='line_1_14' title="bbox 238 1709 1755 1780; baseline 0.005 -22"><span class='ocrx_word' id='word_1_138' title='bbox 238 1709 310 1774; x_wconf 81' lang='lat' dir='ltr'><strong>Perg.</strong></span> <span class='ocrx_word' id='word_1_139' title='bbox 327 1710 388 1770; x_wconf 69' lang='lat' dir='ltr'><strong>tat,</strong></span> <span class='ocrx_word' id='word_1_140' title='bbox 410 1710 445 1760; x_wconf 84' lang='lat' dir='ltr'><strong>br.</strong></span> <span class='ocrx_word' id='word_1_141' title='bbox 464 1712 533 1770; x_wconf 76' lang='lat'><strong>0,62,</strong></span> <span class='ocrx_word' id='word_1_142' title='bbox 559 1713 621 1776; x_wconf 81' lang='lat' dir='ltr'><strong>lang</strong></span> <span class='ocrx_word' id='word_1_143' title='bbox 637 1713 706 1772; x_wconf 80' lang='lat' dir='ltr'><strong>O‚83,</strong></span> <span class='ocrx_word' id='word_1_144' title='bbox 730 1720 807 1762; x_wconf 83' lang='lat' dir='ltr'><strong>unten</strong></span> <span class='ocrx_word' id='word_1_145' title='bbox 825 1714 903 1774; x_wconf 87' lang='lat'><strong>0,033</strong></span> <span class='ocrx_word' id='word_1_146' title='bbox 921 1713 1113 1778; x_wconf 78' lang='lat' dir='ltr'><strong>umgesclrlagen,</strong></span> <span class='ocrx_word' id='word_1_147' title='bbox 1137 1715 1214 1762; x_wconf 80' lang='lat' dir='ltr'><em>durch</em></span> <span class='ocrx_word' id='word_1_148' title='bbox 1238 1713 1296 1764; x_wconf 78' lang='lat' dir='ltr'><strong>rwet&#39;</strong></span> <span class='ocrx_word' id='word_1_149' title='bbox 1311 1715 1403 1764; x_wconf 79' lang='lat' dir='ltr'><strong>L&#39;o&#39;clrer</strong></span> <span class='ocrx_word' id='word_1_150' title='bbox 1423 1715 1480 1780; x_wconf 76' lang='lat' dir='ltr'><strong>gela</strong></span> <span class='ocrx_word' id='word_1_151' title='bbox 1505 1715 1542 1765; x_wconf 84' lang='lat' dir='ltr'><strong>die</strong></span> <span class='ocrx_word' id='word_1_152' title='bbox 1565 1715 1755 1780; x_wconf 77' lang='lat' dir='ltr'><strong>brdunlr&#39;ckgelbe</strong></span> 
     </span>
     <span class='ocr_line' id='line_1_15' title="bbox 78 1779 1753 1852; baseline 0.005 -24"><span class='ocrx_word' id='word_1_153' title='bbox 78 1781 130 1828; x_wconf 79' lang='lat' dir='ltr'><strong>und</strong></span> <span class='ocrx_word' id='word_1_154' title='bbox 143 1779 224 1830; x_wconf 80' lang='lat' dir='ltr'><strong>weirse</strong></span> <span class='ocrx_word' id='word_1_155' title='bbox 243 1781 426 1843; x_wconf 75' lang='lat' dir='ltr'><strong>Seidenschmtr,</strong></span> <span class='ocrx_word' id='word_1_156' title='bbox 451 1797 537 1832; x_wconf 71' lang='lat' dir='ltr'><strong>aaran</strong></span> <span class='ocrx_word' id='word_1_157' title='bbox 555 1783 600 1832; x_wconf 82' lang='lat' dir='ltr'><strong>dar</strong></span> <span class='ocrx_word' id='word_1_158' title='bbox 617 1783 743 1850; x_wconf 79' lang='lat' dir='ltr'><strong>Bler&#39;sr&#39;egrl</strong></span> <span class='ocrx_word' id='word_1_159' title='bbox 762 1785 860 1834; x_wconf 74' lang='lat' dir='ltr'><strong>nudem</strong></span> <span class='ocrx_word' id='word_1_160' title='bbox 878 1800 925 1834; x_wconf 87' lang='lat' dir='ltr'><strong>neu</strong></span> <span class='ocrx_word' id='word_1_161' title='bbox 942 1785 1063 1834; x_wconf 84' lang='lat' dir='ltr'><strong>verknotet</strong></span> <span class='ocrx_word' id='word_1_162' title='bbox 1079 1785 1163 1850; x_wconf 79' lang='lat' dir='ltr'><strong>hdugt.</strong></span> <span class='ocrx_word' id='word_1_163' title='bbox 1200 1787 1310 1851; x_wconf 76' lang='lat' dir='ltr'><strong>Fallung</strong></span> <span class='ocrx_word' id='word_1_164' title='bbox 1330 1788 1373 1837; x_wconf 84' lang='lat' dir='ltr'><strong>der</strong></span> <span class='ocrx_word' id='word_1_165' title='bbox 1391 1788 1488 1836; x_wconf 83' lang='lat' dir='ltr'><strong>Bullen.</strong></span> <span class='ocrx_word' id='word_1_166' title='bbox 1526 1787 1574 1836; x_wconf 79' lang='lat' dir='ltr'><strong>Dic</strong></span> <span class='ocrx_word' id='word_1_167' title='bbox 1597 1787 1753 1852; x_wconf 76' lang='lat' dir='ltr'><strong>Verewigung</strong></span> 
     </span>
     <span class='ocr_line' id='line_1_16' title="bbox 73 1853 1756 1924; baseline 0.003 -23"><span class='ocrx_word' id='word_1_168' title='bbox 73 1853 135 1916; x_wconf 76' lang='lat' dir='ltr'><strong>sidit</strong></span> <span class='ocrx_word' id='word_1_169' title='bbox 152 1853 223 1911; x_wconf 84' lang='grc'><em>0,16.</em></span> <span class='ocrx_word' id='word_1_170' title='bbox 261 1855 310 1903; x_wconf 84' lang='lat' dir='ltr'><strong>Dic</strong></span> <span class='ocrx_word' id='word_1_171' title='bbox 331 1853 496 1919; x_wconf 80' lang='lat' dir='ltr'><strong>Untersclrrifl</strong></span> <span class='ocrx_word' id='word_1_172' title='bbox 520 1855 611 1903; x_wconf 81' lang='lat' dir='ltr'><strong>sclrer&#39;nt</strong></span> <span class='ocrx_word' id='word_1_173' title='bbox 633 1871 680 1904; x_wconf 81' lang='lat' dir='ltr'><strong>van</strong></span> <span class='ocrx_word' id='word_1_174' title='bbox 703 1856 747 1905; x_wconf 84' lang='lat' dir='ltr'><strong>der</strong></span> <span class='ocrx_word' id='word_1_175' title='bbox 766 1855 840 1906; x_wconf 74' lang='lat' dir='ltr'><strong>Drirte</strong></span> <span class='ocrx_word' id='word_1_176' title='bbox 865 1857 905 1906; x_wconf 88' lang='lat' dir='ltr'><strong>a&#39;es</strong></span> <span class='ocrx_word' id='word_1_177' title='bbox 922 1856 1103 1921; x_wconf 76' lang='lat' dir='ltr'><strong>Hauptk&#39;a&#39;rpcrs</strong></span> <span class='ocrx_word' id='word_1_178' title='bbox 1124 1857 1295 1917; x_wconf 72' lang='lat' dir='ltr'><strong>lmmrutrm,</strong></span> <span class='ocrx_word' id='word_1_179' title='bbox 1322 1859 1459 1924; x_wconf 78' lang='lat' dir='ltr'><strong>Rr&#39;ngkreua</strong></span> <span class='ocrx_word' id='word_1_180' title='bbox 1476 1859 1599 1918; x_wconf 83' lang='lat' dir='ltr'><strong>dunklere,</strong></span> <span class='ocrx_word' id='word_1_181' title='bbox 1620 1857 1756 1922; x_wconf 77' lang='lat' dir='ltr'><strong>Umschrr&#39;st</strong></span> 
     </span>
     <span class='ocr_line' id='line_1_17' title="bbox 79 1925 1755 1994; baseline 0.004 -23"><span class='ocrx_word' id='word_1_182' title='bbox 79 1925 158 1974; x_wconf 73' lang='lat' dir='ltr'><strong>tallere</strong></span> <span class='ocrx_word' id='word_1_183' title='bbox 176 1925 262 1975; x_wconf 81' lang='lat' dir='ltr'><strong>Dinte.</strong></span> <span class='ocrx_word' id='word_1_184' title='bbox 298 1926 347 1975; x_wconf 86' lang='lat' dir='ltr'><strong>Die</strong></span> <span class='ocrx_word' id='word_1_185' title='bbox 371 1927 501 1991; x_wconf 72' lang='lat' dir='ltr'><strong>Batti-ung</strong></span> <span class='ocrx_word' id='word_1_186' title='bbox 522 1927 554 1976; x_wconf 80' lang='lat' dir='ltr'><strong>ist</strong></span> <span class='ocrx_word' id='word_1_187' title='bbox 574 1927 619 1976; x_wconf 83' lang='lat' dir='ltr'><strong>mit</strong></span> <span class='ocrx_word' id='word_1_188' title='bbox 641 1927 740 1978; x_wconf 74' lang='lat' dir='ltr'><strong>hellerer</strong></span> <span class='ocrx_word' id='word_1_189' title='bbox 756 1929 833 1977; x_wconf 83' lang='lat' dir='ltr'><strong>Dinte</strong></span> <span class='ocrx_word' id='word_1_190' title='bbox 858 1930 896 1978; x_wconf 90' lang='lat' dir='ltr'><strong>als</strong></span> <span class='ocrx_word' id='word_1_191' title='bbox 918 1928 962 1977; x_wconf 78' lang='lat' dir='ltr'><strong>der</strong></span> <span class='ocrx_word' id='word_1_192' title='bbox 984 1928 1157 1993; x_wconf 75' lang='lat' dir='ltr'><strong>Hauptk&#39;o&#39;rper</strong></span> <span class='ocrx_word' id='word_1_193' title='bbox 1177 1930 1334 1994; x_wconf 76' lang='lat' dir='ltr'><strong>geschrr&#39;ebcn,</strong></span> <span class='ocrx_word' id='word_1_194' title='bbox 1357 1930 1475 1980; x_wconf 78' lang='lat' dir='ltr'><strong>vielleickt</strong></span> <span class='ocrx_word' id='word_1_195' title='bbox 1497 1931 1543 1979; x_wconf 85' lang='lat' dir='ltr'><strong>mit</strong></span> <span class='ocrx_word' id='word_1_196' title='bbox 1564 1931 1608 1980; x_wconf 84' lang='lat' dir='ltr'><strong>der</strong></span> <span class='ocrx_word' id='word_1_197' title='bbox 1633 1931 1676 1978; x_wconf 85' lang='lat' dir='ltr'><strong>der</strong></span> <span class='ocrx_word' id='word_1_198' title='bbox 1696 1930 1755 1978; x_wconf 82' lang='lat' dir='ltr'><strong>Um-</strong></span> 
     </span>
     <span class='ocr_line' id='line_1_18' title="bbox 78 1995 1755 2068; baseline 0.004 -24"><span class='ocrx_word' id='word_1_199' title='bbox 78 1995 169 2059; x_wconf 79' lang='lat' dir='ltr'><strong>sclm&#39;st,</strong></span> <span class='ocrx_word' id='word_1_200' title='bbox 195 1996 242 2044; x_wconf 86' lang='lat' dir='ltr'><strong>dar</strong></span> <span class='ocrx_word' id='word_1_201' title='bbox 260 1997 283 2046; x_wconf 88' lang='lat' dir='ltr'>R</span> <span class='ocrx_word' id='word_1_202' title='bbox 300 1999 410 2047; x_wconf 81' lang='lat' dir='ltr'><strong>Rolands</strong></span> <span class='ocrx_word' id='word_1_203' title='bbox 433 1998 506 2046; x_wconf 68' lang='lat' dir='ltr'><strong>dartn</strong></span> <span class='ocrx_word' id='word_1_204' title='bbox 527 1998 587 2063; x_wconf 67' lang='lat' dir='ltr'><strong>mgt</strong></span> <span class='ocrx_word' id='word_1_205' title='bbox 609 1998 724 2049; x_wconf 77' lang='lat' dir='ltr'><strong>dunklere</strong></span> <span class='ocrx_word' id='word_1_206' title='bbox 741 2001 824 2060; x_wconf 85' lang='lat' dir='ltr'><strong>Dr&#39;nte,</strong></span> <span class='ocrx_word' id='word_1_207' title='bbox 846 2001 935 2050; x_wconf 82' lang='lat' dir='ltr'><strong>andere</strong></span> <span class='ocrx_word' id='word_1_208' title='bbox 958 2001 996 2048; x_wconf 86' lang='lat' dir='ltr'><strong>als</strong></span> <span class='ocrx_word' id='word_1_209' title='bbox 1019 2000 1064 2049; x_wconf 84' lang='lat' dir='ltr'><strong>das</strong></span> <span class='ocrx_word' id='word_1_210' title='bbox 1081 2001 1227 2066; x_wconf 77' lang='lat' dir='ltr'><strong>d&#39;r&#39;ngkrnu.</strong></span> <span class='ocrx_word' id='word_1_211' title='bbox 1264 2002 1311 2051; x_wconf 82' lang='lat' dir='ltr'><strong>Die</strong></span> <span class='ocrx_word' id='word_1_212' title='bbox 1331 2002 1538 2068; x_wconf 67' lang='lat' dir='ltr'><strong>liesbyterfinnen</strong></span> <span class='ocrx_word' id='word_1_213' title='bbox 1560 2002 1668 2052; x_wconf 80' lang='lat' dir='ltr'><strong>vander</strong></span> <span class='ocrx_word' id='word_1_214' title='bbox 1685 2005 1755 2050; x_wconf 81' lang='lat' dir='ltr'><strong>ndm-</strong></span> 
     </span>
     <span class='ocr_line' id='line_1_19' title="bbox 77 2067 1755 2139; baseline 0.003 -23"><span class='ocrx_word' id='word_1_215' title='bbox 77 2067 149 2117; x_wconf 77' lang='lat' dir='ltr'><strong>dchen</strong></span> <span class='ocrx_word' id='word_1_216' title='bbox 170 2069 327 2119; x_wconf 75' lang='lat' dir='ltr'><strong>saudunklm</strong></span> <span class='ocrx_word' id='word_1_217' title='bbox 344 2070 427 2129; x_wconf 82' lang='lat' dir='ltr'><strong>Dinte,</strong></span> <span class='ocrx_word' id='word_1_218' title='bbox 449 2069 508 2118; x_wconf 80' lang='lat' dir='ltr'><strong>sind</strong></span> <span class='ocrx_word' id='word_1_219' title='bbox 527 2071 635 2119; x_wconf 79' lang='lat' dir='ltr'><strong>mer&#39;stenr</strong></span> <span class='ocrx_word' id='word_1_220' title='bbox 657 2071 720 2120; x_wconf 79' lang='lat' dir='ltr'><strong>auch</strong></span> <span class='ocrx_word' id='word_1_221' title='bbox 743 2071 811 2122; x_wconf 77' lang='lat' dir='ltr'><strong>wohl</strong></span> <span class='ocrx_word' id='word_1_222' title='bbox 830 2087 878 2121; x_wconf 84' lang='lat' dir='ltr'><strong>van</strong></span> <span class='ocrx_word' id='word_1_223' title='bbox 899 2071 937 2120; x_wconf 82' lang='lat' dir='ltr'><strong>ein</strong></span> <span class='ocrx_word' id='word_1_224' title='bbox 959 2072 1016 2120; x_wconf 84' lang='lat' dir='ltr'><strong>und</strong></span> <span class='ocrx_word' id='word_1_225' title='bbox 1036 2072 1153 2122; x_wconf 82' lang='lat' dir='ltr'><strong>derselbm</strong></span> <span class='ocrx_word' id='word_1_226' title='bbox 1170 2073 1251 2123; x_wconf 83' lang='lat' dir='ltr'><strong>Hand</strong></span> <span class='ocrx_word' id='word_1_227' title='bbox 1269 2073 1426 2139; x_wconf 79' lang='lat' dir='ltr'><strong>gaschrr&#39;ebm,</strong></span> <span class='ocrx_word' id='word_1_228' title='bbox 1455 2073 1553 2123; x_wconf 82' lang='lat' dir='ltr'><strong>Gerard</strong></span> <span class='ocrx_word' id='word_1_229' title='bbox 1573 2073 1658 2122; x_wconf 75' lang='lat' dir='ltr'><strong>wurdt</strong></span> <span class='ocrx_word' id='word_1_230' title='bbox 1682 2073 1755 2122; x_wconf 78' lang='lat' dir='ltr'><strong>nach-</strong></span> 
     </span>
     <span class='ocr_line' id='line_1_20' title="bbox 78 2139 1753 2210; baseline 0.004 -23"><span class='ocrx_word' id='word_1_231' title='bbox 78 2139 176 2204; x_wconf 76' lang='lat' dir='ltr'><strong>trdglr‘ch</strong></span> <span class='ocrx_word' id='word_1_232' title='bbox 194 2141 312 2190; x_wconf 58' lang='lat' dir='ltr'><strong>munchen</strong></span> <span class='ocrx_word' id='word_1_233' title='bbox 333 2141 452 2191; x_wconf 80' lang='lat' dir='ltr'><strong>Octavian</strong></span> <span class='ocrx_word' id='word_1_234' title='bbox 468 2141 525 2190; x_wconf 78' lang='lat' dir='ltr'><strong>und</strong></span> <span class='ocrx_word' id='word_1_235' title='bbox 533 2141 650 2191; x_wconf 80' lang='lat' dir='ltr'><strong>Heinrich</strong></span> <span class='ocrx_word' id='word_1_236' title='bbox 667 2143 837 2208; x_wconf 78' lang='lat' dir='ltr'><strong>eingescltoben.</strong></span> <span class='ocrx_word' id='word_1_237' title='bbox 874 2142 923 2193; x_wconf 74' lang='lat' dir='ltr'><strong>Dic</strong></span> <span class='ocrx_word' id='word_1_238' title='bbox 941 2143 1052 2209; x_wconf 73' lang='lat' dir='ltr'><strong>Bischtse</strong></span> <span class='ocrx_word' id='word_1_239' title='bbox 1069 2144 1125 2192; x_wconf 86' lang='lat' dir='ltr'><strong>und</strong></span> <span class='ocrx_word' id='word_1_240' title='bbox 1139 2145 1183 2194; x_wconf 83' lang='lat' dir='ltr'><strong>der</strong></span> <span class='ocrx_word' id='word_1_241' title='bbox 1195 2145 1294 2195; x_wconf 75' lang='lat' dir='ltr'><strong>Drakon</strong></span> <span class='ocrx_word' id='word_1_242' title='bbox 1310 2144 1390 2194; x_wconf 81' lang='lat' dir='ltr'><strong>Guido</strong></span> <span class='ocrx_word' id='word_1_243' title='bbox 1406 2145 1491 2195; x_wconf 72' lang='lat' dir='ltr'><strong>ruciam</strong></span> <span class='ocrx_word' id='word_1_244' title='bbox 1509 2145 1595 2195; x_wconf 77' lang='lat' dir='ltr'><strong>hellere</strong></span> <span class='ocrx_word' id='word_1_245' title='bbox 1607 2144 1681 2194; x_wconf 82' lang='lat' dir='ltr'><strong>Dinte</strong></span> <span class='ocrx_word' id='word_1_246' title='bbox 1698 2145 1753 2210; x_wconf 84' lang='lat' dir='ltr'><strong>auf.</strong></span> 
     </span>
    </p>
   </div>
   <div class='ocr_carea' id='block_1_3' title="bbox 824 2454 1008 2530">
    <p class='ocr_par' dir='ltr' id='par_1_14' title="bbox 824 2454 1008 2530">
     <span class='ocr_line' id='line_1_21' title="bbox 824 2454 1008 2530; baseline 0.005 -1"><span class='ocrx_word' id='word_1_247' title='bbox 824 2454 892 2529; x_wconf 90' lang='lat' dir='ltr'><strong>Nr.</strong></span> <span class='ocrx_word' id='word_1_248' title='bbox 922 2460 1008 2530; x_wconf 82' lang='lat'><strong>147.</strong></span> 
     </span>
    </p>
   </div>
   <div class='ocr_carea' id='block_1_4' title="bbox 80 2587 1757 2832">
    <p class='ocr_par' dir='ltr' id='par_1_15' title="bbox 80 2587 1757 2832">
     <span class='ocr_line' id='line_1_22' title="bbox 80 2587 1757 2672; baseline -0.001 -19"><span class='ocrx_word' id='word_1_249' title='bbox 80 2588 277 2653; x_wconf 81' lang='lat' dir='ltr'><strong>Anastasius</strong></span> <span class='ocrx_word' id='word_1_250' title='bbox 306 2587 368 2652; x_wconf 90' lang='lat' dir='ltr'><strong>IV</strong></span> <span class='ocrx_word' id='word_1_251' title='bbox 391 2589 508 2651; x_wconf 85' lang='lat' dir='ltr'><strong>nimmt</strong></span> <span class='ocrx_word' id='word_1_252' title='bbox 538 2587 600 2650; x_wconf 86' lang='lat' dir='ltr'><strong>das</strong></span> <span class='ocrx_word' id='word_1_253' title='bbox 622 2587 779 2670; x_wconf 83' lang='lat' dir='ltr'><strong>Hospital</strong></span> <span class='ocrx_word' id='word_1_254' title='bbox 809 2589 947 2652; x_wconf 87' lang='lat' dir='ltr'><strong>Cantara</strong></span> <span class='ocrx_word' id='word_1_255' title='bbox 976 2589 1029 2652; x_wconf 82' lang='lat' dir='ltr'><strong>bei</strong></span> <span class='ocrx_word' id='word_1_256' title='bbox 1054 2589 1177 2654; x_wconf 82' lang='lat' dir='ltr'><strong>Albano</strong></span> <span class='ocrx_word' id='word_1_257' title='bbox 1211 2589 1244 2652; x_wconf 84' lang='lat' dir='ltr'><strong>in</strong></span> <span class='ocrx_word' id='word_1_258' title='bbox 1273 2589 1504 2672; x_wconf 78' lang='lat' dir='ltr'><strong>apastolisclren</strong></span> <span class='ocrx_word' id='word_1_259' title='bbox 1536 2587 1654 2652; x_wconf 79' lang='lat' dir='ltr'><strong>Schatz</strong></span> <span class='ocrx_word' id='word_1_260' title='bbox 1685 2587 1757 2652; x_wconf 84' lang='lat' dir='ltr'><strong>und</strong></span> 
     </span>
     <span class='ocr_line' id='line_1_23' title="bbox 80 2676 1755 2832; baseline -0.001 -90"><span class='ocrx_word' id='word_1_261' title='bbox 80 2679 226 2762; x_wconf 79' lang='lat' dir='ltr'><strong>bestdtigt</strong></span> <span class='ocrx_word' id='word_1_262' title='bbox 241 2676 310 2742; x_wconf 75' lang='lat' dir='ltr'><strong>ihm</strong></span> <span class='ocrx_word' id='word_1_263' title='bbox 325 2677 413 2742; x_wconf 78' lang='lat' dir='ltr'><strong>seina</strong></span> <span class='ocrx_word' id='word_1_264' title='bbox 429 2676 678 2757; x_wconf 78' lang='lat' dir='ltr'><strong>Besr&#39;tztlzr&#39;c&#39;mer,</strong></span> <span class='ocrx_word' id='word_1_265' title='bbox 700 2676 1020 2832; x_wconf 44' lang='lat' dir='ltr'><strong>wosrtrrzphjffl&#39;lczlp</strong></span> <span class='ocrx_word' id='word_1_266' title='bbox 1036 2681 1089 2744; x_wconf 80' lang='lat' dir='ltr'><strong>ein</strong></span> <span class='ocrx_word' id='word_1_267' title='bbox 1105 2677 1222 2760; x_wconf 80' lang='lat' dir='ltr'><strong>Pfund</strong></span> <span class='ocrx_word' id='word_1_268' title='bbox 1245 2677 1358 2742; x_wconf 83' lang='lat' dir='ltr'><strong>Waclzs</strong></span> <span class='ocrx_word' id='word_1_269' title='bbox 1372 2678 1484 2742; x_wconf 81' lang='lat' dir='ltr'><strong>audie</strong></span> <span class='ocrx_word' id='word_1_270' title='bbox 1501 2676 1605 2741; x_wconf 81' lang='lat' dir='ltr'><strong>Kurie</strong></span> <span class='ocrx_word' id='word_1_271' title='bbox 1627 2699 1667 2742; x_wconf 81' lang='lat' dir='ltr'><strong>zu</strong></span> <span class='ocrx_word' id='word_1_272' title='bbox 1690 2687 1755 2741; x_wconf 84' lang='lat' dir='ltr'><strong>ent·</strong></span> 
     </span>
    </p>
   </div>
   <div class='ocr_carea' id='block_1_5' title="bbox 640 2899 1201 2984">
    <p class='ocr_par' dir='ltr' id='par_1_16' title="bbox 640 2899 1201 2984">
     <span class='ocr_line' id='line_1_24' title="bbox 640 2899 1201 2984; baseline 0.005 -21"><span class='ocrx_word' id='word_1_273' title='bbox 640 2903 724 2964; x_wconf 75' lang='lat'><strong><em>1154</em></strong></span> <span class='ocrx_word' id='word_1_274' title='bbox 747 2899 933 2984; x_wconf 80' lang='lat' dir='ltr'><strong>September</strong></span> <span class='ocrx_word' id='word_1_275' title='bbox 954 2903 1004 2966; x_wconf 83' lang='lat'><strong>15.</strong></span> <span class='ocrx_word' id='word_1_276' title='bbox 1051 2903 1201 2967; x_wconf 83' lang='lat' dir='ltr'><strong>Lateran.</strong></span> 
     </span>
    </p>
   </div>
   <div class='ocr_carea' id='block_1_6' title="bbox 13 3035 1760 5351">
    <p class='ocr_par' dir='ltr' id='par_1_17' title="bbox 13 3035 1760 5351">
     <span class='ocr_line' id='line_1_25' title="bbox 237 3035 1753 3118; baseline -0.002 -19"><span class='ocrx_word' id='word_1_277' title='bbox 237 3035 431 3100; x_wconf 87' lang='lat' dir='ltr'><strong>Anastasius</strong></span> <span class='ocrx_word' id='word_1_278' title='bbox 455 3037 639 3118; x_wconf 90' lang='lat' dir='ltr'><strong>episcopus,</strong></span> <span class='ocrx_word' id='word_1_279' title='bbox 671 3056 783 3100; x_wconf 90' lang='lat' dir='ltr'><strong>servus</strong></span> <span class='ocrx_word' id='word_1_280' title='bbox 806 3056 975 3099; x_wconf 88' lang='lat' dir='ltr'><strong>servorum</strong></span> <span class='ocrx_word' id='word_1_281' title='bbox 998 3038 1061 3114; x_wconf 89' lang='lat' dir='ltr'><strong>dei,</strong></span> <span class='ocrx_word' id='word_1_282' title='bbox 1095 3037 1219 3100; x_wconf 90' lang='lat' dir='ltr'><strong>dilectis</strong></span> <span class='ocrx_word' id='word_1_283' title='bbox 1243 3036 1313 3099; x_wconf 84' lang='lat' dir='ltr'><strong>filiis</strong></span> <span class='ocrx_word' id='word_1_284' title='bbox 1336 3036 1471 3099; x_wconf 88' lang='lat' dir='ltr'><strong>Iohanni</strong></span> <span class='ocrx_word' id='word_1_285' title='bbox 1495 3035 1624 3110; x_wconf 83' lang='lat' dir='ltr'><strong>Crasso,</strong></span> <span class='ocrx_word' id='word_1_286' title='bbox 1654 3035 1753 3117; x_wconf 90' lang='lat' dir='ltr'><strong>priori</strong></span> 
     </span>
     <span class='ocr_line' id='line_1_26' title="bbox 80 3123 1754 3209; baseline -0.002 -21"><span class='ocrx_word' id='word_1_287' title='bbox 80 3127 250 3209; x_wconf 91' lang='lat' dir='ltr'><strong>hospitalis</strong></span> <span class='ocrx_word' id='word_1_288' title='bbox 277 3127 320 3188; x_wconf 94' lang='lat' dir='ltr'><strong>de</strong></span> <span class='ocrx_word' id='word_1_289' title='bbox 344 3125 495 3201; x_wconf 79' lang='lat' dir='ltr'><strong>CantarO,</strong></span> <span class='ocrx_word' id='word_1_290' title='bbox 525 3124 662 3188; x_wconf 85' lang='lat' dir='ltr'><strong>iohanni</strong></span> <span class='ocrx_word' id='word_1_291' title='bbox 692 3125 884 3208; x_wconf 89' lang='lat' dir='ltr'><strong>presbitero,</strong></span> <span class='ocrx_word' id='word_1_292' title='bbox 916 3126 993 3189; x_wconf 87' lang='lat' dir='ltr'><strong>Ade</strong></span> <span class='ocrx_word' id='word_1_293' title='bbox 1016 3134 1050 3189; x_wconf 88' lang='lat' dir='ltr'><strong>et</strong></span> <span class='ocrx_word' id='word_1_294' title='bbox 1071 3125 1219 3202; x_wconf 88' lang='lat' dir='ltr'><strong>Nicolao‚</strong></span> <span class='ocrx_word' id='word_1_295' title='bbox 1242 3126 1367 3190; x_wconf 89' lang='lat' dir='ltr'><strong>clericis</strong></span> <span class='ocrx_word' id='word_1_296' title='bbox 1398 3126 1544 3188; x_wconf 88' lang='lat' dir='ltr'><strong>eiusdem</strong></span> <span class='ocrx_word' id='word_1_297' title='bbox 1576 3123 1754 3206; x_wconf 88' lang='lat' dir='ltr'><strong>hospitalis,</strong></span> 
     </span>
     <span class='ocr_line' id='line_1_27' title="bbox 80 3212 1756 3299; baseline -0.002 -20"><span class='ocrx_word' id='word_1_298' title='bbox 80 3217 210 3298; x_wconf 81' lang='lat' dir='ltr'><strong>aliisque</strong></span> <span class='ocrx_word' id='word_1_299' title='bbox 244 3216 407 3290; x_wconf 86' lang='lat' dir='ltr'><strong>iratribus,</strong></span> <span class='ocrx_word' id='word_1_300' title='bbox 437 3222 504 3277; x_wconf 88' lang='lat' dir='ltr'><strong>tarn</strong></span> <span class='ocrx_word' id='word_1_301' title='bbox 538 3216 746 3296; x_wconf 86' lang='lat' dir='ltr'><strong>presentibus</strong></span> <span class='ocrx_word' id='word_1_302' title='bbox 770 3233 869 3294; x_wconf 90' lang='lat' dir='ltr'><strong>quam</strong></span> <span class='ocrx_word' id='word_1_303' title='bbox 898 3216 1022 3290; x_wconf 85' lang='lat' dir='ltr'><strong>futuris,</strong></span> <span class='ocrx_word' id='word_1_304' title='bbox 1052 3229 1091 3280; x_wconf 84' lang='grc' dir='ltr'><strong>ΙΝ</strong></span> <span class='ocrx_word' id='word_1_305' title='bbox 1113 3228 1191 3278; x_wconf 84' lang='grc' dir='ltr'><strong>ΡΡΜ.</strong></span> <span class='ocrx_word' id='word_1_306' title='bbox 1214 3251 1258 3261; x_wconf 95' lang='grc'>-</span> <span class='ocrx_word' id='word_1_307' title='bbox 1278 3212 1283 3299; x_wconf 79' lang='lat' dir='ltr'><strong>l</strong></span> <span class='ocrx_word' id='word_1_308' title='bbox 1305 3213 1396 3278; x_wconf 89' lang='lat' dir='ltr'><strong>Sicut</strong></span> <span class='ocrx_word' id='word_1_309' title='bbox 1426 3213 1610 3296; x_wconf 89' lang='lat' dir='ltr'><strong>religiosum</strong></span> <span class='ocrx_word' id='word_1_310' title='bbox 1642 3221 1692 3275; x_wconf 94' lang='lat' dir='ltr'><strong>est</strong></span> <span class='ocrx_word' id='word_1_311' title='bbox 1722 3221 1756 3274; x_wconf 92' lang='lat' dir='ltr'><strong>et</strong></span> 
     </span>
     <span class='ocr_line' id='line_1_28' title="bbox 81 3303 1755 3388; baseline -0.002 -20"><span class='ocrx_word' id='word_1_312' title='bbox 81 3306 185 3368; x_wconf 86' lang='lat' dir='ltr'><strong>officio</strong></span> <span class='ocrx_word' id='word_1_313' title='bbox 210 3307 344 3388; x_wconf 88' lang='lat' dir='ltr'><strong>pietatis</strong></span> <span class='ocrx_word' id='word_1_314' title='bbox 360 3305 558 3379; x_wconf 90' lang='lat' dir='ltr'><strong>adiunctum,</strong></span> <span class='ocrx_word' id='word_1_315' title='bbox 582 3305 624 3367; x_wconf 92' lang='lat' dir='ltr'><strong>ad</strong></span> <span class='ocrx_word' id='word_1_316' title='bbox 649 3306 894 3388; x_wconf 87' lang='lat' dir='ltr'><strong>peregrinorum</strong></span> <span class='ocrx_word' id='word_1_317' title='bbox 919 3325 1167 3388; x_wconf 89' lang='lat' dir='ltr'><strong>pauperumque</strong></span> <span class='ocrx_word' id='word_1_318' title='bbox 1191 3306 1414 3387; x_wconf 88' lang='lat' dir='ltr'><strong>receptionem</strong></span> <span class='ocrx_word' id='word_1_319' title='bbox 1435 3303 1659 3367; x_wconf 88' lang='lat' dir='ltr'><strong>convenientia</strong></span> <span class='ocrx_word' id='word_1_320' title='bbox 1682 3303 1755 3364; x_wconf 90' lang='lat' dir='ltr'><strong>loca</strong></span> 
     </span>
     <span class='ocr_line' id='line_1_29' title="bbox 81 3391 1756 3480; baseline -0.002 -22"><span class='ocrx_word' id='word_1_321' title='bbox 81 3404 281 3469; x_wconf 88' lang='lat' dir='ltr'><strong>construere,</strong></span> <span class='ocrx_word' id='word_1_322' title='bbox 313 3395 358 3456; x_wconf 92' lang='lat' dir='ltr'><strong>ita</strong></span> <span class='ocrx_word' id='word_1_323' title='bbox 389 3394 524 3473; x_wconf 90' lang='lat' dir='ltr'><strong>quidem</strong></span> <span class='ocrx_word' id='word_1_324' title='bbox 555 3393 647 3475; x_wconf 86' lang='lat' dir='ltr'><strong>vigor</strong></span> <span class='ocrx_word' id='word_1_325' title='bbox 678 3402 847 3457; x_wconf 88' lang='lat' dir='ltr'><strong>ammonet</strong></span> <span class='ocrx_word' id='word_1_326' title='bbox 870 3396 1013 3471; x_wconf 88' lang='lat' dir='ltr'><strong>rationis,</strong></span> <span class='ocrx_word' id='word_1_327' title='bbox 1046 3396 1088 3458; x_wconf 89' lang='lat' dir='ltr'><strong>ad</strong></span> <span class='ocrx_word' id='word_1_328' title='bbox 1113 3391 1406 3480; x_wconf 77' lang='lat' dir='ltr'><strong>conlservationem</strong></span> <span class='ocrx_word' id='word_1_329' title='bbox 1439 3411 1551 3455; x_wconf 92' lang='lat' dir='ltr'><strong>eorum</strong></span> <span class='ocrx_word' id='word_1_330' title='bbox 1583 3391 1756 3474; x_wconf 90' lang='lat' dir='ltr'><strong>diligenter</strong></span> 
     </span>
     <span class='ocr_line' id='line_1_30' title="bbox 81 3480 1755 3567; baseline -0.001 -21"><span class='ocrx_word' id='word_1_331' title='bbox 81 3486 248 3547; x_wconf 89' lang='lat' dir='ltr'><strong>intendere</strong></span> <span class='ocrx_word' id='word_1_332' title='bbox 271 3503 319 3558; x_wconf 92' lang='lat' dir='ltr'><strong>ac,</strong></span> <span class='ocrx_word' id='word_1_333' title='bbox 350 3503 391 3545; x_wconf 93' lang='lat' dir='ltr'><strong>ne</strong></span> <span class='ocrx_word' id='word_1_334' title='bbox 421 3502 597 3564; x_wconf 90' lang='lat' dir='ltr'><strong>pravorum</strong></span> <span class='ocrx_word' id='word_1_335' title='bbox 628 3484 808 3546; x_wconf 88' lang='lat' dir='ltr'><strong>incursibus</strong></span> <span class='ocrx_word' id='word_1_336' title='bbox 837 3483 992 3546; x_wconf 87' lang='lat' dir='ltr'><strong>utilitates</strong></span> <span class='ocrx_word' id='word_1_337' title='bbox 1016 3484 1205 3567; x_wconf 88' lang='lat' dir='ltr'><strong>depereant,</strong></span> <span class='ocrx_word' id='word_1_338' title='bbox 1237 3484 1450 3564; x_wconf 87' lang='lat' dir='ltr'><strong>indigentium</strong></span> <span class='ocrx_word' id='word_1_339' title='bbox 1474 3480 1617 3564; x_wconf 87' lang='lat' dir='ltr'><strong>vigilanti</strong></span> <span class='ocrx_word' id='word_1_340' title='bbox 1647 3480 1755 3544; x_wconf 92' lang='lat' dir='ltr'><strong>studio</strong></span> 
     </span>
     <span class='ocr_line' id='line_1_31' title="bbox 81 3570 1756 3657; baseline -0.001 -23"><span class='ocrx_word' id='word_1_341' title='bbox 81 3573 262 3656; x_wconf 90' lang='lat' dir='ltr'><strong>providere.</strong></span> <span class='ocrx_word' id='word_1_342' title='bbox 308 3571 362 3634; x_wconf 86' lang='lat' dir='ltr'><strong>Ex</strong></span> <span class='ocrx_word' id='word_1_343' title='bbox 384 3579 544 3654; x_wconf 91' lang='lat' dir='ltr'><strong>precepto</strong></span> <span class='ocrx_word' id='word_1_344' title='bbox 571 3580 679 3636; x_wconf 87' lang='lat' dir='ltr'><strong>autem</strong></span> <span class='ocrx_word' id='word_1_345' title='bbox 713 3572 816 3636; x_wconf 90' lang='lat' dir='ltr'><strong>ielicis</strong></span> <span class='ocrx_word' id='word_1_346' title='bbox 847 3573 1003 3657; x_wconf 74' lang='lat' dir='ltr'><strong>memorie</strong></span> <span class='ocrx_word' id='word_1_347' title='bbox 1041 3593 1128 3656; x_wconf 90' lang='lat' dir='ltr'><strong>pape</strong></span> <span class='ocrx_word' id='word_1_348' title='bbox 1159 3572 1329 3646; x_wconf 90' lang='lat' dir='ltr'><strong>Celestini,</strong></span> <span class='ocrx_word' id='word_1_349' title='bbox 1368 3570 1609 3653; x_wconf 89' lang='lat' dir='ltr'><strong>predecessoris</strong></span> <span class='ocrx_word' id='word_1_350' title='bbox 1644 3571 1756 3644; x_wconf 92' lang='lat' dir='ltr'><strong>nostri,</strong></span> 
     </span>
     <span class='ocr_line' id='line_1_32' title="bbox 81 3659 1757 3744; baseline -0.002 -19"><span class='ocrx_word' id='word_1_351' title='bbox 81 3663 193 3727; x_wconf 91' lang='lat' dir='ltr'><strong>dilecte</strong></span> <span class='ocrx_word' id='word_1_352' title='bbox 222 3665 257 3725; x_wconf 91' lang='lat' dir='ltr'><strong>in</strong></span> <span class='ocrx_word' id='word_1_353' title='bbox 288 3661 421 3724; x_wconf 90' lang='lat' dir='ltr'><strong>domino</strong></span> <span class='ocrx_word' id='word_1_354' title='bbox 444 3660 488 3723; x_wconf 84' lang='lat' dir='ltr'><strong>tili</strong></span> <span class='ocrx_word' id='word_1_355' title='bbox 511 3659 694 3724; x_wconf 88' lang='lat' dir='ltr'><strong>Iohannnes</strong></span> <span class='ocrx_word' id='word_1_356' title='bbox 720 3661 850 3736; x_wconf 89' lang='lat' dir='ltr'><strong>Crasse,</strong></span> <span class='ocrx_word' id='word_1_357' title='bbox 875 3663 907 3724; x_wconf 93' lang='lat' dir='ltr'><strong>in</strong></span> <span class='ocrx_word' id='word_1_358' title='bbox 936 3662 986 3724; x_wconf 91' lang='lat' dir='ltr'><strong>via</strong></span> <span class='ocrx_word' id='word_1_359' title='bbox 1018 3663 1150 3744; x_wconf 88' lang='lat' dir='ltr'><strong>publica</strong></span> <span class='ocrx_word' id='word_1_360' title='bbox 1173 3669 1247 3724; x_wconf 93' lang='lat' dir='ltr'><strong>ante</strong></span> <span class='ocrx_word' id='word_1_361' title='bbox 1274 3661 1448 3725; x_wconf 87' lang='lat' dir='ltr'><strong>Cantarurn</strong></span> <span class='ocrx_word' id='word_1_362' title='bbox 1476 3661 1568 3722; x_wconf 90' lang='lat' dir='ltr'><strong>iuxta</strong></span> <span class='ocrx_word' id='word_1_363' title='bbox 1591 3661 1757 3722; x_wconf 91' lang='lat' dir='ltr'><strong>civitatem</strong></span> 
     </span>
     <span class='ocr_line' id='line_1_33' title="bbox 82 3749 1756 3833; baseline -0.002 -19"><span class='ocrx_word' id='word_1_364' title='bbox 82 3751 323 3826; x_wconf 90' lang='lat' dir='ltr'><strong>Albanensem,</strong></span> <span class='ocrx_word' id='word_1_365' title='bbox 361 3751 393 3812; x_wconf 90' lang='lat' dir='ltr'><strong>in</strong></span> <span class='ocrx_word' id='word_1_366' title='bbox 432 3749 554 3813; x_wconf 90' lang='lat' dir='ltr'><strong>allodio</strong></span> <span class='ocrx_word' id='word_1_367' title='bbox 592 3751 679 3815; x_wconf 87' lang='lat' dir='ltr'><strong>beati</strong></span> <span class='ocrx_word' id='word_1_368' title='bbox 716 3753 802 3815; x_wconf 92' lang='lat' dir='ltr'><strong>Petri</strong></span> <span class='ocrx_word' id='word_1_369' title='bbox 843 3750 1037 3833; x_wconf 91' lang='lat' dir='ltr'><strong>hospitalem</strong></span> <span class='ocrx_word' id='word_1_370' title='bbox 1070 3753 1207 3814; x_wconf 89' lang='lat' dir='ltr'><strong>domurn</strong></span> <span class='ocrx_word' id='word_1_371' title='bbox 1239 3751 1281 3813; x_wconf 90' lang='lat' dir='ltr'><strong>ad</strong></span> <span class='ocrx_word' id='word_1_372' title='bbox 1313 3750 1534 3831; x_wconf 90' lang='lat' dir='ltr'><strong>receptionem</strong></span> <span class='ocrx_word' id='word_1_373' title='bbox 1575 3768 1756 3832; x_wconf 90' lang='lat' dir='ltr'><strong>pauperum</strong></span> 
     </span>
     <span class='ocr_line' id='line_1_34' title="bbox 13 3839 1757 3923; baseline -0.003 -19"><span class='ocrx_word' id='word_1_374' title='bbox 13 3871 14 3876; x_wconf 43' lang='lat'>¹</span> <span class='ocrx_word' id='word_1_375' title='bbox 81 3842 307 3921; x_wconf 89' lang='lat' dir='ltr'><strong>solaciumque</strong></span> <span class='ocrx_word' id='word_1_376' title='bbox 343 3841 590 3922; x_wconf 89' lang='lat' dir='ltr'><strong>peregrinorum</strong></span> <span class='ocrx_word' id='word_1_377' title='bbox 630 3841 782 3923; x_wconf 85' lang='lat' dir='ltr'><strong>expensis</strong></span> <span class='ocrx_word' id='word_1_378' title='bbox 820 3842 962 3923; x_wconf 90' lang='lat' dir='ltr'><strong>propriis</strong></span> <span class='ocrx_word' id='word_1_379' title='bbox 1000 3840 1207 3903; x_wconf 84' lang='lat' dir='ltr'><strong>construxisti</strong></span> <span class='ocrx_word' id='word_1_380' title='bbox 1249 3849 1282 3902; x_wconf 91' lang='lat' dir='ltr'><strong>et</strong></span> <span class='ocrx_word' id='word_1_381' title='bbox 1311 3841 1353 3902; x_wconf 91' lang='lat' dir='ltr'><strong>ad</strong></span> <span class='ocrx_word' id='word_1_382' title='bbox 1390 3839 1625 3902; x_wconf 91' lang='lat' dir='ltr'><strong>incrementum</strong></span> <span class='ocrx_word' id='word_1_383' title='bbox 1656 3841 1757 3921; x_wconf 89' lang='lat' dir='ltr'><strong>ipsius</strong></span> 
     </span>
     <span class='ocr_line' id='line_1_35' title="bbox 82 3926 1757 4012; baseline -0.002 -20"><span class='ocrx_word' id='word_1_384' title='bbox 82 3931 256 3994; x_wconf 90' lang='lat' dir='ltr'><strong>studiosius</strong></span> <span class='ocrx_word' id='word_1_385' title='bbox 280 3929 438 3992; x_wconf 86' lang='lat' dir='ltr'><strong>elaboras.</strong></span> <span class='ocrx_word' id='word_1_386' title='bbox 485 3926 649 4010; x_wconf 84' lang='lat' dir='ltr'><strong>Quoniam</strong></span> <span class='ocrx_word' id='word_1_387' title='bbox 673 3931 771 4012; x_wconf 89' lang='lat' dir='ltr'><strong>igitur</strong></span> <span class='ocrx_word' id='word_1_388' title='bbox 793 3931 880 3992; x_wconf 92' lang='lat' dir='ltr'><strong>idern</strong></span> <span class='ocrx_word' id='word_1_389' title='bbox 908 3928 1079 4012; x_wconf 88' lang='lat' dir='ltr'><strong>hospitale,</strong></span> <span class='ocrx_word' id='word_1_390' title='bbox 1112 3950 1179 4012; x_wconf 92' lang='lat' dir='ltr'><strong>quo</strong></span> <span class='ocrx_word' id='word_1_391' title='bbox 1209 3927 1325 3992; x_wconf 90' lang='lat' dir='ltr'><strong>melius</strong></span> <span class='ocrx_word' id='word_1_392' title='bbox 1356 3928 1401 3992; x_wconf 89' lang='lat' dir='ltr'><strong>ab</strong></span> <span class='ocrx_word' id='word_1_393' title='bbox 1425 3927 1632 3991; x_wconf 83' lang='lat' dir='ltr'><strong>infestatione</strong></span> <span class='ocrx_word' id='word_1_394' title='bbox 1656 3929 1757 4010; x_wconf 89' lang='lat' dir='ltr'><strong>ipsius</strong></span> 
     </span>
     <span class='ocr_line' id='line_1_36' title="bbox 84 4017 1757 4102; baseline -0.002 -19"><span class='ocrx_word' id='word_1_395' title='bbox 84 4040 258 4101; x_wconf 87' lang='lat' dir='ltr'><strong>pravorum</strong></span> <span class='ocrx_word' id='word_1_396' title='bbox 281 4021 448 4083; x_wconf 88' lang='lat' dir='ltr'><strong>temeritas</strong></span> <span class='ocrx_word' id='word_1_397' title='bbox 472 4027 627 4091; x_wconf 87' lang='lat' dir='ltr'><strong>arceatur,</strong></span> <span class='ocrx_word' id='word_1_398' title='bbox 651 4027 763 4082; x_wconf 89' lang='lat' dir='ltr'><strong>nostro</strong></span> <span class='ocrx_word' id='word_1_399' title='bbox 788 4017 979 4101; x_wconf 89' lang='lat' dir='ltr'><strong>postulastis</strong></span> <span class='ocrx_word' id='word_1_400' title='bbox 1002 4019 1172 4102; x_wconf 91' lang='lat' dir='ltr'><strong>privilegio</strong></span> <span class='ocrx_word' id='word_1_401' title='bbox 1189 4017 1389 4090; x_wconf 91' lang='lat' dir='ltr'><strong>communiri,</strong></span> <span class='ocrx_word' id='word_1_402' title='bbox 1413 4037 1472 4079; x_wconf 95' lang='lat' dir='ltr'><strong>nos</strong></span> <span class='ocrx_word' id='word_1_403' title='bbox 1494 4017 1757 4080; x_wconf 88' lang='lat' dir='ltr'><strong>consideratione</strong></span> 
     </span>
     <span class='ocr_line' id='line_1_37' title="bbox 83 4106 1758 4192; baseline -0.002 -22"><span class='ocrx_word' id='word_1_404' title='bbox 83 4111 181 4172; x_wconf 89' lang='lat' dir='ltr'><strong>nostri</strong></span> <span class='ocrx_word' id='word_1_405' title='bbox 210 4108 312 4172; x_wconf 78' lang='lat' dir='ltr'><strong>officii</strong></span> <span class='ocrx_word' id='word_1_406' title='bbox 343 4115 377 4170; x_wconf 92' lang='lat' dir='ltr'><strong>et</strong></span> <span class='ocrx_word' id='word_1_407' title='bbox 406 4110 460 4192; x_wconf 73' lang='lat' dir='ltr'><strong>pie</strong></span> <span class='ocrx_word' id='word_1_408' title='bbox 490 4109 678 4171; x_wconf 91' lang='lat' dir='ltr'><strong>intentionis</strong></span> <span class='ocrx_word' id='word_1_409' title='bbox 701 4115 808 4192; x_wconf 75' lang='lat' dir='ltr'><strong>vestre</strong></span> <span class='ocrx_word' id='word_1_410' title='bbox 840 4109 949 4170; x_wconf 91' lang='lat' dir='ltr'><strong>studio</strong></span> <span class='ocrx_word' id='word_1_411' title='bbox 982 4111 1163 4191; x_wconf 87' lang='lat' dir='ltr'><strong>provocati,</strong></span> <span class='ocrx_word' id='word_1_412' title='bbox 1194 4106 1404 4190; x_wconf 87' lang='lat' dir='ltr'><strong>petitionibus</strong></span> <span class='ocrx_word' id='word_1_413' title='bbox 1436 4107 1550 4169; x_wconf 89' lang='lat' dir='ltr'><strong>vestris</strong></span> <span class='ocrx_word' id='word_1_414' title='bbox 1580 4106 1758 4169; x_wconf 88' lang='lat' dir='ltr'><strong>clementer</strong></span> 
     </span>
     <span class='ocr_line' id='line_1_38' title="bbox 83 4194 1756 4281; baseline -0.002 -19"><span class='ocrx_word' id='word_1_415' title='bbox 83 4201 261 4273; x_wconf 83' lang='lat' dir='ltr'><strong>annuimus,</strong></span> <span class='ocrx_word' id='word_1_416' title='bbox 286 4204 320 4260; x_wconf 92' lang='lat' dir='ltr'><strong>et</strong></span> <span class='ocrx_word' id='word_1_417' title='bbox 342 4198 384 4260; x_wconf 91' lang='lat' dir='ltr'><strong>ad</strong></span> <span class='ocrx_word' id='word_1_418' title='bbox 409 4196 578 4279; x_wconf 90' lang='lat' dir='ltr'><strong>exemplar</strong></span> <span class='ocrx_word' id='word_1_419' title='bbox 601 4199 871 4280; x_wconf 88' lang='lat' dir='ltr'><strong>predecessorum</strong></span> <span class='ocrx_word' id='word_1_420' title='bbox 896 4206 1082 4261; x_wconf 91' lang='lat' dir='ltr'><strong>nostrorum</strong></span> <span class='ocrx_word' id='word_1_421' title='bbox 1106 4197 1209 4261; x_wconf 83' lang='lat' dir='ltr'><strong>felicis</strong></span> <span class='ocrx_word' id='word_1_422' title='bbox 1234 4197 1391 4281; x_wconf 72' lang='lat' dir='ltr'><strong>memorie</strong></span> <span class='ocrx_word' id='word_1_423' title='bbox 1414 4196 1517 4259; x_wconf 80' lang='lat' dir='ltr'>LUCII</span> <span class='ocrx_word' id='word_1_424' title='bbox 1539 4203 1573 4258; x_wconf 90' lang='lat' dir='ltr'><strong>et</strong></span> <span class='ocrx_word' id='word_1_425' title='bbox 1595 4194 1756 4270; x_wconf 78' lang='lat' dir='ltr'><strong>EUGENH,</strong></span> 
     </span>
     <span class='ocr_line' id='line_1_39' title="bbox 82 4283 1759 4370; baseline -0.002 -20"><span class='ocrx_word' id='word_1_426' title='bbox 82 4287 307 4351; x_wconf 86' lang='lat' dir='ltr'><strong>Romanorum</strong></span> <span class='ocrx_word' id='word_1_427' title='bbox 339 4285 538 4369; x_wconf 86' lang='lat' dir='ltr'><strong>pontificum,</strong></span> <span class='ocrx_word' id='word_1_428' title='bbox 575 4285 683 4350; x_wconf 91' lang='lat' dir='ltr'><strong>locum</strong></span> <span class='ocrx_word' id='word_1_429' title='bbox 717 4289 833 4370; x_wconf 91' lang='lat' dir='ltr'><strong>ipsum,</strong></span> <span class='ocrx_word' id='word_1_430' title='bbox 864 4287 906 4349; x_wconf 95' lang='lat' dir='ltr'><strong>ab</strong></span> <span class='ocrx_word' id='word_1_431' title='bbox 938 4289 1027 4350; x_wconf 90' lang='lat' dir='ltr'><strong>omni</strong></span> <span class='ocrx_word' id='word_1_432' title='bbox 1059 4289 1247 4369; x_wconf 85' lang='lat' dir='ltr'><strong>gravamine</strong></span> <span class='ocrx_word' id='word_1_433' title='bbox 1283 4306 1341 4348; x_wconf 92' lang='lat' dir='ltr'><strong>seu</strong></span> <span class='ocrx_word' id='word_1_434' title='bbox 1379 4287 1551 4348; x_wconf 89' lang='lat' dir='ltr'><strong>exactione</strong></span> <span class='ocrx_word' id='word_1_435' title='bbox 1588 4283 1759 4348; x_wconf 90' lang='lat' dir='ltr'><strong>cuiuslibet</strong></span> 
     </span>
     <span class='ocr_line' id='line_1_40' title="bbox 85 4375 1757 4460; baseline -0.002 -20"><span class='ocrx_word' id='word_1_436' title='bbox 85 4397 222 4460; x_wconf 75' lang='lat' dir='ltr'><strong>persone</strong></span> <span class='ocrx_word' id='word_1_437' title='bbox 246 4376 394 4451; x_wconf 90' lang='lat' dir='ltr'><strong>liberum,</strong></span> <span class='ocrx_word' id='word_1_438' title='bbox 425 4376 487 4438; x_wconf 89' lang='lat' dir='ltr'><strong>sub</strong></span> <span class='ocrx_word' id='word_1_439' title='bbox 510 4375 598 4439; x_wconf 90' lang='lat' dir='ltr'><strong>beati</strong></span> <span class='ocrx_word' id='word_1_440' title='bbox 620 4377 716 4450; x_wconf 89' lang='lat' dir='ltr'><strong>Petri,</strong></span> <span class='ocrx_word' id='word_1_441' title='bbox 749 4378 839 4439; x_wconf 90' lang='lat' dir='ltr'><strong>cuius</strong></span> <span class='ocrx_word' id='word_1_442' title='bbox 862 4376 935 4438; x_wconf 91' lang='lat' dir='ltr'><strong>iuris</strong></span> <span class='ocrx_word' id='word_1_443' title='bbox 958 4396 1031 4440; x_wconf 88' lang='lat' dir='ltr'><strong>esse</strong></span> <span class='ocrx_word' id='word_1_444' title='bbox 1055 4377 1240 4450; x_wconf 91' lang='lat' dir='ltr'><strong>dinoscitur,</strong></span> <span class='ocrx_word' id='word_1_445' title='bbox 1273 4384 1306 4438; x_wconf 92' lang='lat' dir='ltr'><strong>et</strong></span> <span class='ocrx_word' id='word_1_446' title='bbox 1336 4383 1447 4437; x_wconf 90' lang='lat' dir='ltr'><strong>nostra</strong></span> <span class='ocrx_word' id='word_1_447' title='bbox 1473 4376 1678 4457; x_wconf 91' lang='lat' dir='ltr'><strong>protectione</strong></span> <span class='ocrx_word' id='word_1_448' title='bbox 1707 4393 1757 4436; x_wconf 91' lang='lat' dir='ltr'><strong>su·</strong></span> 
     </span>
     <span class='ocr_line' id='line_1_41' title="bbox 84 4463 1758 4549; baseline -0.002 -21"><span class='ocrx_word' id='word_1_449' title='bbox 84 4468 248 4549; x_wconf 88' lang='lat' dir='ltr'><strong>scipimus,</strong></span> <span class='ocrx_word' id='word_1_450' title='bbox 274 4474 307 4528; x_wconf 93' lang='lat' dir='ltr'><strong>et</strong></span> <span class='ocrx_word' id='word_1_451' title='bbox 330 4465 489 4548; x_wconf 88' lang='lat' dir='ltr'><strong>presentis</strong></span> <span class='ocrx_word' id='word_1_452' title='bbox 512 4467 624 4548; x_wconf 90' lang='lat' dir='ltr'><strong>scripti</strong></span> <span class='ocrx_word' id='word_1_453' title='bbox 648 4466 831 4548; x_wconf 90' lang='lat' dir='ltr'><strong>patrocinio</strong></span> <span class='ocrx_word' id='word_1_454' title='bbox 855 4469 1104 4529; x_wconf 88' lang='lat' dir='ltr'><strong>communimus.</strong></span> <span class='ocrx_word' id='word_1_455' title='bbox 1151 4463 1349 4539; x_wconf 90' lang='lat' dir='ltr'><strong>Statuentes,</strong></span> <span class='ocrx_word' id='word_1_456' title='bbox 1372 4472 1406 4525; x_wconf 88' lang='lat' dir='ltr'><strong>ut</strong></span> <span class='ocrx_word' id='word_1_457' title='bbox 1437 4481 1660 4546; x_wconf 90' lang='lat' dir='ltr'><strong>quascumque</strong></span> <span class='ocrx_word' id='word_1_458' title='bbox 1682 4483 1758 4545; x_wconf 92' lang='lat' dir='ltr'><strong>pos·</strong></span> 
     </span>
     <span class='ocr_line' id='line_1_42' title="bbox 84 4553 1759 4637; baseline -0.002 -20"><span class='ocrx_word' id='word_1_459' title='bbox 84 4558 255 4630; x_wconf 69' lang='lat' dir='ltr'><strong>sessiones</strong></span> <span class='ocrx_word' id='word_1_460' title='bbox 288 4574 495 4636; x_wconf 90' lang='lat' dir='ltr'><strong>quecumque</strong></span> <span class='ocrx_word' id='word_1_461' title='bbox 524 4555 614 4617; x_wconf 90' lang='lat' dir='ltr'><strong>bona</strong></span> <span class='ocrx_word' id='word_1_462' title='bbox 645 4556 733 4619; x_wconf 91' lang='lat' dir='ltr'><strong>idern</strong></span> <span class='ocrx_word' id='word_1_463' title='bbox 757 4555 849 4617; x_wconf 90' lang='lat' dir='ltr'><strong>locus</strong></span> <span class='ocrx_word' id='word_1_464' title='bbox 873 4556 905 4617; x_wconf 90' lang='lat' dir='ltr'><strong>in</strong></span> <span class='ocrx_word' id='word_1_465' title='bbox 929 4557 1165 4637; x_wconf 88' lang='lat' dir='ltr'><strong>presentiarum</strong></span> <span class='ocrx_word' id='word_1_466' title='bbox 1190 4556 1273 4618; x_wconf 92' lang='lat' dir='ltr'><strong>iuste</strong></span> <span class='ocrx_word' id='word_1_467' title='bbox 1298 4562 1331 4617; x_wconf 90' lang='lat' dir='ltr'><strong>et</strong></span> <span class='ocrx_word' id='word_1_468' title='bbox 1353 4553 1498 4635; x_wconf 87' lang='lat' dir='ltr'><strong>legitime</strong></span> <span class='ocrx_word' id='word_1_469' title='bbox 1530 4553 1680 4635; x_wconf 91' lang='lat' dir='ltr'><strong>possidet</strong></span> <span class='ocrx_word' id='word_1_470' title='bbox 1703 4560 1759 4615; x_wconf 91' lang='lat' dir='ltr'><strong>aut</strong></span> 
     </span>
     <span class='ocr_line' id='line_1_43' title="bbox 86 4641 1758 4727; baseline 0 -23"><span class='ocrx_word' id='word_1_471' title='bbox 86 4645 114 4706; x_wconf 89' lang='lat' dir='ltr'><strong>in</strong></span> <span class='ocrx_word' id='word_1_472' title='bbox 144 4645 292 4708; x_wconf 78' lang='lat' dir='ltr'><strong>futurum</strong></span> <span class='ocrx_word' id='word_1_473' title='bbox 327 4642 571 4706; x_wconf 89' lang='lat' dir='ltr'><strong>rationabilibus</strong></span> <span class='ocrx_word' id='word_1_474' title='bbox 605 4646 712 4707; x_wconf 92' lang='lat' dir='ltr'><strong>modis</strong></span> <span class='ocrx_word' id='word_1_475' title='bbox 747 4645 812 4707; x_wconf 92' lang='lat' dir='ltr'><strong>deo</strong></span> <span class='ocrx_word' id='word_1_476' title='bbox 843 4647 988 4726; x_wconf 91' lang='lat' dir='ltr'><strong>propitio</strong></span> <span class='ocrx_word' id='word_1_477' title='bbox 1019 4645 1139 4727; x_wconf 90' lang='lat' dir='ltr'><strong>poterit</strong></span> <span class='ocrx_word' id='word_1_478' title='bbox 1171 4645 1316 4726; x_wconf 91' lang='lat' dir='ltr'><strong>adipisci,</strong></span> <span class='ocrx_word' id='word_1_479' title='bbox 1346 4641 1439 4705; x_wconf 85' lang='lat' dir='ltr'><strong>firma</strong></span> <span class='ocrx_word' id='word_1_480' title='bbox 1461 4641 1554 4704; x_wconf 90' lang='lat' dir='ltr'><strong>vobis</strong></span> <span class='ocrx_word' id='word_1_481' title='bbox 1577 4643 1758 4723; x_wconf 90' lang='lat' dir='ltr'><strong>vestrisque</strong></span> 
     </span>
     <span class='ocr_line' id='line_1_44' title="bbox 87 4730 1758 4817; baseline -0.001 -23"><span class='ocrx_word' id='word_1_482' title='bbox 87 4733 328 4797; x_wconf 85' lang='lat' dir='ltr'><strong>successoribus</strong></span> <span class='ocrx_word' id='word_1_483' title='bbox 352 4741 386 4795; x_wconf 89' lang='lat' dir='ltr'><strong>et</strong></span> <span class='ocrx_word' id='word_1_484' title='bbox 407 4752 467 4815; x_wconf 91' lang='lat' dir='ltr'><strong>per</strong></span> <span class='ocrx_word' id='word_1_485' title='bbox 489 4753 550 4795; x_wconf 89' lang='lat' dir='ltr'><strong>vos</strong></span> <span class='ocrx_word' id='word_1_486' title='bbox 573 4734 679 4795; x_wconf 88' lang='lat' dir='ltr'><strong>eidem</strong></span> <span class='ocrx_word' id='word_1_487' title='bbox 702 4733 855 4815; x_wconf 90' lang='lat' dir='ltr'><strong>hospitali</strong></span> <span class='ocrx_word' id='word_1_488' title='bbox 886 4741 919 4797; x_wconf 89' lang='lat' dir='ltr'><strong>et</strong></span> <span class='ocrx_word' id='word_1_489' title='bbox 943 4733 1060 4798; x_wconf 88' lang='lat' dir='ltr'><strong>Christi</strong></span> <span class='ocrx_word' id='word_1_490' title='bbox 1092 4734 1290 4817; x_wconf 87' lang='lat' dir='ltr'><strong>pauperibus</strong></span> <span class='ocrx_word' id='word_1_491' title='bbox 1321 4741 1355 4796; x_wconf 95' lang='lat' dir='ltr'><strong>et</strong></span> <span class='ocrx_word' id='word_1_492' title='bbox 1385 4730 1506 4794; x_wconf 90' lang='lat' dir='ltr'><strong>illibata</strong></span> <span class='ocrx_word' id='word_1_493' title='bbox 1536 4739 1758 4813; x_wconf 89' lang='lat' dir='ltr'><strong>permaneant.</strong></span> 
     </span>
     <span class='ocr_line' id='line_1_45' title="bbox 88 4821 1760 4904; baseline -0.001 -20"><span class='ocrx_word' id='word_1_494' title='bbox 88 4821 301 4887; x_wconf 89' lang='lat' dir='ltr'><strong>Decernimus</strong></span> <span class='ocrx_word' id='word_1_495' title='bbox 325 4842 413 4904; x_wconf 91' lang='lat' dir='ltr'><strong>ergo,</strong></span> <span class='ocrx_word' id='word_1_496' title='bbox 444 4830 479 4884; x_wconf 91' lang='lat' dir='ltr'><strong>ut</strong></span> <span class='ocrx_word' id='word_1_497' title='bbox 502 4821 580 4884; x_wconf 90' lang='lat' dir='ltr'><strong>nulli</strong></span> <span class='ocrx_word' id='word_1_498' title='bbox 604 4824 739 4885; x_wconf 90' lang='lat' dir='ltr'><strong>omnino</strong></span> <span class='ocrx_word' id='word_1_499' title='bbox 763 4823 930 4885; x_wconf 91' lang='lat' dir='ltr'><strong>hominum</strong></span> <span class='ocrx_word' id='word_1_500' title='bbox 955 4822 1059 4898; x_wconf 90' lang='lat' dir='ltr'><strong>liceat,</strong></span> <span class='ocrx_word' id='word_1_501' title='bbox 1084 4823 1246 4904; x_wconf 84' lang='lat' dir='ltr'><strong>prefatum</strong></span> <span class='ocrx_word' id='word_1_502' title='bbox 1270 4821 1378 4884; x_wconf 91' lang='lat' dir='ltr'><strong>locum</strong></span> <span class='ocrx_word' id='word_1_503' title='bbox 1413 4830 1537 4883; x_wconf 92' lang='lat' dir='ltr'><strong>temere</strong></span> <span class='ocrx_word' id='word_1_504' title='bbox 1569 4821 1760 4903; x_wconf 90' lang='lat' dir='ltr'><strong>perturbare</strong></span> 
     </span>
     <span class='ocr_line' id='line_1_46' title="bbox 88 4909 1759 4995; baseline -0.002 -21"><span class='ocrx_word' id='word_1_505' title='bbox 88 4923 139 4975; x_wconf 89' lang='lat' dir='ltr'><strong>aut</strong></span> <span class='ocrx_word' id='word_1_506' title='bbox 161 4914 230 4976; x_wconf 90' lang='lat' dir='ltr'><strong>eius</strong></span> <span class='ocrx_word' id='word_1_507' title='bbox 253 4914 480 4995; x_wconf 89' lang='lat' dir='ltr'><strong>possessiones</strong></span> <span class='ocrx_word' id='word_1_508' title='bbox 511 4910 637 4974; x_wconf 87' lang='lat' dir='ltr'><strong>auferre</strong></span> <span class='ocrx_word' id='word_1_509' title='bbox 660 4910 712 4974; x_wconf 92' lang='lat' dir='ltr'><strong>vel</strong></span> <span class='ocrx_word' id='word_1_510' title='bbox 739 4911 865 4974; x_wconf 88' lang='lat' dir='ltr'><strong>ablatas</strong></span> <span class='ocrx_word' id='word_1_511' title='bbox 897 4914 1044 4986; x_wconf 89' lang='lat' dir='ltr'><strong>retinere,</strong></span> <span class='ocrx_word' id='word_1_512' title='bbox 1077 4913 1220 4974; x_wconf 89' lang='lat' dir='ltr'><strong>minuere</strong></span> <span class='ocrx_word' id='word_1_513' title='bbox 1250 4912 1306 4973; x_wconf 90' lang='lat' dir='ltr'><strong>aut</strong></span> <span class='ocrx_word' id='word_1_514' title='bbox 1336 4909 1499 4992; x_wconf 90' lang='lat' dir='ltr'><strong>aliquibus</strong></span> <span class='ocrx_word' id='word_1_515' title='bbox 1530 4909 1759 4972; x_wconf 89' lang='lat' dir='ltr'><strong>vexationibus</strong></span> 
     </span>
     <span class='ocr_line' id='line_1_47' title="bbox 89 5000 1760 5084; baseline 0 -22"><span class='ocrx_word' id='word_1_516' title='bbox 89 5001 232 5084; x_wconf 81' lang='lat' dir='ltr'><strong>fatigare,</strong></span> <span class='ocrx_word' id='word_1_517' title='bbox 255 5001 315 5063; x_wconf 92' lang='lat' dir='ltr'><strong>sed</strong></span> <span class='ocrx_word' id='word_1_518' title='bbox 333 5001 443 5063; x_wconf 89' lang='lat' dir='ltr'><strong>omnia</strong></span> <span class='ocrx_word' id='word_1_519' title='bbox 460 5003 587 5084; x_wconf 88' lang='lat' dir='ltr'><strong>integra</strong></span> <span class='ocrx_word' id='word_1_520' title='bbox 603 5009 836 5064; x_wconf 91' lang='lat' dir='ltr'><strong>conserventur</strong></span> <span class='ocrx_word' id='word_1_521' title='bbox 851 5021 972 5077; x_wconf 90' lang='lat' dir='ltr'><strong>eorum,</strong></span> <span class='ocrx_word' id='word_1_522' title='bbox 988 5021 1049 5084; x_wconf 92' lang='lat' dir='ltr'><strong>pro</strong></span> <span class='ocrx_word' id='word_1_523' title='bbox 1066 5021 1207 5083; x_wconf 92' lang='lat' dir='ltr'><strong>quorum</strong></span> <span class='ocrx_word' id='word_1_524' title='bbox 1222 5000 1460 5082; x_wconf 88' lang='lat' dir='ltr'><strong>gubernatione</strong></span> <span class='ocrx_word' id='word_1_525' title='bbox 1476 5007 1507 5062; x_wconf 92' lang='lat' dir='ltr'><strong>et</strong></span> <span class='ocrx_word' id='word_1_526' title='bbox 1523 5001 1760 5063; x_wconf 86' lang='lat' dir='ltr'><strong>sustentatione</strong></span> 
     </span>
     <span class='ocr_line' id='line_1_48' title="bbox 89 5088 1759 5173; baseline -0.001 -22"><span class='ocrx_word' id='word_1_527' title='bbox 89 5109 242 5154; x_wconf 87' lang='lat' dir='ltr'><strong>concessa</strong></span> <span class='ocrx_word' id='word_1_528' title='bbox 274 5097 364 5164; x_wconf 89' lang='lat' dir='ltr'><strong>sunt,</strong></span> <span class='ocrx_word' id='word_1_529' title='bbox 396 5089 506 5152; x_wconf 91' lang='lat' dir='ltr'><strong>usibus</strong></span> <span class='ocrx_word' id='word_1_530' title='bbox 537 5090 734 5154; x_wconf 90' lang='lat' dir='ltr'><strong>omnimodis</strong></span> <span class='ocrx_word' id='word_1_531' title='bbox 767 5089 944 5173; x_wconf 81' lang='lat' dir='ltr'><strong>profutura</strong></span> <span class='ocrx_word' id='word_1_532' title='bbox 996 5090 1052 5153; x_wconf 90' lang='lat' dir='ltr'><strong>Ad</strong></span> <span class='ocrx_word' id='word_1_533' title='bbox 1084 5091 1237 5155; x_wconf 91' lang='lat' dir='ltr'><strong>indicium</strong></span> <span class='ocrx_word' id='word_1_534' title='bbox 1271 5097 1394 5162; x_wconf 89' lang='lat' dir='ltr'><strong>autern,</strong></span> <span class='ocrx_word' id='word_1_535' title='bbox 1428 5089 1517 5168; x_wconf 93' lang='lat' dir='ltr'><strong>quod</strong></span> <span class='ocrx_word' id='word_1_536' title='bbox 1549 5089 1637 5151; x_wconf 92' lang='lat' dir='ltr'><strong>idem</strong></span> <span class='ocrx_word' id='word_1_537' title='bbox 1668 5088 1759 5150; x_wconf 92' lang='lat' dir='ltr'><strong>locus</strong></span> 
     </span>
     <span class='ocr_line' id='line_1_49' title="bbox 90 5176 1759 5265; baseline -0.002 -23"><span class='ocrx_word' id='word_1_538' title='bbox 90 5179 174 5242; x_wconf 88' lang='lat' dir='ltr'><strong>beati</strong></span> <span class='ocrx_word' id='word_1_539' title='bbox 197 5181 287 5243; x_wconf 88' lang='lat' dir='ltr'><strong>Petri</strong></span> <span class='ocrx_word' id='word_1_540' title='bbox 317 5181 393 5241; x_wconf 89' lang='lat' dir='ltr'><strong>iuris</strong></span> <span class='ocrx_word' id='word_1_541' title='bbox 423 5179 472 5254; x_wconf 79' lang='lat' dir='ltr'><strong>sit,</strong></span> <span class='ocrx_word' id='word_1_542' title='bbox 503 5180 584 5242; x_wconf 90' lang='lat' dir='ltr'><strong>libra</strong></span> <span class='ocrx_word' id='word_1_543' title='bbox 615 5200 678 5241; x_wconf 90' lang='lat' dir='ltr'><strong>una</strong></span> <span class='ocrx_word' id='word_1_544' title='bbox 709 5199 783 5265; x_wconf 72' lang='lat' dir='ltr'><strong>cere</strong></span> <span class='ocrx_word' id='word_1_545' title='bbox 813 5180 856 5242; x_wconf 92' lang='lat' dir='ltr'><strong>de</strong></span> <span class='ocrx_word' id='word_1_546' title='bbox 886 5180 959 5261; x_wconf 90' lang='lat' dir='ltr'><strong>ipso</strong></span> <span class='ocrx_word' id='word_1_547' title='bbox 990 5178 1143 5262; x_wconf 88' lang='lat' dir='ltr'><strong>hospitali</strong></span> <span class='ocrx_word' id='word_1_548' title='bbox 1173 5178 1267 5241; x_wconf 93' lang='lat' dir='ltr'><strong>nobis</strong></span> <span class='ocrx_word' id='word_1_549' title='bbox 1299 5181 1484 5258; x_wconf 90' lang='lat' dir='ltr'><strong>nostrisque</strong></span> <span class='ocrx_word' id='word_1_550' title='bbox 1515 5176 1759 5241; x_wconf 92' lang='lat' dir='ltr'><strong>successoribus</strong></span> 
     </span>
     <span class='ocr_line' id='line_1_50' title="bbox 91 5266 1757 5351; baseline -0.001 -21"><span class='ocrx_word' id='word_1_551' title='bbox 91 5270 176 5331; x_wconf 88' lang='lat' dir='ltr'><strong>annis</strong></span> <span class='ocrx_word' id='word_1_552' title='bbox 207 5267 341 5351; x_wconf 89' lang='lat' dir='ltr'><strong>singulis</strong></span> <span class='ocrx_word' id='word_1_553' title='bbox 373 5268 585 5350; x_wconf 88' lang='lat' dir='ltr'><strong>persolvatur.</strong></span> <span class='ocrx_word' id='word_1_554' title='bbox 636 5266 670 5332; x_wconf 89' lang='lat' dir='ltr'><strong>Si</strong></span> <span class='ocrx_word' id='word_1_555' title='bbox 703 5287 768 5349; x_wconf 90' lang='lat' dir='ltr'><strong>qua</strong></span> <span class='ocrx_word' id='word_1_556' title='bbox 796 5269 892 5350; x_wconf 86' lang='lat' dir='ltr'><strong>igitur</strong></span> <span class='ocrx_word' id='word_1_557' title='bbox 923 5317 930 5332; x_wconf 96' lang='lat'><strong>.</strong></span> <span class='ocrx_word' id='word_1_558' title='bbox 961 5317 968 5330; x_wconf 93' lang='lat'><strong>.</strong></span> <span class='ocrx_word' id='word_1_559' title='bbox 998 5315 1005 5330; x_wconf 93' lang='lat'><strong>.</strong></span> <span class='ocrx_word' id='word_1_560' title='bbox 1030 5268 1162 5331; x_wconf 87' lang='lat' dir='ltr'><strong>Cunctis</strong></span> <span class='ocrx_word' id='word_1_561' title='bbox 1192 5276 1301 5332; x_wconf 91' lang='lat' dir='ltr'><strong>autem</strong></span> <span class='ocrx_word' id='word_1_562' title='bbox 1327 5317 1333 5330; x_wconf 93' lang='lat'><strong>.</strong></span> <span class='ocrx_word' id='word_1_563' title='bbox 1360 5316 1367 5330; x_wconf 97' lang='lat'><strong>.</strong></span> <span class='ocrx_word' id='word_1_564' title='bbox 1391 5315 1399 5329; x_wconf 85' lang='lat'><strong>.</strong></span> <span class='ocrx_word' id='word_1_565' title='bbox 1422 5267 1593 5332; x_wconf 89' lang='lat' dir='ltr'><strong>inveniant.</strong></span> <span class='ocrx_word' id='word_1_566' title='bbox 1638 5267 1757 5330; x_wconf 89' lang='lat' dir='ltr'><strong>Amen.</strong></span> 
     </span>
    </p>
   </div>
   <div class='ocr_carea' id='block_1_7' title="bbox 13 5355 1524 5798">
    <p class='ocr_par' dir='ltr' id='par_1_18' title="bbox 13 5355 1524 5798">
     <span class='ocr_line' id='line_1_51' title="bbox 91 5355 387 5422; baseline 0.003 -4"><span class='ocrx_word' id='word_1_567' title='bbox 91 5355 177 5422; x_wconf 84' lang='lat' dir='ltr'><strong>A·rn.</strong></span> <span class='ocrx_word' id='word_1_568' title='bbox 201 5357 321 5422; x_wconf 89' lang='lat' dir='ltr'><strong>Amen.</strong></span> <span class='ocrx_word' id='word_1_569' title='bbox 343 5391 387 5404; x_wconf 91' lang='lat'>-</span> 
     </span>
     <span class='ocr_line' id='line_1_52' title="bbox 13 5441 1361 5534; baseline 0 -25"><span class='ocrx_word' id='word_1_570' title='bbox 13 5443 14 5446; x_wconf 62' lang='grc'>’</span> <span class='ocrx_word' id='word_1_571' title='bbox 302 5445 359 5534; x_wconf 80' lang='lat' dir='ltr'><strong>(R)</strong></span> <span class='ocrx_word' id='word_1_572' title='bbox 383 5446 455 5530; x_wconf 88' lang='lat' dir='ltr'><strong>Ego</strong></span> <span class='ocrx_word' id='word_1_573' title='bbox 480 5445 671 5510; x_wconf 88' lang='lat' dir='ltr'><strong>Anastasius</strong></span> <span class='ocrx_word' id='word_1_574' title='bbox 695 5445 855 5531; x_wconf 74' lang='lat' dir='ltr'><strong>catholice</strong></span> <span class='ocrx_word' id='word_1_575' title='bbox 879 5441 1014 5530; x_wconf 72' lang='lat' dir='ltr'><strong>ecclesie</strong></span> <span class='ocrx_word' id='word_1_576' title='bbox 1038 5445 1213 5528; x_wconf 91' lang='lat' dir='ltr'><strong>episcopus</strong></span> <span class='ocrx_word' id='word_1_577' title='bbox 1234 5467 1275 5508; x_wconf 94' lang='lat' dir='ltr'><strong>ss.</strong></span> <span class='ocrx_word' id='word_1_578' title='bbox 1298 5444 1361 5532; x_wconf 90' lang='lat' dir='ltr'><strong>(M)</strong></span> 
     </span>
     <span class='ocr_line' id='line_1_53' title="bbox 301 5533 1384 5618; baseline -0.002 -20"><span class='ocrx_word' id='word_1_579' title='bbox 301 5539 323 5616; x_wconf 83' lang='lat'><strong>†</strong></span> <span class='ocrx_word' id='word_1_580' title='bbox 344 5537 418 5617; x_wconf 86' lang='lat' dir='ltr'><strong>Ego</strong></span> <span class='ocrx_word' id='word_1_581' title='bbox 443 5534 580 5600; x_wconf 90' lang='lat' dir='ltr'><strong>Cencius</strong></span> <span class='ocrx_word' id='word_1_582' title='bbox 603 5535 790 5598; x_wconf 89' lang='lat' dir='ltr'><strong>Portuensis</strong></span> <span class='ocrx_word' id='word_1_583' title='bbox 815 5543 847 5597; x_wconf 92' lang='lat' dir='ltr'><strong>et</strong></span> <span class='ocrx_word' id='word_1_584' title='bbox 869 5543 981 5598; x_wconf 90' lang='lat' dir='ltr'><strong>sancte</strong></span> <span class='ocrx_word' id='word_1_585' title='bbox 1004 5533 1120 5597; x_wconf 91' lang='lat' dir='ltr'><strong>Rufine</strong></span> <span class='ocrx_word' id='word_1_586' title='bbox 1144 5537 1320 5618; x_wconf 90' lang='lat' dir='ltr'><strong>episcopus</strong></span> <span class='ocrx_word' id='word_1_587' title='bbox 1343 5555 1384 5597; x_wconf 91' lang='grc'><strong>33.</strong></span> 
     </span>
     <span class='ocr_line' id='line_1_54' title="bbox 301 5620 1259 5710; baseline -0.001 -23"><span class='ocrx_word' id='word_1_588' title='bbox 301 5625 323 5708; x_wconf 89' lang='lat'><em>†</em></span> <span class='ocrx_word' id='word_1_589' title='bbox 345 5625 418 5708; x_wconf 88' lang='lat' dir='ltr'><strong>Ego</strong></span> <span class='ocrx_word' id='word_1_590' title='bbox 442 5620 715 5710; x_wconf 83' lang='lat' dir='ltr'><strong>GG.(Gregorius)</strong></span> <span class='ocrx_word' id='word_1_591' title='bbox 739 5622 925 5688; x_wconf 89' lang='lat' dir='ltr'><strong>Sabinensis</strong></span> <span class='ocrx_word' id='word_1_592' title='bbox 949 5625 1126 5706; x_wconf 88' lang='lat' dir='ltr'><strong>episcopus</strong></span> <span class='ocrx_word' id='word_1_593' title='bbox 1148 5645 1190 5687; x_wconf 92' lang='lat' dir='ltr'><strong>ss.</strong></span> <span class='ocrx_word' id='word_1_594' title='bbox 1214 5620 1259 5709; x_wconf 87' lang='lat'><strong>(2)</strong></span> 
     </span>
     <span class='ocr_line' id='line_1_55' title="bbox 305 5709 1524 5798; baseline -0.005 -19"><span class='ocrx_word' id='word_1_595' title='bbox 305 5749 345 5762; x_wconf 91' lang='lat'>—</span> <span class='ocrx_word' id='word_1_596' title='bbox 370 5712 391 5797; x_wconf 88' lang='lat'><em>†</em></span> <span class='ocrx_word' id='word_1_597' title='bbox 413 5715 486 5797; x_wconf 87' lang='lat' dir='ltr'><strong>Ego</strong></span> <span class='ocrx_word' id='word_1_598' title='bbox 510 5711 621 5777; x_wconf 87' lang='lat' dir='ltr'><strong>Guido</strong></span> <span class='ocrx_word' id='word_1_599' title='bbox 643 5715 805 5797; x_wconf 89' lang='lat' dir='ltr'><strong>presbiter</strong></span> <span class='ocrx_word' id='word_1_600' title='bbox 828 5713 999 5777; x_wconf 90' lang='lat' dir='ltr'><strong>cardinalis</strong></span> <span class='ocrx_word' id='word_1_601' title='bbox 1020 5713 1067 5775; x_wconf 89' lang='lat' dir='ltr'><strong>tit</strong></span> <span class='ocrx_word' id='word_1_602' title='bbox 1090 5715 1192 5777; x_wconf 89' lang='lat' dir='ltr'><strong>sancti</strong></span> <span class='ocrx_word' id='word_1_603' title='bbox 1217 5711 1390 5796; x_wconf 85' lang='lat' dir='ltr'><strong>Grisogoni</strong></span> <span class='ocrx_word' id='word_1_604' title='bbox 1413 5732 1454 5774; x_wconf 92' lang='grc'><strong>33.</strong></span> <span class='ocrx_word' id='word_1_605' title='bbox 1477 5709 1524 5798; x_wconf 90' lang='lat'><strong>(1)</strong></span> 
     </span>
    </p>
   </div>
   <div class='ocr_carea' id='block_1_8' title="bbox 0 0 2091 6356">
    <p class='ocr_par' dir='ltr' id='par_1_19' title="bbox 0 0 2091 6356">
     <span class='ocr_line' id='line_1_56' title="bbox 0 0 2091 6356; baseline 0 0"><span class='ocrx_word' id='word_1_606' title='bbox 0 0 2091 6356; x_wconf 95' lang='lat' dir='ltr'><strong> </strong></span> 
     </span>
    </p>
   </div>
  </div>
 </body>
</html>
