4126 6356
1710 349 1761 412 99

72 514 227 596 episcopi
248 513 300 577 vel
323 515 484 598 priorum,
515 519 571 597 qui
603 518 779 601 locopositi
807 519 1023 594 nominantur,
1055 518 1199 580 matricis
1227 515 1363 603 ecclesie
1387 519 1689 581 excommunicetur
1711 527 1754 596 et,

71 603 162 682 quod
188 603 415 687 abepiscopo
439 605 573 686 ligatum
598 606 700 684 fuerit,
724 628 744 671 a
766 607 894 670 nemine
917 608 1041 669 irritum
1065 606 1141 668 duci
1162 614 1351 689 temptetur.
1390 602 1477 668 Sane
1493 606 1630 669 civitatis
1645 617 1754 696 vestre

71 691 181 754 clerici
207 701 249 766 et,
274 693 328 774 qui
352 695 384 756 in
408 695 571 759 suburbiis
595 705 679 773 sunt,
702 696 814 760 solitas
830 695 1044 769 obedientias,
1066 695 1218 758 videlicet
1234 697 1267 757 in
1283 694 1415 769 letaniis,
1438 696 1472 757 in
1488 697 1754 777 processionibus

71 781 313 856 communibus,
345 784 376 846 in
409 782 641 848 festivitatibus
674 794 708 848 et
730 785 925 848 stationibus
949 785 1078 847 maioris
1102 784 1238 871 ecclesie
1262 783 1368 846 eidem
1392 784 1586 866 impendant
1608 783 1753 862 ecclesie,

71 876 105 932 ut
127 869 301 934 vobiscum
326 872 443 934 adsint.
489 874 592 936 Porro
623 876 655 938 in
687 875 798 961 quinte
830 873 910 959 ferie
937 880 1033 936 nocte
1056 881 1133 936 ante
1156 871 1280 955 pascha
1303 871 1388 934 nulla
1411 873 1550 936 ecclesia
1572 875 1752 938 secundum

71 978 198 1022 morem
223 967 330 1047 vestre
353 960 488 1049 ecclesie
512 983 688 1046 campanas
710 971 814 1037 sonet,
838 981 946 1043 neque
969 965 1002 1026 in
1025 960 1166 1025 sabbato
1188 969 1305 1024 sancto
1329 981 1460 1025 cereum
1490 961 1679 1038 benedicat,
1701 972 1754 1027 set

70 1046 111 1110 ad
142 1047 349 1130 baptismum
380 1051 520 1132 predicti
552 1051 657 1116 clerici
689 1072 732 1115 ex
762 1053 1001 1116 consuetudine
1030 1053 1171 1114 veniant.
1222 1049 1322 1114 Nulla
1355 1059 1505 1132 preterea
1542 1050 1751 1115 ecclesiamm

70 1138 185 1200 missas
209 1137 411 1223 sollempnes
442 1139 585 1204 celebret
608 1144 642 1204 in
664 1141 841 1204 festivitate
868 1141 957 1204 beati
981 1140 1112 1204 Martini
1142 1147 1176 1202 et
1203 1141 1308 1202 sancti
1330 1139 1448 1220 Reguli
1481 1147 1515 1202 et
1544 1141 1577 1202 in
1608 1141 1756 1204 secunda

70 1224 147 1288 feria
182 1224 309 1315 pasche
341 1236 375 1290 et
404 1229 436 1291 in
469 1230 733 1311 processionibus
764 1231 1029 1317 quadragesime,
1069 1230 1176 1292 donec
1206 1230 1356 1291 stationis
1386 1227 1531 1291 solvatur
1562 1237 1754 1293 conventus.

68 1313 185 1378 Nullus
225 1316 325 1380 etiam
362 1316 554 1382 clericorum
593 1319 737 1382 officium
767 1322 915 1383 vivorum
948 1327 1005 1380 aut
1037 1326 1258 1391 mortuorum,
1296 1317 1338 1380 ad
1375 1319 1544 1380 matricem
1577 1318 1751 1382 ecclesiam

68 1403 246 1485 pertinens,
270 1404 379 1469 facere
394 1405 447 1470 vel
467 1407 635 1472 celebrare
650 1417 826 1491 presumat.
864 1407 922 1470 Ad
938 1406 1000 1494 hec
1015 1407 1195 1470 adicientes
1211 1407 1391 1480 statuimus,
1414 1416 1450 1468 ut
1464 1405 1591 1494 decime
1607 1410 1754 1471 matricis

69 1490 208 1580 ecclesie
232 1493 276 1557 ab
298 1492 358 1570 his,
383 1498 438 1578 qui
462 1497 617 1574 tribuunt,
642 1518 706 1561 non
722 1498 920 1571 fraudentur,
944 1505 979 1559 et
1001 1493 1089 1559 nulla
1112 1516 1166 1559 eas
1189 1494 1346 1558 clericalis
1363 1515 1504 1578 persona
1520 1494 1680 1578 subripiat
1695 1505 1753 1559 aut

68 1581 237 1644 diminuat
282 1583 373 1647 Nulli
397 1587 498 1648 etiam
521 1587 680 1669 episcopo
703 1587 809 1662 liceat,
839 1585 984 1668 aliquem
1016 1585 1157 1650 matricis
1181 1583 1318 1671 ecclesie
1342 1586 1537 1648 canonicum
1559 1585 1669 1648 officio
1693 1606 1750 1649 seu

68 1671 231 1736 beneficio
247 1673 318 1736 sine
333 1676 493 1738 canonico
509 1677 638 1757 privare
653 1676 783 1739 iudicio.
822 1675 909 1738 Sane
924 1675 1091 1737 caritativa
1106 1673 1160 1737 illa
1176 1673 1323 1737 ciborum
1338 1672 1506 1746 beneficia,
1529 1692 1595 1753 que
1616 1674 1660 1738 ab
1682 1677 1752 1757 epi-

68 1763 178 1842 scopis
202 1764 328 1838 vestris,
358 1765 428 1825 sive
451 1773 620 1846 presentes
635 1765 703 1828 sive
733 1765 886 1828 absentes
909 1763 1035 1838 fuerint,
1059 1766 1091 1826 in
1114 1761 1401 1844 sollempnioribus
1424 1761 1514 1824 festis
1537 1765 1750 1826 consuevistis

68 1851 229 1932 accipere,
253 1851 350 1914 vobis
366 1854 549 1933 vestrisque
565 1855 705 1936 posteris
721 1863 792 1917 rata
807 1853 1009 1936 precipimus
1025 1861 1059 1915 et
1081 1850 1208 1915 illibata
1224 1853 1354 1914 servari.
1394 1851 1554 1926 Preterea,
1579 1871 1751 1932 quascum-

68 1955 130 2016 que
152 1941 392 2021 possessiones,
416 1961 624 2024 quecumque
648 1943 736 2006 bona
759 1945 791 2006 in
815 1942 1052 2024 presentiarum
1076 1943 1160 2004 iuste
1184 1949 1217 2003 et
1240 1943 1397 2003 canonice
1419 1941 1608 2022 possidetis,
1638 1949 1694 2004 aut
1717 1943 1750 2004 in

68 2025 208 2091 futurum
228 2031 442 2093 concessione
457 2031 657 2113 pontificum,
673 2031 843 2115 largitione
859 2051 972 2112 regum
986 2031 1038 2093 vel
1050 2030 1241 2113 principum,
1264 2029 1428 2092 oblatione
1444 2027 1589 2092 fidelium
1605 2049 1663 2093 seu
1679 2030 1749 2092 aliis

68 2115 154 2178 iustis
174 2117 287 2180 modis
306 2117 373 2182 deo
393 2121 540 2202 propitio
564 2123 716 2204 poteritis
731 2123 879 2203 adipisci,
900 2119 993 2183 firma
1009 2119 1105 2182 vobis
1120 2121 1303 2200 vestrisque
1318 2118 1561 2181 successoribus
1578 2127 1612 2181 et
1625 2117 1752 2182 illibata

68 2213 292 2285 permaneant.
329 2207 367 2270 In
384 2208 504 2290 quibus
519 2207 580 2298 hec
596 2212 739 2294 propriis
756 2211 911 2273 duximus
927 2209 1145 2291 exprimenda
1160 2206 1344 2270 vocabulis:
1377 2206 1551 2270 ecclesiam
1567 2208 1610 2270 de
1626 2207 1750 2270 Massa·

67 2312 170 2374 grosa,
194 2294 368 2382 ecclesiam
391 2298 434 2360 de
450 2297 606 2375 Fabialla,
629 2299 803 2363 ecclesiam
827 2299 870 2361 de
886 2296 1016 2362 Gualdo
1040 2305 1073 2360 et
1096 2298 1177 2360 duas
1197 2296 1352 2360 ecclesias
1374 2296 1418 2359 de
1434 2296 1544 2359 Massa
1563 2298 1747 2372 macinaria,

69 2381 237 2447 ecclesiam
271 2383 314 2448 de
337 2384 471 2463 Villore,
502 2387 675 2452 ecclesiam
706 2388 750 2451 de
774 2386 913 2462 Ciciana,
943 2385 1115 2450 ecclesiam
1147 2386 1234 2449 beati
1259 2383 1437 2448 Concordii
1468 2386 1560 2447 iuxta
1582 2384 1748 2448 Arsinam.

69 2469 280 2536 Decemimus
304 2493 394 2557 ergo,
417 2484 453 2538 ut
475 2475 552 2539 nulli
576 2479 711 2541 omnino
727 2478 898 2541 hominum
914 2477 1018 2550 liceat,
1042 2475 1205 2558 prefatam
1226 2473 1397 2537 ecclesiam
1413 2482 1538 2536 temere
1554 2474 1749 2556 perturbare

69 2570 120 2622 aut
148 2563 220 2625 eius
251 2565 478 2644 possessiones
509 2566 635 2628 auferre
658 2567 710 2629 vel
740 2565 867 2630 ablatas
899 2566 1047 2639 retinere,
1079 2566 1226 2627 minuere
1249 2583 1308 2626 seu
1330 2562 1492 2644 aliquibus
1515 2563 1746 2626 vexationibus

71 2647 208 2732 fatigare,
230 2660 285 2714 set
306 2652 417 2716 omnia
433 2655 558 2737 integra
573 2663 807 2718 conserventur
822 2675 945 2730 eorum,
968 2675 1031 2736 pro
1048 2673 1188 2735 quorum
1203 2652 1442 2734 gubernatione
1458 2659 1491 2714 et
1507 2655 1746 2716 sustentatione

71 2756 221 2804 concessa
245 2749 329 2816 sunt,
361 2741 473 2805 usibus
497 2745 693 2808 omnimodis
716 2744 894 2826 profutura,
917 2742 1006 2806 salva
1028 2743 1115 2805 sedis
1139 2741 1322 2828 apostolice
1344 2743 1540 2804 auctoritate
1563 2749 1597 2803 et
1618 2740 1743 2808 Lucani

71 2830 214 2912 episcopi
238 2831 398 2893 canonica
425 2833 556 2895 iustitia.
603 2831 730 2916 Siqua
761 2835 859 2916 igitur
888 2834 921 2895 in
953 2832 1095 2895 futurum
1127 2829 1345 2894 ecclesiastica
1373 2829 1569 2893 secularisve
1592 2849 1744 2912 persona,

69 2913 147 2980 hanc
168 2927 283 3006 nostre
306 2920 547 2985 constitutionis
561 2925 717 3005 paginam
740 2925 854 2998 sciens,
869 2931 984 2984 contra
999 2941 1073 2984 eam
1088 2929 1212 2984 temere
1227 2920 1338 2982 venire
1358 2920 1575 3001 temptaverit,
1597 2920 1746 2982 secundo

70 3009 202 3070 tertiove
235 3009 453 3086 commonita,
488 3013 515 3075 si
548 3032 616 3075 non
647 3011 871 3075 satisfactione
901 3031 1048 3092 congrua
1076 3010 1308 3083 emendaverit,
1337 3007 1510 3090 potestatis
1540 3005 1744 3088 honorisque

69 3097 114 3158 sui
134 3096 296 3178 dignitate
317 3107 427 3161 careat
449 3119 605 3182 reamque
621 3121 657 3163 se
676 3101 789 3164 divino
804 3100 924 3164 iudicio
941 3101 1082 3163 existere
1098 3098 1141 3162 de
1156 3105 1346 3181 perpetrata
1366 3098 1538 3177 iniquitate
1554 3105 1743 3180 cognoscat,

71 3190 100 3245 et
120 3204 139 3247 a
159 3187 384 3250 sacratissimo
407 3208 547 3271 corpore
581 3210 620 3252 ac
651 3190 806 3272 sanguine
830 3189 883 3252 dei
913 3196 946 3252 et
978 3188 1111 3262 domini,
1142 3187 1360 3270 redemptoris
1391 3188 1493 3249 nostri
1515 3185 1589 3249 lesu
1614 3184 1743 3262 Christi,

69 3271 166 3338 aliena
189 3274 258 3351 fiat,
280 3284 381 3355 atque
404 3278 436 3339 in
461 3287 611 3342 extremo
636 3281 787 3342 examine
810 3279 957 3341 districte
981 3277 1096 3340 ultioni
1120 3277 1296 3340 subiaceat.
1341 3273 1471 3338 Cunctis
1492 3283 1611 3352 autem,
1634 3274 1743 3338 eidem

68 3358 135 3426 loco
157 3365 244 3427 iusta
263 3363 268 3450 Ι
288 3366 501 3442 servantibus,
524 3370 566 3430 sit
589 3389 658 3451 pax
680 3369 804 3430 domini
828 3368 930 3429 nostri
948 3366 1021 3430 Iesu
1038 3364 1167 3441 Christi,
1190 3365 1341 3447 quatinus
1365 3373 1398 3427 et
1420 3363 1471 3426 hic
1495 3362 1637 3428 fructum
1653 3365 1744 3428 bone

68 3452 197 3601 Zenonis
220 3453 407 3537 percipiant
436 3463 469 3518 et
495 3456 585 3539 apud
608 3457 794 3520 districtum
822 3457 963 3520 iudicem
987 3457 1114 3538 premia
1142 3463 1254 3518 eterne
1284 3453 1375 3537 pacis
1405 3454 1578 3516 inveniant.
1623 3453 1742 3517 Amen

99 3561 151 3604 ·m.
174 3542 298 3606 Arnen.
325 3579 365 3588 -

275 3629 331 3716 (R)
355 3631 428 3714 Ego
452 3632 617 3715 Eugenius
642 3632 800 3718 catholice
824 3633 961 3721 ecclesie
984 3632 1160 3715 episcopus
1184 3651 1225 3692 ss.
1250 3627 1317 3713 (M)

275 3722 296 3799 Τ
318 3720 392 3802 Ego
416 3719 573 3785 Nicolaus
597 3722 796 3786 Albanensis
819 3722 994 3804 episcopus
1017 3741 1058 3782 ss.
1084 3717 1141 3800 (5).

274 3845 318 3856 -
340 3811 361 3892 †
384 3809 457 3893 Ego
481 3811 655 3875 Hubaldus
678 3811 841 3894 presbiter
865 3808 1036 3872 cardinalis
1059 3811 1107 3872 tit.
1132 3817 1246 3872 sancte
1271 3807 1430 3871 Praxedis
1454 3827 1496 3870 ss.

273 3900 295 3976 †
316 3897 391 3981 Ego
416 3900 605 3964 Manfredus
628 3900 792 3983 presbiter
816 3897 983 3962 cardinalis
1007 3900 1054 3960 tit.
1078 3907 1190 3985 sancte
1214 3897 1332 3983 Savine
1356 3917 1397 3958 ss.
1421 3895 1474 3980 (5)

274 3983 295 4068 †
318 3987 392 4069 Ego
415 3987 573 4052 Iordanus
596 3991 760 4072 presbiter
783 3989 955 4052 cardinalis
979 3989 1026 4049 tit
1050 3995 1163 4074 sancte
1186 3985 1335 4072 Susanne
1358 3984 1495 4049 ecclesie
1518 4003 1559 4046 ss.
1584 3981 1636 4068 (1)

275 4111 319 4122 -
340 4079 361 4156 Τ
383 4076 457 4160 Ego
482 4077 564 4142 Otto
589 4080 746 4142 diaconus
768 4076 936 4141 cardinalis
958 4076 1061 4139 sancti
1085 4075 1220 4158 Georgii
1244 4076 1286 4138 ad
1308 4073 1428 4138 Velum
1452 4093 1585 4137 aureum
1610 4091 1652 4134 ss.

272 4165 294 4246 †
316 4167 390 4248 Ego
414 4165 613 4231 Octavianus
638 4168 793 4231 diaconus
818 4161 989 4229 cardinalis
1011 4167 1115 4228 sancti
1137 4163 1290 4227 Nicholai
1313 4164 1344 4226 in
1368 4182 1499 4226 carcere
1522 4160 1673 4224 Tulliano
1697 4180 1740 4223 ss.

274 4252 295 4336 †
318 4253 391 4336 Ego
416 4255 595 4338 Gregorius
618 4258 778 4320 diaconus
802 4254 974 4319 cardinalis
997 4257 1101 4318 sancti
1125 4251 1249 4335 Angeli
1273 4273 1316 4314 ss

272 4341 389 4425 †F.go
414 4341 522 4409 Guido
546 4347 704 4409 diaconus
728 4343 897 4409 cardinalis
920 4351 1033 4432 sancte
1057 4345 1160 4430 Marie
1184 4345 1216 4407 in
1239 4343 1370 4405 Porticu
1393 4363 1435 4404 ss.
1460 4338 1508 4423 (2)

218 4429 295 4494 Dat.
319 4429 442 4515 Signis,
469 4456 530 4517 per
553 4456 686 4498 manum
709 4437 871 4508 BoSONIS,
901 4441 1015 4520 sancte
1037 4433 1186 4520 Romane
1210 4430 1350 4494 ecclesie
1372 4429 1552 4512 scriptoris
1599 4439 1662 4490 XVI
1683 4425 1738 4488 Kl.

71 4511 225 4584 Octobris.
263 4519 552 4588 Indictionexm1.
589 4525 825 4588 Incamationis
849 4523 1011 4609 dominice
1033 4542 1120 4585 anno
1137 4533 1188 4582 MC
1204 4520 1492 4602 quinquagesimo·
1525 4515 1739 4580 Pontificatus

71 4610 274 4674 verodomni
297 4608 452 4675 EUGENII
473 4629 512 4674 111
534 4613 593 4678 ΡΡ.
617 4634 704 4678 anno
728 4620 835 4676 sexto.
860 4647 900 4658 -

221 4723 265 4775 Or.
291 4723 356 4786 (BB.
375 4725 425 4775 Nr.
445 4729 480 4791 7),
503 4728 703 4791 Kopirlurleunde
726 4728 767 4776 des
785 4727 817 4776 13
844 4725 935 4794 Jahrb.
957 4724 1022 4789 (BB.
1041 4727 1087 4781 46)
1110 4724 1166 4772 und
1186 4722 1314 4785 Absckrift
1339 4721 1380 4770 des
1403 4720 1548 4770 Bullarium
1567 4726 1596 4783 p.
1616 4719 1680 4779 132,
1706 4717 1739 4768 im

71 4791 170 4844 Archivr'o
191 4795 327 4860 Capr'tolare
345 4811 375 4844 m
392 4798 492 4858 Lucro,·
508 4799 634 4864 Abschrr'st
654 4800 683 4848 G.
709 4799 778 4848 VIII.
799 4799 853 4848 243
866 4805 895 4863 p.
915 4799 975 4856 109,
993 4796 1037 4845 der
1054 4797 1117 4844 Br'bl.
1141 4794 1211 4860 Chrgr'
1226 4811 1256 4842 zu
1274 4795 1344 4842 Rom.

221 4867 265 4918 Or.
286 4867 355 4934 Perg.
373 4869 433 4928 aaa,
458 4870 494 4920 br.
514 4871 600 4931 0,u36,
625 4873 686 4936 lang
703 4872 791 4930 0,605,
816 4877 890 4918 untm
908 4869 969 4928 0,03
986 4867 1174 4933 umgercklagen,
1199 4865 1277 4914 durch
1301 4862 1359 4913 ervei
1375 4861 1468 4912 Licher
1487 4862 1551 4928 girrg
1575 4860 1612 4911 die
1630 4860 1736 4920 Scirum,

72 4931 102 4981 dfe
119 4937 159 4985 neit
174 4939 229 4987 dem
246 4939 373 5005 Blerbr'egel
386 4943 503 4990 verloren.
540 4942 649 5008 Faltung
665 4943 709 4990 der
726 4942 822 4990 Bullen.
859 4939 973 4990 Indmle:
994 4939 1156 5003 Uncizlsorm,
1175 4937 1282 4988 vmien.
1325 4935 1484 4999 Verermgrmg
1500 4933 1547 4982 Nr.
1562 4935 1623 4992 6⁰0,
1641 4931 1737 4981 Knotm

71 5004 148 5058 Mor
163 5010 331 5070 Buchrtaben,
349 5013 420 5075 still!
437 5015 522 5072 0,125.
560 5012 754 5078 Kontcctschn'st
779 5013 878 5072 snuber,
903 5011 941 5059 die
960 5009 1101 5074 Majuskeln
1127 5010 1209 5059 betoni¹
1247 5006 1393 5057 Zcilemoeitr
1416 5021 1437 5056 c.
1455 5006 1539 5064 0,015.
1576 5004 1643 5053 Drei
1658 5005 1737 5052 ΑΜ

71 5075 111 5124 Nr.
128 5080 186 5141 71²,
206 5081 331 5132 schlr'ersm
348 5083 386 5132 dri
402 5085 467 5132 lente
485 5084 554 5134 Zeile.
591 5087 654 5134 Rota
671 5084 718 5134 Nr.
739 5087 763 5144 1,
782 5083 959 5133 Durcltmerser
976 5083 1063 5141 0,Οό8,
1082 5097 1130 5130 von
1148 5081 1192 5130 der
1208 5082 1289 5130 ktrtm
1307 5078 1369 5128 Zar'le
1386 5078 1474 5137 0,006,
1499 5091 1547 5124 von
1564 5075 1629 5124 lirrks
1647 5075 1735 5135 0,132,

72 5161 117 5197 vm
133 5151 301 5219 Monogramm
320 5156 387 5215 OM.
425 5155 596 5221 Monogramm
613 5157 661 5206 Nr.
680 5159 719 5215 2²,
738 5155 811 5205 Hibe
829 5157 916 5215 0,058,
935 5155 1014 5203 Breite
1033 5153 1119 5215 0,038,
1144 5168 1191 5202 von
1207 5151 1285 5201 rechts
1303 5151 1389 5211 0,145.
1419 5147 1557 5213 Ringkreur
1574 5148 1630 5196 und
1649 5145 1736 5196 Unter-

71 5220 147 5286 Jcant
161 5224 327 5290 daniele-mue
343 5227 420 5275 Dinte
428 5227 483 5291 fiir
499 5228 556 5288 sich,
579 5228 716 5294 Unuclmfl
731 5228 894 5292 braungraue,
914 5225 951 5274 dir
967 5225 1065 5290 gleiche,
1090 5225 1172 5274 womr't
1195 5224 1233 5272 dir
1250 5223 1378 5287 Datinmg
1402 5221 1558 5285 eingetragen,
1586 5217 1653 5268 wohl
1672 5217 1735 5266 orech

72 5297 223 5360 augurata
238 5297 328 5358 Hand,
353 5298 417 5346 bride
439 5299 556 5348 vielleiclrt
577 5315 633 5348 vom
650 5299 903 5363 Komcriptsclereiber.
939 5297 988 5346 Die
1009 5297 1062 5345 υἱον
1078 5296 1205 5345 Drbkmm
1229 5295 1288 5344 sind
1308 5301 1380 5342 urrter
1396 5292 1447 5340 rich
1470 5289 1575 5340 siemlr'ch
1592 5289 1670 5339 sr'clrer
1687 5303 1736 5337 von

72 5363 174 5417 orreum
191 5367 274 5418 Hand
287 5369 343 5418 rard
356 5370 465 5418 braim
481 5370 557 5420 Dintc
571 5371 689 5436 gemacht,
708 5371 752 5420 der
769 5369 871 5434 Br'sclros
885 5369 1008 5418 Nikolous
1025 5367 1081 5416 rard
1096 5368 1140 5418 der
1152 5367 1259 5417 Prr'estcr
1269 5364 1375 5414 Hubald
1388 5363 1477 5412 rm'eder
1493 5369 1566 5412 urrter
1582 5361 1631 5410 sicli
1645 5359 1736 5427 gleiclle

69 5451 135 5498 paru
150 5440 226 5490 Dinee
241 5441 298 5490 und
312 5439 398 5500 Hand,
416 5441 533 5505 ebmsalls
549 5451 621 5492 unter
637 5443 687 5492 rich
701 5443 779 5510 gleich
798 5441 922 5507 Manfred
936 5440 992 5488 arrd
1011 5440 1118 5505 Jordan,
1137 5440 1213 5489 Divite
1228 5435 1337 5504 gelblich.
