4126 6356
324 326 382 390 172

316 510 505 575 vestrorum,
530 501 584 582 qui
607 500 649 563 ad
672 521 781 564 sacros
804 500 935 562 ordines
959 498 1075 561 suerint
1098 501 1324 580 promovendi,
1349 510 1382 562 et
1405 509 1513 562 cetera
1536 499 1757 564 ecclesiastica
1772 509 1989 572 sacramenta,

319 590 537 653 adiocesano
569 591 750 670 suscipietis
779 591 946 671 episcop0,
977 588 1004 650 si
1035 588 1168 669 quidem
1200 588 1378 652 catholicus
1410 588 1505 651 luerit
1534 599 1567 652 et
1596 591 1733 671 gratiam
1766 602 1868 671 atque
1898 611 1989 652 com·

319 680 507 741 munionem
529 679 709 761 apostolice
732 679 818 743 sedis
841 678 991 740 habuerit
1013 688 1047 740 et
1069 698 1108 740 ea
1122 679 1222 758 gratis
1243 689 1276 741 et
1297 679 1422 759 absque
1438 677 1547 758 aliqua
1562 680 1723 759 pravitate
1737 679 1835 742 vobis
1849 679 1991 742 voluerit

318 767 481 843 exhibere,
505 768 649 848 alioquin
665 770 760 831 liceat
774 769 878 840 vobis,
902 766 1106 841 catholicum,
1131 787 1370 848 quemcumque
1390 766 1575 842 malueritis,
1600 768 1690 830 adire
1712 769 1901 844 antistitem,
1933 770 1988 849 qui

319 858 477 932 nimirum,
502 868 613 919 nostra
636 857 732 920 sultus
756 858 956 933 auctoritate,
979 856 1069 936 quod
1092 855 1283 937 postulatur,
1307 857 1482 938 indulgeat
1513 855 1600 919 Sane
1616 857 1782 920 novalium
1795 868 1988 932 vestrorum,

318 966 382 1027 que
411 948 551 1027 propriis
581 947 731 1009 manibus
754 957 810 1008 aut
832 945 1017 1027 sumptibus
1041 945 1158 1022 colitis,
1189 965 1246 1008 seu
1279 946 1320 1008 de
1350 946 1554 1008 nutrimentis
1583 956 1765 1009 vestrorum
1797 947 1989 1010 animalium

319 1035 422 1098 nullus
452 1056 472 1097 a
501 1035 596 1098 vobis
627 1036 771 1098 decimas
802 1043 968 1118 presumat
999 1034 1137 1116 exigere.
1190 1035 1340 1098 Preterea
1372 1035 1468 1098 liceat
1497 1035 1607 1111 vobiS,
1643 1035 1795 1112 clericoS,
1827 1056 1845 1098 e
1875 1036 1989 1100 seculo

319 1125 486 1206 fugientes,
510 1125 561 1187 vel
585 1125 694 1201 laicos,
718 1125 838 1188 liberos
862 1132 895 1186 et
910 1124 1089 1203 absolutos,
1113 1123 1238 1207 absque
1255 1123 1387 1186 alicuius
1404 1124 1663 1187 contradictione
1679 1125 1721 1187 ad
1738 1126 1989 1188 conversionem

318 1215 489 1295 suscipere.
534 1215 736 1277 Libertatem
760 1214 858 1276 etiam
881 1213 976 1276 vobis
1000 1213 1219 1286 concedimus,
1250 1222 1285 1276 ut
1308 1212 1406 1275 nichil
1429 1213 1525 1288 aliud,
1552 1233 1650 1296 quam
1674 1214 1754 1277 duas
1785 1214 1886 1278 libras
1913 1235 1990 1277 cere

318 1303 411 1365 annis
448 1303 581 1384 singulis
611 1304 844 1366 Beneventano
882 1301 1131 1384 archiepiscopo
1162 1302 1288 1365 solvere
1326 1302 1578 1384 compellamini.
1631 1302 1839 1378 Adicientes,
1880 1313 1915 1366 ut
1947 1303 1990 1366 de

319 1390 431 1454 labore
454 1411 608 1454 manuum
631 1403 810 1455 vestrarum
831 1393 954 1454 victum
978 1411 1111 1472 querere
1139 1391 1295 1454 debeatis.
1341 1392 1554 1454 Decernimus
1578 1411 1665 1474 erg0,
1690 1401 1725 1454 ut
1748 1392 1827 1455 nulli
1850 1393 1990 1455 omnino

318 1479 486 1543 hominum
510 1481 613 1556 liceat,
637 1483 780 1563 prefatas
803 1481 955 1543 ecclesias
980 1530 985 1542 .
1010 1525 1017 1540 .
1042 1527 1049 1541 .
1073 1480 1184 1543 usibus
1206 1481 1383 1563 profutura,
1407 1480 1497 1543 salva
1519 1482 1669 1544 nimirum
1693 1480 1780 1545 sedis
1804 1483 1991 1563 apostolice

319 1570 518 1633 auctoritate.
564 1571 598 1634 Si
623 1592 688 1652 qua
711 1573 807 1652 igitur
831 1620 837 1633 .
863 1620 868 1631 .
894 1619 900 1632 .
924 1571 1098 1633 subiaceat.
1144 1569 1276 1633 Cunctis
1304 1580 1413 1635 autem
1438 1620 1443 1633 .
1469 1620 1476 1634 .
1501 1620 1507 1632 .
1531 1571 1706 1634 inveniant.
1752 1569 1873 1635 Amen.
1897 1571 1989 1633 A·m.

318 1657 438 1721 Amen.
463 1695 506 1704 -

531 1745 587 1828 (R)
610 1749 683 1829 Ego
706 1749 871 1812 Adrianus
895 1747 1055 1834 catholice
1079 1747 1215 1811 ecclesie
1238 1749 1413 1830 episcopus
1435 1768 1476 1810 ss.
1500 1747 1565 1827 (M)

529 1837 549 1918 †
573 1837 645 1918 Ego
669 1838 778 1902 Guido
802 1837 964 1920 presbiter
985 1838 1158 1900 cardinalis
1181 1839 1229 1900 tit.
1252 1839 1354 1900 sancti
1378 1837 1552 1919 Grisogoni
1577 1859 1618 1901 ss,

530 1921 550 2007 †
574 1927 647 2007 Ego
671 1927 842 1990 Hubaldus
866 1927 1028 2008 presbiter
1049 1927 1221 1990 cardinalis
1241 1927 1289 1989 tit.
1314 1938 1426 1990 sancte
1448 1927 1605 1991 Praxedis
1627 1947 1668 1990 ss

530 2011 550 2096 'r
574 2016 646 2096 Ego
669 2016 766 2079 lulius
789 2016 949 2098 presbiter
972 2016 1144 2079 cardinalis
1164 2017 1214 2078 tit.
1238 2017 1340 2079 sancti
1365 2015 1509 2079 Marcelli
1533 2037 1574 2079 ss.
1598 2011 1644 2101 (3)

529 2103 550 2182 †
569 2104 642 2186 Ego
654 2105 815 2168 lohannes
827 2115 1012 2168 sanctorum
1023 2104 1177 2168 Iohannis
1187 2115 1220 2168 et
1226 2106 1342 2184 P(auli)
1354 2106 1516 2186 presbiter
1526 2106 1698 2169 cardinalis
1710 2107 1758 2169 tit.
1767 2107 1936 2170 Pamachii
1947 2129 1991 2170 ss

528 2225 573 2237 -
595 2189 615 2274 l
639 2193 712 2275 Ego
736 2195 812 2258 Odo
837 2195 992 2256 diaconus
1015 2195 1188 2258 cardinalis
1211 2195 1314 2257 sancti
1338 2194 1471 2275 Georgii
1494 2195 1536 2257 ad
1559 2195 1678 2258 Velum
1701 2191 1843 2281 aurdfum
1867 2217 1908 2258 ss.

530 2281 551 2360 †
573 2281 646 2363 Ego
670 2283 779 2346 Guido
803 2284 960 2346 diaconus
983 2283 1156 2346 cardinalis
1178 2293 1291 2346 sancte
1313 2283 1417 2347 Marie
1439 2285 1472 2344 in
1496 2284 1625 2346 Porticu
1647 2305 1688 2347 ss.

529 2371 550 2449 †
573 2371 645 2453 Ego
669 2373 830 2435 lohannes
854 2373 1010 2434 diaconus
1033 2373 1206 2437 cardinalis
1228 2381 1415 2436 sanctorum
1437 2371 1542 2455 Sergii
1566 2382 1600 2436 et
1621 2372 1722 2436 Bachi
1746 2394 1786 2436 ss.
1810 2367 1857 2457 (4)

477 2460 552 2522 Dat.
568 2461 754 2538 Beneventi,
779 2482 838 2544 per
853 2481 985 2524 manum
1001 2462 1152 2537 Rolandi,
1176 2472 1286 2549 sancte
1302 2463 1452 2525 Romane
1476 2462 1611 2550 ecclesie
1627 2463 1797 2544 presbiteri
1814 2462 1991 2526 cardinalis

319 2556 352 2608 et
382 2549 572 2610 cancellarii.
618 2563 707 2612 xvnl
728 2551 781 2614 Kl.
806 2551 918 2613 Madii.
971 2551 1153 2614 Indictione
1179 2567 1239 2614 1111.
1292 2551 1526 2614 lncarnationis
1554 2551 1718 2615 dominice
1748 2572 1836 2614 anno
1867 2563 1991 2615 MCLVI.

318 2635 529 2700 Pontificatus
551 2658 628 2700 vero
654 2639 764 2702 domni
788 2639 946 2702 ADRIANI
969 2641 1028 2702 ΡΡ.
1053 2657 1103 2701 1111
1126 2661 1212 2703 anno
1235 2640 1389 2703 secundo.

481 2753 522 2799 Or.
543 2751 664 2816 (Pergam.
684 2753 711 2802 di
731 2751 806 2800 Curia
823 2754 876 2800 eccl.
898 2753 916 2801 I
918 2762 934 2816 J,
953 2753 986 2800 im
1005 2753 1119 2802 Arrhivr'o
1136 2753 1163 2802 di
1179 2753 1247 2802 Staio
1263 2769 1293 2801 su
1312 2754 1409 2817 Neapd.

479 2823 547 2888 Perg.
572 2823 632 2882 irat,
656 2825 690 2873 br.
711 2826 798 2884 0,l›'25,
822 2825 883 2889 long
899 2827 968 2884 0,t›‘2,
994 2831 1067 2873 unten
1086 2827 1165 2884 0‚026
1184 2825 1372 2891 umgcscllagen,
1399 2825 1511 2876 durch?
1533 2826 1623 2875 delrer
1634 2826 1696 2894 giug
1713 2826 1749 2875 die
1768 2826 1874 2884 Schnrrr,
1901 2825 1991 2874 welche

319 2894 363 2943 mit
380 2894 432 2942 dem
451 2895 506 2944 Blei
519 2897 635 2945 verloren.
673 2896 780 2960 Fallung
796 2896 840 2944 der
856 2897 952 2945 h’ullcn.
991 2895 1086 2960 Schrss
1101 2897 1141 2946 des
1158 2895 1338 2961 Hauptko'rpm
1355 2897 1495 2947 verblictm.
1532 2898 1667 2963 Ringkreus
1685 2899 1741 2946 und
1759 2897 1926 2962 Umersclm'ft
1941 2913 1991 2945 von

315 2966 419 3031 gleicher
435 2967 517 3026 Dinte,
539 2967 675 3031 Umsclmst
682 2967 757 3031 fehlt.
790 2968 917 3032 Datinmg
931 2983 986 3016 vom
1005 2967 1302 3032 Inruprkerprrsclrm'ler,
1326 2967 1350 3018 R
1369 2969 1478 3018 Rolands
1499 2969 1572 3020 dorin
1596 2970 1777 3038 nackgetragm.
1814 2969 1863 3020 Die
1882 2969 1991 3034 burgen-

318 3039 404 3100 firmm
422 3037 512 3092 riilrren
527 3038 705 3108 grussremheils
721 3054 768 3092 von
786 3039 829 3091 der
845 3038 981 3092 niimliclrm
999 3039 1079 3094 Hand
1092 3041 1147 3094 mid
1162 3039 1237 3094 Dirrte
1253 3040 1304 3092 ter.

1058 3373 1123 3448 Nr.
1139 3377 1242 3449 ⁸163.

319 3507 476 3571 Hadrian
494 3505 516 3570 I
522 3502 710 3589 Vbeslc'ilrgt
722 3505 794 3570 dem
812 3504 965 3586 Bisclrofe
977 3503 1166 3658 Obertlpoorl:
1184 3505 1339 3674 C¹r)emona
1353 3505 1408 3568 die
1421 3505 1655 3570 Besitztlriimer
1668 3503 1736 3569 und
1749 3505 1868 3568 Rachle
1883 3505 1992 3569 sciner

1098 3616 1144 3658 irc
1168 3618 1186 3658 e
1235 3645 1242 3658 .

931 3731 1014 3792 1156
1030 3729 1106 3793 Mai·
1121 3733 1169 3794 11.
1205 3730 1372 3794 Benevent.

478 3864 643 3926 Adrianus
665 3865 849 3946 episcopus,
882 3885 992 3926 servus
1015 3884 1181 3926 servorum
1205 3865 1265 3940 dei,
1294 3865 1474 3928 ‘venerabili
1498 3864 1585 3927 fratri
1609 3864 1745 3939 Obert0,
1775 3860 1987 3926 Cremonensi

320 3955 479 4036 episcopo
497 3951 536 4037 ²),
574 3965 673 4034 atque
710 3953 951 4016 successoribus
987 3955 1145 4016 canonice
1174 3954 1415 4029 substituendis,
1447 3966 1485 4014 IN
1507 3965 1584 4016 PPM.
1607 3987 1651 3998 -
1674 3951 1870 4033 Apostolice
1902 3949 1990 4012 sedis

321 4045 495 4106 auctoritas
519 4053 552 4105 et
575 4041 715 4127 fraterne
740 4043 881 4104 caritatis
905 4044 981 4105 unio
1004 4063 1066 4105 nos
1088 4043 1235 4106 hortatur
1257 4054 1290 4106 et
1313 4052 1489 4118 ammonet,
1520 4042 1634 4105 fratres
1658 4051 1786 4104 nostros
1810 4041 1989 4121 episcopos

322 4132 434 4194 debita
464 4132 598 4194 caritate
628 4132 762 4212 diligere
792 4143 824 4193 et
856 4151 968 4194 eorum
1000 4132 1090 4194 iustis
1122 4131 1396 4214 postulationibus
1428 4133 1606 4214 benignum
1643 4130 1779 4213 prebere
1810 4147 1989 4192 assensum.

321 4220 514 4302 Eapropter‚
546 4221 741 4282 venerabilis
773 4220 805 4281 in
833 4220 961 4283 Christo
993 4220 1105 4296 frater,
1136 4221 1262 4285 Oberte
1291 4221 1463 4303 episcope,
1496 4223 1558 4284 tuis
1589 4221 1680 4283 iustis
1711 4216 1989 4302 postulationibus

321 4317 449 4391 gratum
480 4310 701 4391 impertientes
733 4329 908 4385 assensum,
941 4310 983 4372 ad
1013 4319 1205 4391 perpetuam
1235 4319 1347 4372 sancte
1376 4309 1603 4374 Cremonensis
1634 4307 1769 4394 ecclesie
1798 4307 1987 4369 firmitatem

322 4400 546 4481 possessiones
575 4409 608 4460 et
638 4398 728 4460 bona
759 4399 882 4474 omnia,
915 4419 978 4479 que
1010 4399 1042 4460 in
1073 4400 1307 4480 presentiamm
1338 4399 1454 4462 eadem
1484 4399 1622 4485 ecclesia
1653 4399 1735 4460 iuste
1766 4405 1799 4459 et
1830 4396 1989 4458 canonice

322 4488 470 4570 possidet
493 4508 549 4550 seu
581 4487 614 4548 in
645 4487 795 4560 futurum,
825 4488 981 4569 largiente
1013 4487 1156 4561 domino,
1187 4488 1423 4551 rationabiliter
1445 4488 1638 4568 acquisierit,
1670 4487 1712 4549 ad
1742 4485 1843 4548 instar
1873 4483 1989 4566 prede·

323 4577 458 4639 cessoris
482 4577 591 4652 nostri,
616 4575 717 4638 felicis
740 4577 896 4639 memorie
919 4596 1006 4658 pape
1021 4577 1121 4639 Lucie
1138 4574 1171 4661 ⁸),
1196 4576 1378 4658 apostolica
1401 4578 1593 4640 auctoritate
1616 4574 1790 4638 firmamus.
1821 4575 1990 4652 Interque

323 4666 434 4728 omnia
450 4664 510 4727 hec
525 4665 666 4746 propriis
681 4665 750 4727 visa
764 4677 838 4728 sunt
854 4665 1040 4728 nominibus
1064 4666 1293 4747 exprimenda:
1325 4667 1481 4747 quicquid
1504 4666 1628 4729 scilicet
1648 4671 1794 4728 curature
1814 4659 1842 4746 ²)
1864 4661 1987 4724 telonei

324 4764 423 4835 atque
455 4755 580 4836 ripatici
612 4765 644 4816 et
676 4755 827 4836 portatici
861 4756 902 4817 de
934 4753 1145 4818 Cremonensi
1170 4757 1301 4818 civitate
1323 4755 1365 4818 ad
1396 4755 1563 4837 publicam
1594 4754 1787 4816 fructionem
1824 4751 1988 4833 pertinuit,

324 4854 391 4906 tam
415 4843 456 4906 de
479 4843 579 4924 ipsius
602 4843 740 4906 civitatis
756 4845 921 4919 comitatu,
946 4864 1044 4925 quam
1061 4845 1102 4906 de
1119 4855 1211 4926 parte
1227 4846 1324 4908 curtis
1339 4841 1499 4928 Sexpilas‚
1523 4863 1665 4906 necnon
1682 4843 1768 4923 ripas
1784 4849 1817 4904 et
1832 4840 1989 4923 piscarias

324 4954 344 4994 a
364 4931 557 5015 Vulpariolo
581 4952 683 5013 usque
706 4933 738 4994 in
763 4943 860 5014 caput
883 4930 981 4995 Adue
1005 4953 1078 4996 cum
1103 4933 1296 4997 molendinis
1320 4943 1354 4996 et
1384 4953 1457 4996 cum
1488 4933 1737 5014 uniuscuiusque
1766 4931 1859 4994 navis
1890 4929 1988 4994 solito

325 5041 431 5096 censu,
463 5021 546 5084 sicut
577 5023 760 5084 continetur
788 5022 819 5082 in
844 5031 1002 5103 precepto
1026 5029 1058 5084 et
1082 5023 1114 5084 in
1138 5023 1267 5085 noticiis
1290 5023 1361 5098 tuis,
1394 5043 1451 5085 seu
1484 5041 1558 5084 cum
1587 5018 1808 5102 persolutione
1840 5019 1988 5082 omnium

324 5112 462 5184 navium,
480 5130 577 5173 causa
592 5111 757 5172 mercandi
774 5109 970 5173 Cremonam
986 5111 1184 5186 adeuntium,
1201 5122 1269 5174 tam
1284 5111 1517 5176 Veneticorum
1534 5129 1632 5191 quam
1649 5119 1830 5172 ceteronrm
1847 5111 1988 5182 navium,

325 5211 454 5263 etcum
477 5211 625 5262 curatura
648 5200 793 5261 omnium
823 5201 1038 5282 negotiorum,
1063 5220 1126 5280 que
1149 5199 1231 5263 fiunt
1254 5201 1286 5262 in
1310 5200 1458 5282 predicta
1480 5199 1559 5282 ripa,
1590 5199 1826 5261 districtionem
1849 5196 1990 5260 civitatis

325 5289 408 5352 infra
431 5299 464 5352 et
487 5299 580 5351 extra
602 5308 661 5370 per
683 5298 707 5348 v
729 5289 939 5352 miliariorum
970 5290 1084 5370 spatia,
1115 5288 1215 5352 altare
1244 5290 1347 5352 sancti
1371 5290 1503 5365 Ymerii‚
1535 5288 1725 5351 canonicam
1755 5297 1789 5350 et
1819 5288 1863 5350 de
1889 5287 1990 5361 terris,

326 5399 407 5466 quas
437 5377 584 5442 canonici
607 5376 692 5440 soliti
723 5387 798 5440 sunt
829 5380 992 5460 suscipere
1022 5377 1063 5441 de
1092 5398 1190 5440 manu
1220 5379 1367 5460 episcopi
1397 5400 1458 5461 per
1486 5377 1685 5452 benefitium,
1716 5395 1829 5456 equos,
1860 5385 1989 5450 tractus,

607 5511 717 5518 .-ss
722 5511 745 5516 .-

484 5575 509 5636 s)
527 5571 619 5621 Lucius
639 5572 679 5621 II:
697 5577 817 5622 curatura.
836 5609 845 5615 .
864 5609 888 5614 -
907 5573 943 5638 ,1)
968 5572 1045 5638 Vergl.
1065 5569 1145 5637 Jaffr',
1164 5573 1221 5636 Reg.
1242 5571 1310 5620 6934
1328 5572 1373 5621 mit
1390 5572 1446 5622 Mai
1457 5573 1489 5621 10
1495 5583 1506 5632 ‚·
1523 5571 1659 5636 Repmoru
1676 5571 1773 5635 dmoni.
1796 5571 1899 5621 Cremon
1919 5578 1946 5636 p.
1959 5572 1991 5619 41

325 5644 371 5694 Nr.
391 5644 449 5694 336.
521 5656 547 5708 2)
572 5645 648 5709 Vergl.
666 5643 725 5693 uber
742 5643 785 5692 iim
803 5642 999 5702 Sanclmunrius,
1018 5643 1094 5692 Series
1111 5643 1269 5707 epuropomm
1291 5642 1482 5694 Cremonensium
1498 5649 1524 5707 p.
1537 5645 1573 5692 80
1584 5659 1619 5709 sq.
1691 5641 1720 5709 3)
1742 5640 1821 5710 Jaffe',
1840 5645 1901 5709 leeg.
1914 5643 1991 5694 60³⁵.

325 5717 415 5770 Aelim
436 5715 684 5788 Gr'r'terbestir'tr'gmgrn
702 5715 728 5768 in
746 5715 940 5775 Sanclrmemr'us,
960 5713 1036 5767 Series
1052 5714 1210 5782 epr'scopomm
1232 5713 1422 5766 Cremonemr'um
1436 5723 1464 5782 p.
1482 5716 1535 5768 2⁴2
1551 5731 1577 5766 u.
1596 5717 1625 5767 Α.
