4090 6358
1697 339 1735 406 75

53 507 160 559 schliisse
178 509 350 568 0,03-0‚05,
368 507 465 566 kereeeeel,
484 505 541 555 weil
555 505 591 554 de'e
608 505 790 555 Wcrlabbre'e'clee
808 505 932 571 eu'c'grlr'clest
948 505 1081 556 vermieden
1099 505 1162 558 sine.
1198 510 1275 556 Amen
1293 509 1342 559 Ne.
1357 505 1419 559 7x¹.
1454 511 1517 558 Rota
1535 509 1582 558 Ne.
1598 512 1620 570 1,
1640 511 1739 562 Durcle·

54 595 141 630 messer
158 581 250 640 0,068,
269 595 316 628 ven
333 579 378 627 der
393 579 475 626 lelcten
494 577 556 626 Zeile
575 580 642 638 0,05,
661 593 709 626 ven
727 578 771 626 der
787 577 868 626 linkere
885 578 967 628 Κακία
980 581 1064 639 0,145,
1079 595 1134 628 vom
1148 578 1328 646 Meeeegramme
1341 582 1427 641 0‚227.
1460 578 1628 646 Moeregramm
1645 583 1738 644 Nm,

53 651 140 703 &nen
166 651 318 711 meeeeere,
346 649 406 699 dreit
422 652 492 710 0,04,
515 649 574 698 loce
601 652 696 708 0,0.59,
725 665 773 698 ven
799 650 842 698 der
858 648 952 699 rechten
969 650 1051 700 Κακία
1070 653 1138 711 0,11.
1175 651 1355 716 Haupteerper,
1383 651 1503 717 Imelre'fl
1524 653 1580 701 und
1606 653 1741 721 Unuclmst

53 725 137 774 wesen
155 724 209 773 eine
225 723 340 772 devellere
356 721 413 770 ee‘e'he
430 721 506 770 Dinee
522 722 577 786 auf,
604 721 742 786 lr'iugkreus
759 721 815 769 und
833 721 996 786 le'eeterseleerft
1012 723 1062 771 ee'ne
1078 721 1147 772 mehr
1162 739 1216 772 erem
1235 725 1372 789 Aeerleusen
1385 724 1496 790 geneeffie.
1534 725 1663 792 Datimng
1684 743 1738 776 vem
1816 771 1822 790 ,

54 795 181 846 Schrader
199 795 239 844 ees
255 794 446 858 chplkirpers,
472 792 577 842 Roberti
594 793 626 841 e'sl
642 793 716 841 darier
734 791 917 858 melgelragen.
953 794 1001 843 Die
1019 794 1198 860 Zetegenfirmen
1220 795 1328 844 sclee'eeen
1351 797 1399 845 elle
1423 811 1471 846 von
1490 795 1594 861 gleicher
1609 797 1690 846 Hand
1708 814 1739 847 ree

54 869 116 926 seire,
142 883 186 916 am
207 866 360 916 dudlielesten
376 867 407 914 ist
424 865 473 913 dies
490 864 526 913 bei
542 864 588 913 den
604 865 685 914 beiden
702 867 783 913 leezten
800 864 927 913 Diakenen
944 866 999 914 und
1014 867 1060 915 den
1077 874 1153 916 ersten
1167 867 1184 916 3
1201 867 1347 933 Presbytern,
1366 885 1407 916 am
1424 868 1617 934 selbstdnde'gsteee
1634 869 1741 919 Konrae

54 956 100 988 ven
118 938 230 998 Sabina,
249 939 294 987 der
310 937 373 986 crocle
391 937 434 985 der
450 936 731 1001 acerammengedre'e'eklen
744 935 837 1000 Sclen'sl
853 952 882 984 eu
900 936 1025 996 uelleer'lem
1044 941 1124 1002 spdler
1140 940 1178 986 als
1195 939 1239 987 der
1249 939 1347 988 Dialeon
1362 939 1415 988 Oete
1428 939 1578 1006 geseke-ieben
1596 941 1646 990 seire
1663 958 1738 991 meur.

55 1012 121 1060 Dese
143 1010 227 1060 Guido
252 1010 309 1058 und
323 1007 454 1058 Humeaed
475 1023 523 1057 von
553 1007 606 1056 dem
628 1007 737 1073 gleiehen
756 1007 877 1057 Schrader
893 1007 1035 1069 termitem,
1059 1009 1126 1058 eund
1141 1009 1263 1058 bescnders
1286 1010 1349 1060 auch
1368 1011 1478 1060 dadeercle
1496 1011 1612 1072 beeoiesen,
1631 1013 1687 1062 dass
1704 1013 1740 1062 lei

54 1083 133 1134 eciem
152 1083 202 1132 das
218 1082 255 1132 tit.
267 1081 341 1146 fehlt.
378 1080 426 1130 Die
445 1079 584 1140 Qreerlim'en
607 1080 700 1130 reiclen
724 1079 759 1128 eis
776 1095 810 1128 aee
828 1079 864 1128 die
882 1079 1042 1140 Seelenlim'en,
1066 1082 1102 1146 efl
1127 1081 1232 1130 desider
1254 1097 1306 1148 weg
1324 1082 1425 1148 gehend,
1449 1090 1523 1133 meten
1547 1083 1620 1134 heren
1645 1084 1677 1135 sie
1700 1085 1738 1135 ein

55 1155 184 1206 mittes
203 1154 279 1206 Seeck
294 1169 341 1203 ver
357 1152 410 1202 dene
429 1152 524 1202 Datum
542 1152 596 1217 eres,
607 1153 662 1218 fiir
677 1152 722 1202 des
739 1151 807 1200 dcem
824 1151 912 1201 wieder
928 1153 978 1201 eine
996 1153 1072 1219 ee'gm
1088 1152 1160 1202 Linie
1172 1169 1273 1219 gecogen
1289 1154 1381 1204 wurdt.

815 1437 881 1512 Nr.
913 1441 975 1512 73.

55 1565 168 1650 Eugen
192 1561 260 1628 III
276 1559 404 1646 befielelt
425 1559 487 1624 den
511 1557 658 1624 Konsuln
681 1581 746 1624 voce
769 1559 862 1641 Lodi,
884 1560 959 1625 dem
977 1559 1107 1624 Kloster
1126 1557 1245 1625 Ceredo
1266 1565 1292 1642 Ι)
1316 1561 1377 1644 (D.
1392 1562 1493 1640 Lodi)
1516 1563 1578 1627 das
1593 1561 1736 1644 Schrift-

54 1655 141 1722 stie'cle
170 1649 409 1736 auscule‘efeen,
440 1650 577 1714 welches
605 1651 639 1713 e'n
665 1651 727 1714 der
749 1648 946 1714 Stree‘tsaelee
973 1651 1134 1714 ewiscleen
1164 1651 1287 1715 diesem
1309 1652 1380 1715 eceed
1406 1652 1479 1716 dem
1502 1651 1652 1733 Be‘scleesc
1675 1674 1736 1718 von

331 1741 416 1805 Lode'
435 1740 579 1805 erlasseee
601 1740 674 1804 und
693 1761 766 1803 vom
789 1739 908 1824 Papstc
932 1741 1051 1804 Lucius
1067 1741 1112 1805 II
1129 1739 1255 1806 kasse'et
1276 1742 1408 1806 worden
1424 1743 1464 1820 ¹).

705 1859 790 1920 1146
804 1855 908 1940 April
920 1859 951 1920 8.
985 1853 1088 1922 Sutre'.

213 1993 381 2075 Eugenius
412 1993 597 2074 episcopus,
630 2012 741 2055 servus
773 2012 941 2056 servorum
965 1992 1027 2069 dei,
1059 1991 1247 2056 consulibus
1277 1993 1506 2058 Laudensibus
1535 1991 1673 2055 salutem
1705 2001 1738 2057 et

57 2083 276 2168 apostolicam
298 2081 574 2146 benedictionem.
621 2081 834 2145 Manifestum
858 2092 916 2158 est,
941 2083 1019 2163 quia
1041 2083 1207 2163 scriptum,
1233 2083 1322 2164 quod
1343 2079 1538 2166 Lauldensis
1561 2083 1737 2164 episcopus

57 2176 114 2239 sub
145 2173 283 2236 nomine
330 2169 525 2254 .R(0ba1di)‚
556 2172 644 2257 bone
675 2172 832 2259 memorie
863 2171 1119 2234 Mediolanensis
1147 2171 1385 2254 archiepiscopi
1403 2168 1437 2257 Ἰ,
1470 2172 1511 2235 de
1535 2191 1641 2247 causa,
1673 2191 1737 2259 que

58 2267 137 2328 inter
167 2264 279 2345 ipsum
310 2271 344 2324 et
374 2260 488 2323 fratres
520 2260 562 2324 de
586 2259 720 2324 Cerreto
740 2255 746 2345 Ι
766 2263 873 2343 agitur
888 2261 925 2339 ⁴),
957 2262 990 2323 in
1022 2261 1266 2343 predecessoris
1297 2263 1410 2339 nostri,
1442 2261 1546 2324 felicis
1579 2261 1737 2350 memorie

57 2374 140 2437 pape
156 2353 264 2428 Lucii,
288 2350 455 2433 presentia
476 2349 621 2432 protulit,
647 2350 689 2413 ab
714 2349 834 2414 eodem
857 2371 946 2432 papa
969 2350 1181 2432 reprobatum
1205 2359 1256 2414 est
1278 2360 1312 2414 et
1331 2360 1504 2414 cassatum.
1550 2349 1649 2414 Unde
1665 2371 1735 2428 nos,

59 2465 95 2506 ne
117 2443 221 2525 ipsius
244 2439 412 2522 reprobati
436 2440 550 2522 scripti
573 2440 749 2503 occasione
772 2440 955 2523 dampnum
978 2440 1114 2522 aliquod
1142 2441 1316 2522 proveniat
1338 2442 1390 2504 vel
1422 2440 1645 2504 controversia
1667 2459 1735 2503 mo·

58 2543 167 2596 veatur
197 2526 441 2614 .L(anfranco),
467 2531 627 2612 episcopo
651 2540 759 2593 vestro
776 2528 809 2612 ⁵),
838 2549 899 2612 per
921 2529 1106 2612 apostolica
1128 2530 1251 2613 scripta
1273 2531 1489 2612 precepimus,
1520 2539 1556 2592 ut
1578 2529 1737 2611 scriptum

60 2624 161 2704 ipsum
186 2620 284 2685 nobis
309 2620 496 2682 remitteret.
541 2619 617 2701 Ipse
639 2639 727 2695 vero,
759 2639 858 2702 super
890 2616 955 2682 hoc
983 2619 1073 2701 apud
1096 2639 1157 2683 nos
1180 2639 1216 2682 se
1240 2639 1409 2697 excusans,
1444 2619 1602 2701 scriptum
1626 2619 1735 2700 ipsum

60 2733 113 2774 vos
142 2721 261 2774 contra
288 2709 493 2772 voluntatem
523 2728 616 2771 suam
646 2709 761 2772 asserit
793 2709 948 2772 detinere.
994 2708 1158 2790 Quocirca
1187 2729 1248 2790 per
1278 2709 1462 2791 apostolica
1483 2709 1579 2772 vobis
1611 2708 1736 2789 scripta

62 2801 250 2864 mandamus
281 2809 380 2880 atque
410 2799 623 2880 precipimus,
656 2799 808 2880 quatinus
839 2799 997 2881 scriptum
1028 2799 1136 2881 ipsum
1167 2797 1251 2862 inira
1273 2813 1348 2862 xxx
1367 2803 1398 2878 Ε)
1432 2799 1517 2874 dies,
1557 2807 1735 2879 postquam

61 2891 220 2972 presentia
250 2889 372 2970 scripta
404 2887 625 2970 susceperitis,
657 2889 747 2950 omni
779 2889 953 2952 occasione
983 2898 1118 2966 remota,
1152 2887 1273 2951 dilecto
1304 2887 1371 2952 filio
1395 2897 1516 2965 nostro,
1549 2887 1663 2951 abbati
1694 2886 1736 2949 de

62 2980 199 3057 Ceneto,
231 2977 284 3041 vel
314 2977 466 3040 iratribus
497 2978 566 3040 eius
596 2976 741 3041 reddatis
772 2978 823 3042 vel
853 2979 950 3043 nobis
972 2977 1209 3042 transmittatis.
1255 2975 1415 3061 Alioquin
1440 2977 1586 3042 omnium
1608 2978 1613 3058 Ι
1634 2977 1735 3040 eccle·

62 3071 174 3134 siarum
196 3068 297 3132 vobis
321 3067 490 3130 introitum
514 3067 747 3130 interdicimus.
772 3103 815 3115 -
837 3068 916 3131 Dat.
941 3066 1048 3144 Sutrii,
1073 3081 1110 3131 vl
1133 3067 1179 3131 Id.
1204 3064 1310 3150 April.

218 3183 262 3232 Or.
281 3181 314 3231 e'm
332 3180 447 3230 Archivr'e
465 3181 492 3229 di
507 3181 574 3230 State
591 3197 621 3229 see
638 3179 761 3230 Maileeed.

216 3255 286 3320 Perg.
306 3253 366 3312 irae„
385 3253 420 3300 br.
441 3255 527 3313 0302,
545 3253 606 3318 lang
617 3254 703 3313 0,146,
722 3260 797 3302 seneen
809 3255 886 3313 0,021
905 3253 1094 3320 umgeselelegen,
1114 3253 1192 3303 durch
1209 3252 1268 3302 eeeei
1283 3252 1376 3302 L'e'cher
1389 3251 1452 3318 gieeg
1467 3251 1505 3302 die
1523 3251 1630 3313 Sckmr,
1648 3252 1736 3302 welche

64 3327 101 3376 m'e
124 3328 176 3378 dem
206 3327 286 3393 Sr'egel
309 3327 426 3375 verinae.
466 3323 577 3392 Felecmg
602 3325 646 3374 der
672 3325 775 3375 Breven.
821 3325 889 3376 Olne
915 3326 1003 3376 Le'm'en
1026 3324 1183 3392 geselen'eben.
1227 3324 1357 3392 Datimeg
1381 3324 1448 3374 well
1471 3339 1527 3374 vem
1549 3323 1672 3375 Schra‘ber
1696 3323 1737 3386 des

64 3400 244 3466 Hereptk'e'rpers.

815 3571 883 3648 Nr.
915 3576 976 3648 74.

65 3697 168 3784 Eugen
184 3699 251 3763 III
269 3698 387 3762 nimmt
406 3697 461 3760 die
483 3695 682 3761 Domkirclce
703 3717 764 3760 von
795 3695 933 3761 Vercellc‘
952 3692 987 3760 e'n
1009 3693 1243 3780 apostoliscleen
1264 3692 1381 3760 Seleute
1402 3693 1473 3759 und
1490 3692 1641 3778 bestdte'gt
1663 3692 1736 3764 e'lere

654 3785 896 3851 Besitztleec'mer
913 3783 984 3850 und
1002 3785 1130 3850 Reclcte.

692 3905 776 3966 1146
790 3901 893 3987 April
903 3904 954 3965 17.
990 3899 1093 3965 Sutre'.

215 4020 383 4102 Eugenius
406 4019 591 4102 episcopus,
615 4041 727 4084 servus
750 4039 916 4083 servorum
939 4019 1002 4095 dei,
1026 4017 1153 4082 dilectis
1169 4017 1243 4082 filiis
1257 4015 1430 4083 Abraham
1451 4018 1733 4101 archipresbitero,

67 4109 200 4175 Henrico
224 4109 397 4193 preposito
420 4128 600 4190 eorumque
624 4109 785 4186 fratribus,
809 4109 1027 4172 Verceilensis
1051 4108 1183 4171 maioris
1207 4108 1343 4198 ecclesie
1367 4108 1542 4186 canonicis,
1570 4116 1639 4172 tam
1662 4130 1733 4191 pre·

68 4202 203 4265 sentibus
234 4219 334 4282 quam
366 4197 488 4274 futuris,
522 4200 680 4263 canonice
712 4198 948 4263 substituendis
971 4211 1009 4263 IN
1032 4210 1110 4260 PPM.
1138 4231 1176 4244 —
1199 4194 1204 4280 Ι
1224 4197 1376 4281 Suscepti
1408 4199 1574 4281 regiminis
1602 4218 1678 4261 cura
1701 4209 1735 4262 et

68 4291 251 4354 auctoritate
267 4287 502 4369 compellimur,
526 4289 662 4371 singulis
685 4289 829 4375 ecclesiis
851 4298 991 4370 paterna
1012 4287 1232 4352 sollicitudine
1255 4287 1428 4370 providere
1444 4297 1485 4364 et,
1501 4309 1543 4350 ne
1558 4309 1734 4370 pravorum

68 4377 227 4443 bominum
249 4378 553 4460 perturbationibus
575 4379 747 4460 agitentur,
771 4378 905 4441 easdem
929 4379 1016 4442 sedis
1039 4377 1222 4466 apostolice
1238 4378 1417 4441 munimine
1433 4373 1630 4462 consoveire.
1670 4379 1733 4441 Ea·

69 4481 200 4552 propter,
226 4466 336 4531 dilecti
360 4467 393 4529 in
418 4466 554 4529 domino
579 4467 644 4544 filii,
668 4469 783 4532 vestris
806 4468 898 4531 iustis
921 4467 1198 4550 postulationibus
1214 4466 1392 4530 clementer
1407 4467 1580 4530 annuimus
1596 4477 1630 4529 et
1644 4467 1734 4532 beati

70 4556 201 4622 EUSEBH
224 4557 406 4645 ecclesiam,
438 4556 470 4617 in
496 4577 561 4638 qua
589 4557 702 4620 divino
732 4558 909 4639 mancipati
934 4558 1011 4621 estis
1040 4557 1211 4638 obsequio,
1241 4557 1511 4638 predecessorum
1540 4566 1735 4633 nostrorum,

70 4647 158 4712 felicis
173 4643 607 4734 memorielINNOOENTnl)
624 4653 658 4710 et
670 4646 859 4712 CELESTINI
873 4645 906 4728 ⁷),
923 4647 1148 4710 Romanorum
1164 4644 1367 4727 pontificum,
1379 4647 1523 4727 vestigiis
1539 4645 1733 4724 inherentes,

71 4737 120 4800 sub
147 4738 237 4802 beati
263 4734 349 4799 Petri
380 4745 413 4798 et
448 4744 560 4798 nostra
591 4737 799 4818 protectione
829 4736 1024 4818 suscipimus
1055 4745 1089 4799 et
1117 4735 1278 4817 presentis
1307 4736 1420 4817 scripti
1450 4736 1622 4818 privilegio
1645 4755 1733 4800 com·

72 4827 228 4891 munimus.
275 4825 473 4899 Statuentes,
504 4834 540 4887 ut
570 4845 794 4908 quascumque
823 4827 1056 4909 possessiones,
1089 4843 1296 4906 quecumque
1318 4824 1409 4888 bona
1440 4825 1473 4888 in
1497 4826 1734 4907 presentiarum

72 4915 141 4980 iuste
162 4926 197 4980 et
219 4916 379 4978 canonice
401 4913 588 4996 possidetis,
621 4923 677 4979 aut
700 4917 733 4978 in
756 4914 901 4978 futurum
924 4915 1137 4978 concessione
1160 4913 1364 4996 pontificum,
1393 4915 1587 4979 liberalitate
1610 4935 1734 4997 regum,

72 5003 229 5087 largitione
251 5005 446 5087 principum,
471 5003 640 5069 oblatione
663 5004 810 5068 fidelium
825 5025 881 5068 seu
898 5005 969 5068 aliis
984 5005 1076 5067 iustis
1091 5004 1207 5080 modis,
1231 5013 1399 5085 prestante
1416 5005 1560 5082 domino,
1584 5003 1735 5087 poteritis

73 5094 204 5177 adipisci,
238 5093 331 5156 firma
360 5094 456 5157 vobis
478 5096 660 5176 vestrisque
692 5094 935 5158 successoribus
965 5103 999 5158 et
1031 5093 1157 5158 illibata
1185 5103 1408 5176 permaneant.
1454 5094 1491 5157 In
1522 5095 1641 5177 quibus
1672 5093 1734 5182 hec

72 5185 199 5267 propriis
230 5183 382 5246 duximus
419 5183 636 5264 exprimenda
664 5185 850 5249 vocabulis:
890 5194 956 5249 tres
985 5194 1096 5266 partes
1127 5183 1224 5247 curtis
1255 5181 1422 5271 Carisiane
1461 5204 1536 5248 cum
1566 5184 1670 5248 fundo
1701 5193 1734 5247 et

73 5271 206 5338 districto
225 5267 255 5356 b)
278 5293 347 5350 su0,
379 5274 525 5338 redditus
556 5283 671 5362 quarte
703 5275 805 5357 partis
835 5273 982 5337 eiusdem
1006 5273 1105 5337 curtis
1126 5272 1188 5337 sub
1212 5292 1312 5336 censu
1334 5273 1574 5355 procurationis
1598 5275 1734 5337 duarum

74 5359 336 5448 quindenarum(!)
359 5363 526 5426 canonicis
554 5364 651 5452 beate
675 5364 777 5452 Marie
801 5363 982 5427 annualiter
1004 5361 1232 5446 persolvendo,
1256 5363 1537 5443 quemadmodum
1560 5383 1580 5427 a
1601 5382 1733 5426 venera·

20 5507 22 5572 i
216 5510 243 5572 a)
259 5505 320 5571 Ares
332 5507 417 5555 Reme
486 5505 514 5572 b)
536 5504 648 5554 odurcle
664 5505 800 5556 Kmeceser
822 5505 1056 5570 meruleegestellt.
1075 5505 1183 5570 -.1)
1204 5501 1269 5553 Oder
1291 5503 1391 5554 Cerrele.
1465 5505 1491 5572 2)
1516 5503 1622 5571 Vepeaei,
1653 5503 1735 5554 Coclite

75 5572 273 5638 12ther
290 5577 343 5642 lp.
364 5579 421 5627 148.
463 5579 541 5643 Vergl.
564 5573 643 5644 Jaffe',
662 5577 867 5642 Reg.6232eceed
881 5576 918 5627 die
933 5575 993 5627 Urk.
1011 5575 1115 5625 vem28
1127 5574 1260 5624 Noumeber
1277 5577 1354 5627 1146.
1427 5577 1455 5642 3)
1474 5577 1575 5637 seced,
1594 5575 1740 5642 Eudeielos

74 5647 239 5712 mMeilend,
252 5651 437 5702 eree-1145.
508 5651 537 5718 4)
561 5649 638 5716 Vergl.
657 5649 694 5698 die
714 5649 775 5698 Urk.
793 5664 848 5698 vem
866 5649 995 5700 December
1012 5647 1086 5708 1143,
1108 5646 1191 5697 Codice
1208 5647 1334 5698 Lmedeme
1350 5647 1398 5713 lp.
1414 5647 1473 5700 146.
1546 5651 1573 5716 5)
1591 5647 1733 5714 latescant,

20 5721 21 5734 ²
75 5715 164 5788 Be'eelos
173 5737 222 5772 ven
240 5721 309 5782 Loci,
330 5719 508 5772 eree-1158.
582 5721 609 5790 6)
632 5717 711 5788 Jeffe‘,
729 5723 788 5788 Reg.
806 5722 883 5774 6862.
965 5719 1403 5790 7)Urk.vcm1Janeeer1144.

1481 5800 1536 5852 ro*
