4126 6356
285 526 304 610 †
327 527 400 610 Ego
424 527 534 592 Guido
559 528 716 591 diaconus
740 526 912 592 cardinalis
935 539 1047 593 sancte
1071 529 1173 594 Marie
1197 532 1228 594 in
1252 529 1382 594 Porticu
1405 553 1445 596 ss.

285 615 304 698 †
331 613 415 702 [Ego
439 617 603 680 lohannes
627 619 784 680 diaconus
807 620 979 682 cardinalis
1002 630 1188 682 sanctorum
1211 620 1315 702 Sergii
1340 617 1386 705 et]
1411 621 1513 684 Bachi
1537 643 1577 684 ss.

284 708 304 785 †
327 708 400 788 Ego
424 709 502 770 Odo
528 708 684 769 diaconus
707 707 879 770 cardinalis
903 710 1004 772 sancti
1028 709 1178 772 Nicholai
1203 710 1235 772 in
1263 730 1390 772 carcere
1414 711 1566 774 Tulliano
1589 733 1630 774 ss
1655 707 1700 794 (7)

231 796 308 858 Dat.
324 796 487 872 Laterani,
512 817 571 877 per
594 816 727 858 manum
742 797 895 871 Rolandi,
918 809 1029 884 sancte
1051 799 1202 884 Romane
1226 799 1361 886 ecclesie
1384 800 1556 880 presbiteri
1574 801 1745 863 cardinalis

66 893 98 946 et
130 885 328 946 cancellarii.
379 899 431 948 vn
460 885 536 948 Idus
567 885 685 947 Martii.
737 886 920 949 Indictione
951 900 985 948 ΙΙ.
1040 887 1276 950 Incarnationis
1307 888 1472 952 dominice
1505 911 1592 952 anno
1623 901 1744 952 MCLIH.

65 973 284 1036 Pontificatus
307 994 386 1036 vero
411 975 523 1036 domni
548 973 715 1037 Anastasii
738 992 789 1035 1111
812 995 867 1056 pp.
892 995 979 1038 anno
1004 993 1023 1036 1.
1047 1011 1091 1020 —

235 1087 279 1136 Or.
298 1087 331 1135 im
349 1087 463 1137 Archiou
484 1088 618 1152 Capitolare
636 1105 665 1138 zu
689 1089 770 1138 Veroli.

234 1159 303 1224 Perg.
323 1161 383 1218 r'lal,
402 1161 438 1210 dr.
459 1163 529 1219 0,67,
547 1161 608 1226 lang
625 1163 710 1220 0‚⁸05,
735 1167 808 1210 unten
828 1161 908 1221 0,036
931 1160 1121 1225 umgcsclrlagen,
1147 1161 1225 1210 durch
1244 1165 1259 1210 2
1280 1161 1371 1210 delur
1391 1162 1452 1228 ging
1472 1163 1509 1211 dic
1533 1163 1637 1222 Schnur,
1663 1163 1747 1211 welche

66 1228 110 1276 nrt'l
137 1228 184 1276 dtr
204 1228 276 1278 Bulle
299 1233 416 1280 verloren.
452 1231 563 1297 Fallung
588 1233 632 1280 der
657 1233 753 1280 Brrllen.
791 1233 846 1280 Das
863 1245 892 1280 ΙΝ
905 1244 960 1280 PPM
979 1232 1022 1279 der
1038 1241 1114 1281 ersten
1133 1231 1195 1282 Zeile
1204 1235 1273 1296 sis'llt
1288 1237 1312 1292 O,
1320 1235 1356 1281 18.
1393 1233 1442 1282 Dic
1460 1236 1476 1282 3
1494 1235 1570 1283 Amen
1594 1251 1657 1300 gana
1684 1235 1748 1283 dicu

66 1303 334 1367 uumnmmgedrdngt,
356 1319 398 1351 um
417 1303 449 1351 sie
466 1304 526 1352 noch
544 1303 569 1351 in
588 1304 632 1351 der
648 1303 710 1352 Zeile
728 1303 907 1368 hinucbm‘ngen.
948 1303 1023 1352 Ueber
1039 1305 1181 1369 Rirgkreuz,
1211 1304 1268 1353 Um-
1286 1305 1342 1352 und
1360 1304 1524 1369 Underschrfft
1541 1307 1618 1354 nicius
1634 1306 1745 1355 Sichms.

67 1373 201 1438 Dulimng
217 1389 273 1422 vom
292 1375 583 1438 Huqttkiirperschrciber.
624 1375 658 1423 Ob
676 1376 720 1424 das
737 1376 760 1424 R
779 1376 887 1424 saiands
905 1375 1086 1440 nackgetragen,
1110 1377 1228 1434 umber,
1248 1377 1285 1424 die
1302 1377 1377 1424 Dinle
1395 1377 1425 1424 ist
1447 1378 1484 1425 die
1497 1378 1593 1441 gleiche.
1636 1378 1684 1426 Von
1702 1377 1747 1426 den

68 1443 164 1507 ngm
193 1445 254 1492 sind
275 1446 321 1493 ulle
347 1462 432 1496 messer
446 1447 477 1512 je
500 1448 543 1495 der
566 1454 624 1495 erstc
644 1445 768 1511 Prtsbyter
794 1447 850 1496 und
863 1447 962 1495 Dialeon
980 1462 1027 1495 von
1049 1448 1086 1495 cin
1104 1449 1160 1496 und
1181 1449 1298 1496 derselben
1319 1447 1463 1512 grr'inlichen
1480 1449 1556 1497 Dieuc
1570 1449 1687 1514 gemacht,
1715 1448 1749 1497 bei

65 1516 143 1573 senem
163 1516 241 1564 rithr!
257 1533 309 1566 rtur
325 1517 343 1575 †
361 1519 418 1582 Ego
439 1518 496 1568 GG.
516 1519 572 1566 arrd
586 1519 630 1566 der
646 1517 734 1580 Schast
751 1519 791 1566 des
809 1534 832 1582 p,
852 1518 887 1567 bei
903 1518 987 1566 diesem
1005 1517 1081 1580 irrrr†
1098 1535 1146 1567 rum
1156 1521 1230 1584 siner
1247 1520 1322 1568 Diale
1339 1519 1389 1568 lucr.
1426 1521 1457 1568 ln
1475 1520 1576 1585 wiesem
1590 1521 1678 1586 gleichc
1695 1520 1751 1568 und

66 1585 234 1636 verschiedcue
252 1588 344 1636 Hdnde
361 1589 438 1654 tlrdtig
450 1605 564 1655 gnuesen,
581 1589 706 1654 ungnuiss.

820 1873 887 1947 Nr.
920 1877 1006 1948 136.

70 1994 273 2059 Anastasius
288 1996 311 2058 I
318 1996 350 2059 V
362 1993 490 2079 befielzlt
510 1994 584 2057 dem
605 1993 759 2074 Bz'sclzofe
773 1995 949 2069 Jacz'ntlms
972 2017 1032 2059 von
1051 1995 1163 2075 Gaetu,
1185 1996 1257 2058 dem
1273 1995 1420 2058 Priester
1443 1994 1587 2058 Valentia
1608 1995 1669 2058 das
1692 1993 1750 2058 Ge-

70 2106 240 2149 nommcne
259 2085 568 2148 aurdckzuerstatten
588 2085 657 2147 und
669 2085 723 2146 die
740 2085 882 2148 Familie
904 2106 963 2148 von
980 2086 1161 2148 Biosavilla
1184 2085 1235 2147 bei
1253 2084 1509 2148 uersclzlossenen
1533 2085 1657 2148 Theren
1676 2105 1750 2148 aum

695 2173 927 2238 Gotlesdz'enste
940 2175 1142 2238 ausulassen.

693 2291 776 2352 1154
791 2288 893 2372 April
904 2293 934 2352 8.
980 2291 1130 2353 Lateran.

239 2403 434 2466 Anastasius
457 2405 641 2486 episcopus,
672 2427 782 2468 servus
805 2427 971 2469 servorum
996 2406 1057 2483 dei,
1086 2405 1263 2468 venerabili
1289 2404 1377 2467 fratri
1400 2403 1429 2487 Ι(
1433 2401 1565 2484 acinto),
1590 2403 1751 2467 Gaietano

73 2495 239 2576 episcopo
258 2495 292 2572 ¹),
316 2492 454 2556 salutem
478 2504 511 2557 et
535 2495 752 2574 apostolicam
775 2495 1050 2559 benedictionem.
1089 2496 1253 2558 Memores
1274 2515 1392 2568 sumus,
1418 2493 1507 2575 quod
1523 2513 1583 2574 per
1598 2493 1752 2556 dilectum

72 2583 176 2645 filium
212 2593 360 2645 nostrum
382 2583 619 2660 R(ainaldum),
653 2583 864 2647 Casinensem
896 2584 1052 2647 abbatem
1069 2585 1110 2666 ²),
1145 2584 1335 2647 fraternitati
1364 2594 1419 2668 tue
1450 2583 1685 2658 mandavimus
1718 2591 1753 2644 ut

74 2693 121 2746 ea,
147 2691 216 2758 que
240 2672 423 2753 presbitero
438 2672 616 2734 Valentino
633 2673 793 2736 violenter
809 2674 987 2749 abstuleris
1013 2675 1137 2755 integre
1153 2673 1215 2736 sibi
1233 2683 1265 2735 et
1282 2673 1407 2753 absque
1423 2671 1573 2733 molestia
1589 2672 1751 2734 redderes.

75 2761 162 2841 Quia
185 2782 268 2823 vero
293 2761 326 2822 id
349 2761 505 2837 nondum,
535 2762 619 2824 sicut
649 2764 851 2844 accepimuS,
883 2764 1000 2825 effectu
1031 2763 1235 2844 mancipasti,
1265 2782 1324 2843 per
1346 2761 1512 2843 presentia
1541 2760 1600 2823 tibi
1632 2762 1754 2843 scripta

75 2851 283 2924 mandamus,
308 2859 467 2931 quatenus
491 2851 715 2932 possessiones
732 2862 765 2914 et
788 2852 885 2928 bona,
911 2873 974 2938 que
998 2852 1156 2933 predium,
1181 2863 1216 2914 ut
1240 2851 1364 2926 diceris
1389 2850 1568 2925 abstulisse,
1592 2850 1654 2912 sibi
1679 2870 1753 2912 curn

74 2941 267 3021 integritate
290 2949 323 3002 et
346 2940 416 3002 sine
441 2940 597 3003 dilatione
621 2943 779 3003 restituas.
825 2942 1041 3003 Postmodum
1063 2961 1151 3017 ver0,
1176 2942 1202 3003 si
1227 2941 1306 3021 quid
1321 2940 1476 3002 adversus
1492 2959 1566 3000 eum
1582 2948 1615 3001 te
1631 2938 1753 3001 habere

74 3029 227 3103 confidis
253 3030 285 3090 in
310 3039 421 3091 nostra
444 3030 616 3109 presentia,
647 3031 736 3111 quod
761 3031 880 3092 iustum
905 3031 1007 3106 luerit,
1039 3031 1163 3112 poteris
1187 3029 1345 3092 obtinere.
1393 3028 1588 3091 Mandamus
1612 3048 1753 3109 quoque,

13 3167 14 3176 ,
75 3129 109 3180 ut
125 3117 165 3181 G.
193 3117 238 3180 de
254 3117 354 3180 Blosa
376 3118 453 3181 villa
476 3126 509 3181 et
532 3139 669 3182 uxorem
693 3129 792 3200 atque
816 3129 954 3181 matrem
977 3121 1045 3182 eius
1070 3121 1101 3181 in
1126 3119 1269 3181 ecclesiis
1293 3119 1339 3180 tui
1363 3119 1581 3199 episcopatus,
1606 3118 1648 3180 ad
1673 3137 1754 3198 quas

13 3245 15 3252 ,
75 3207 279 3282 devenerint,
313 3207 430 3270 clausis
460 3208 565 3270 ianuis
594 3218 627 3270 et
657 3229 832 3290 suppressa
854 3229 936 3271 voce
961 3209 1072 3271 divina
1095 3209 1265 3290 permittas
1289 3207 1400 3269 audire
1424 3205 1541 3268 officia.
1565 3243 1608 3252 -
1630 3207 1755 3269 Datum

74 3297 242 3372 Laterani,
267 3310 303 3358 Vl
326 3297 402 3358 Idus
426 3295 559 3377 Aprilis.

240 3409 366 3475 Abschr'fft
382 3411 423 3459 des
444 3410 500 3460 Cod.
520 3411 565 3460 XL
588 3415 627 3470 11,
646 3411 672 3461 in
691 3412 735 3460 der
752 3412 814 3461 Bibl.
833 3411 968 3460 Barberina
986 3427 1015 3458 zu
1033 3412 1101 3462 Rom.

827 3697 894 3770 Nr.
926 3699 1011 3770 137.

78 3828 276 3893 Anastasius
289 3827 348 3892 IV
358 3830 475 3892 nimmt
489 3828 550 3891 das
568 3825 803 3980 Klosterdlczznto
812 3827 943 3979 Susago
958 3825 1088 3979 dlqlrea
1105 3827 1138 3890 z'n
1154 3825 1382 3910 apostolz’sclzen
1397 3825 1513 3891 Sclcutz
1528 3825 1597 3889 und
1609 3824 1758 3906 bestdtzgt

711 3939 721 3979 2
748 3938 780 3979 m
795 3918 882 3980 scine
926 3914 1020 3980 esitat
1041 3923 1140 3980 rimer.

699 4034 782 4094 1154
798 4031 899 4115 April
918 4035 967 4095 16.
1008 4033 1156 4094 Lateran.

241 4148 438 4211 Anastasius
478 4149 670 4230 episcopus,
710 4169 821 4212 servus
851 4168 1017 4211 servorum
1049 4149 1117 4224 dei,
1159 4148 1278 4210 dilecto
1310 4147 1377 4210 filio
1410 4146 1605 4223 Ambrosi0,
1643 4147 1755 4210 abbati

82 4238 272 4299 monasterii
296 4239 400 4300 sancti
421 4236 590 4319 Stephani,
616 4237 706 4319 quod
730 4239 762 4299 in
786 4236 943 4300 suburbio
967 4238 1186 4319 Iporediensis
1206 4239 1234 4315 ει)
1258 4237 1397 4298 civitatis
1420 4237 1518 4300 situm
1541 4245 1598 4311 est,
1623 4238 1757 4316 eiusque

82 4326 323 4390 successoribus
353 4327 541 4407 regulariter
564 4326 806 4402 substituendis
830 4339 868 4388 IN
891 4340 967 4388 PPM.
992 4362 1035 4371 -
1056 4328 1060 4408 Ι
1081 4322 1246 4406 Quoniam
1276 4327 1346 4387 sine
1368 4346 1444 4388 vere
1476 4326 1563 4388 cultu
1593 4326 1757 4407 religionis

83 4435 140 4477 nec
173 4416 322 4478 caritatis
351 4417 457 4478 unitas
493 4426 604 4497 potest
639 4415 813 4479 subsistere
833 4414 861 4492 b)
901 4436 962 4477 nec
994 4417 1056 4478 deo
1089 4425 1217 4495 gratum
1248 4415 1371 4477 exiberi
1409 4415 1590 4490 servitium,
1622 4416 1758 4496 expedit

84 4504 270 4584 apostolice
302 4505 503 4580 auctoritati,
537 4506 705 4586 religiosos
739 4505 872 4586 diligere
893 4502 897 4589 Ι
918 4515 952 4566 et
974 4524 1086 4566 eorum
1110 4505 1183 4567 loca
1210 4524 1271 4585 pro
1301 4515 1413 4566 sancte
1439 4505 1589 4566 Romane
1622 4505 1757 4566 ecclesie

84 4595 263 4656 munimine
276 4593 454 4657 defensare.
480 4595 626 4675 Dignum
642 4615 785 4674 namque
801 4604 834 4655 et
849 4592 1012 4656 honestati
1030 4595 1228 4655 conveniens
1244 4613 1314 4654 esse
1332 4594 1518 4669 dinoscitur,
1535 4600 1578 4668 ut,
1596 4593 1650 4674 qui
1667 4593 1709 4654 ad
1729 4593 1757 4674 ε)

85 4682 295 4746 ecclesiarum
313 4685 456 4764 regimen
474 4684 631 4765 assumpti
654 4703 774 4759 sumus,
798 4703 853 4744 eas
876 4692 908 4744 et
932 4703 951 4744 a
975 4702 1148 4764 pravorum
1173 4681 1318 4762 nequitia
1341 4692 1490 4745 tueamur
1513 4693 1545 4744 et
1567 4682 1655 4745 beati
1671 4683 1757 4744 Petri

85 4772 219 4854 eiusque
243 4772 426 4853 apostolice
448 4773 535 4835 sedis
559 4773 742 4853 patrocinio
771 4772 962 4834 muniamus.
1009 4773 1201 4853 Eapropter‚
1236 4771 1353 4833 dilecte
1386 4772 1418 4833 in
1451 4772 1585 4833 domino
1610 4771 1663 4846 fili,
1695 4772 1758 4833 tuis

86 4860 172 4923 iustis
205 4861 482 4942 postulationibus
515 4862 692 4924 clementer
722 4861 893 4923 annuimus
917 4871 949 4922 et
973 4860 1134 4941 prefatum
1166 4860 1416 4936 monasterium,
1447 4861 1497 4921 cui
1531 4870 1662 4922 auctore
1694 4861 1757 4923 deo

86 4969 215 5028 preesse
239 4950 427 5025 dinosceris
452 4951 494 5013 ad
511 4945 703 5034 exempllar]
727 4950 967 5030 predecessoris
990 4951 1101 5025 nostri,
1127 4949 1228 5011 felicis
1251 4951 1407 5011 memorie
1423 4948 1552 5011 Nlcolai
1576 4969 1664 5031 pape
1679 4963 1705 5012 ΙΙ
1722 4948 1758 5033 ⁸),

86 5038 143 5100 sub
175 5041 268 5102 beati
291 5039 376 5100 Petri
409 5049 441 5101 et
472 5048 584 5102 nostra
615 5040 822 5120 protectione
845 5040 1038 5120 suscipimus
1070 5049 1102 5100 et
1134 5039 1293 5118 presentis
1325 5039 1435 5120 scripti
1467 5038 1638 5119 privilegio
1671 5058 1757 5100 com-

87 5129 257 5190 munimus
304 5127 500 5204 Statuentes‚
524 5139 559 5190 ut
583 5147 805 5209 quascumque
829 5129 1062 5209 possessiones
1088 5146 1292 5208 quecumque
1312 5127 1402 5190 bona
1423 5128 1510 5189 idem
1527 5128 1757 5189 monasterium

87 5215 115 5276 in
145 5218 386 5298 presentiarum
424 5218 507 5279 iuste
540 5226 573 5279 et
603 5218 761 5280 canonice
792 5216 941 5298 possidet
971 5227 1025 5278 aut
1055 5217 1087 5278 in
1121 5215 1262 5278 futurum
1293 5219 1504 5279 concessione
1543 5212 1757 5299 pontificulm,

86 5301 270 5390 largiti]one
294 5325 406 5387 regum
428 5306 480 5368 vel
504 5307 697 5387 principum,
727 5305 895 5368 oblatione
919 5305 1063 5368 fidelium
1086 5326 1143 5368 seu
1167 5305 1237 5367 aliis
1268 5305 1359 5368 iustis
1388 5307 1495 5369 modis
1520 5306 1583 5368 deo
1614 5306 1758 5388 propitio

86 5396 207 5473 poterit
238 5395 384 5476 adipisci,
416 5394 510 5457 firma
533 5395 592 5457 tibi
612 5394 641 5474 cl)
665 5396 793 5475 tuisque
817 5395 1057 5457 successoribus
1088 5401 1121 5456 et
1152 5394 1277 5457 illibata
1300 5406 1521 5476 permaneant.
1568 5396 1603 5457 In
1629 5391 1759 5479 [quibus

246 5557 271 5615 a)
294 5551 341 5601 Or:
361 5552 515 5617 Ypopiensis
575 5553 601 5616 b)
621 5554 664 5602 der
680 5553 927 5618 Verbindrmgsbalken
945 5567 992 5601 uon
1010 5559 1032 5601 st
1046 5552 1104 5617 gelet
1120 5553 1187 5602 nidd
1202 5569 1256 5602 vom
1275 5554 1370 5613 aarum,
1389 5555 1491 5603 scudem
1510 5569 1564 5603 vom
1584 5560 1660 5602 ersten
1677 5569 1688 5602 s
1706 5569 1758 5612 auus,

86 5637 108 5671 es
124 5623 217 5672 scheinr
233 5623 348 5672 demnuch
360 5631 382 5672 st
390 5623 538 5688 geschrieben
556 5625 612 5673 und
626 5628 705 5688 spriter
717 5625 784 5674 ubsis
796 5625 945 5690 cirgelragen
964 5641 993 5672 au
1004 5623 1053 5672 sein
1125 5631 1149 5684 c)
1169 5626 1228 5688 quia
1300 5626 1326 5690 d)
1346 5627 1423 5675 duuor
1434 5628 1523 5675 Rancr.
1544 5661 1593 5668 -Α
1615 5625 1651 5689 ,1)
1673 5625 1760 5690 Jecin-

86 5693 148 5754 lituu,
177 5695 281 5758 Birthas
300 5711 347 5743 von
377 5697 465 5758 Gaetu,
493 5711 539 5745 vor
563 5700 699 5745 rma—c,
728 5699 802 5745 1153.
913 5708 937 5758 2)
965 5696 1025 5745 War
1046 5696 1151 5758 augleiclr
1177 5696 1400 5761 Kardirudpriester
1427 5698 1470 5747 der
1502 5695 1633 5746 rdmischm
1656 5695 1758 5747 Kirclu.

13 5759 14 5762 ¹
87 5769 113 5828 3)
134 5763 214 5832 Jaerffr',
233 5769 290 5832 Reg.
311 5768 385 5816 33r4.
428 5767 470 5817 Or.
493 5767 579 5826 (Sauro
598 5769 704 5830 Stefana,
725 5767 805 5816 Mimo
826 5771 837 5814 l
857 5768 903 5817 Nr.
923 5771 950 5830 6)
970 5769 1002 5816 itu
1020 5767 1135 5816 Archr'vio
1153 5768 1180 5815 di
1197 5768 1263 5816 Staio
1282 5786 1310 5817 eu
1333 5770 1418 5820 Turia⁸

140 5875 162 5902 s.
178 5863 469 5912 rrrngk-rrurrsung,
484 5864 542 5903 Actu
556 5865 597 5904 111.
1518 5861 1548 5908 ¹9
