4126 6356
315 323 377 392 ¹30

313 521 377 582 que
399 498 638 562 successoribus
661 498 754 560 annis
769 496 903 578 singulis
919 496 1121 579 persolvetis.
1160 495 1195 560 Si
1212 495 1283 576 quis
1303 504 1422 568 autem,
1446 486 1581 561 delereti
1596 487 1689 551 huius
1705 495 1821 549 tenore
1837 484 1987 566 cognito,

312 601 434 652 temere
458 587 618 650 contraire
641 587 858 668 temptaverit,
883 587 944 649 nisi
968 587 1031 648 deo
1056 595 1089 649 et
1112 585 1248 673 ecclesie
1271 581 1423 646 fratribus
1438 578 1639 652 satisfecerit,
1669 575 1908 657 omnipotentis
1934 574 1988 635 dei

312 689 345 742 et
367 678 456 741 beati
479 677 573 749 Petri,
597 674 821 757 apostolorum
845 675 1010 757 principis,
1035 674 1259 756 indignatione
1282 673 1443 754 plectatur
1461 671 1500 748 a),

523 761 579 935 SR)
603 765 676 846 Ego
700 765 893 828 Anastasius
916 763 1077 850 catholice
1100 763 1237 849 ecclesie
1261 761 1436 843 episcopus
1459 779 1499 821 ss.
1524 756 1586 838 (M)

567 855 641 934 Ego
664 855 764 934 Hugo
788 855 972 916 Hostiensis
995 854 1171 935 episcopus
1193 873 1234 914 ss.
1257 847 1297 936 (c.
1322 849 1355 933 8)

523 977 568 988 -
590 944 611 1020 †
633 943 707 1024 Ego
731 942 1010 1024 GG.(Gregorius)
1034 943 1197 1024 presbiter
1219 939 1391 1004 cardinalis
1414 937 1462 999 tit.
1487 935 1605 999 Calixti
1630 954 1671 996 ss.
1695 929 1747 1015 (1)

524 1033 545 1109 †
567 1032 641 1112 Ego
664 1031 838 1094 Hubaldus
861 1033 1022 1113 presbiter
1045 1031 1216 1094 cardinalis
1239 1031 1288 1092 tit.
1312 1035 1425 1091 sancte
1447 1025 1604 1087 Praxedis
1626 1043 1667 1086 ss.
1689 1016 1766 1104 (¹lr)

524 1120 544 1201 †
567 1121 640 1201 Ego
663 1120 761 1183 lulius
783 1121 945 1201 presbiter
967 1121 1139 1184 cardinalis
1161 1121 1210 1182 tit.
1233 1117 1336 1181 sancti
1361 1114 1505 1178 Marcelli
1529 1134 1569 1176 ss.

525 1205 545 1290 †
568 1210 641 1290 Ego
654 1210 816 1273 Iohannes
827 1211 987 1291 presbiter
999 1209 1171 1272 cardinalis
1183 1218 1369 1272 sanctorum
1380 1204 1533 1267 Iohannis
1543 1201 1699 1279 etP(auli)
1708 1200 1757 1262 tit.
1766 1197 1938 1260 Pamachii
1947 1215 1988 1258 ss.

525 1294 546 1379 †
569 1299 642 1379 Ego
667 1298 839 1361 Hubaldus
862 1299 1022 1380 presbiter
1045 1298 1218 1361 cardinalis
1240 1298 1289 1359 tit.
1313 1304 1425 1381 sancte
1448 1292 1560 1356 Crucis
1583 1292 1616 1355 in
1639 1288 1813 1353 Ierusalem
1836 1307 1877 1350 ss.

525 1388 546 1464 †
568 1387 642 1468 Ego
666 1387 775 1451 Guido
799 1388 961 1469 presbiter
983 1388 1156 1450 cardinalis
1179 1387 1226 1450 tit
1249 1385 1391 1448 Pastoris
1414 1403 1454 1445 ss.

526 1475 546 1555 †
569 1477 642 1556 Ego
666 1474 823 1539 Astaldus
847 1478 1007 1558 presbiter
1030 1476 1202 1539 cardinalis
1224 1475 1272 1538 tit.
1296 1483 1408 1536 sancte
1430 1471 1537 1556 Prisce
1560 1489 1600 1531 ss.
1910 1551 1918 1564 0

527 1565 548 1643 †
570 1565 643 1645 Ego
666 1565 828 1628 lohannes
850 1566 1010 1648 presbiter
1032 1565 1204 1629 cardinalis
1225 1565 1273 1626 tit.
1292 1559 1323 1645 b)
1346 1570 1533 1625 sanctorum
1556 1556 1702 1622 Silvestri
1729 1565 1763 1618 et
1785 1552 1920 1615 Martini
1944 1569 1989 1611 ss.

528 1689 571 1698 -
594 1653 614 1734 †
636 1654 709 1735 Ego
733 1654 834 1717 Oddo
859 1655 1015 1718 diaconus
1038 1654 1210 1718 cardinalis
1233 1653 1337 1715 sancti
1361 1649 1494 1730 Georgii
1519 1648 1561 1710 ad
1582 1645 1703 1709 Velum
1727 1662 1860 1706 aureum
1882 1661 1926 1704 ss.

528 1743 548 1824 †
571 1743 644 1823 Ego
668 1742 777 1807 Guido
801 1744 959 1807 diaconus
982 1745 1155 1808 cardinalis
1177 1752 1289 1805 sancte
1313 1740 1415 1804 Marie
1439 1739 1472 1801 in
1495 1736 1622 1801 Porticu
1646 1755 1686 1797 ss.
1710 1731 1751 1816 (c.
1774 1728 1810 1811 4)

528 1832 549 1912 †
571 1831 644 1912 Ego
669 1832 746 1896 Odo
770 1832 927 1896 diaconus
951 1833 1121 1897 cardinalis
1144 1833 1247 1895 sancti
1270 1828 1422 1893 Nicholai
1446 1828 1479 1890 in
1502 1845 1630 1890 carcere
1651 1823 1804 1886 Tulliano
1827 1840 1870 1882 ss.

476 1923 553 1983 Dat.
577 1921 739 1994 Laterani,
762 1941 821 2002 per
843 1942 975 1985 manum
991 1923 1146 1999 Rolandi,
1169 1931 1282 1984 sancte
1295 1921 1446 1981 Romane
1469 1915 1605 1979 ecclesie
1621 1912 1790 1995 presbiteri
1812 1906 1991 1972 cardinalis

318 2018 351 2071 et
381 2009 570 2072 cancellarii.
623 2023 672 2072 vu
702 2010 749 2072 ld.
781 2012 861 2074 Dec.
915 2011 1098 2075 Indictione
1118 2009 1146 2094 c)
1176 2024 1211 2073 11.
1263 2007 1498 2072 lncarnationis
1536 2003 1700 2068 dominice
1737 2020 1824 2063 anno
1866 2007 1992 2058 Manl.

317 2097 530 2162 Pontificatus
552 2119 631 2161 vero
654 2099 768 2161 domni
791 2100 958 2163 Anastasii
981 2118 1033 2162 tur
1056 2122 1111 2183 pp.
1136 2119 1223 2163 anno
1246 2099 1362 2180 prim0.
1385 2129 1430 2142 -

481 2213 523 2263 Or.
542 2211 683 2278 (Gemanica
701 2213 728 2262 di
747 2213 817 2272 Colle,
837 2213 905 2263 1153
922 2215 979 2263 Dic.
998 2217 1034 2274 ll,
1052 2214 1086 2264 im
1102 2213 1216 2264 Arcler‘vr'o
1233 2211 1260 2261 di
1277 2212 1343 2261 Staio
1360 2225 1390 2258 zu
1407 2207 1513 2258 Florem,

479 2284 547 2351 Pcrg.
567 2285 626 2344 irat,
645 2285 681 2334 br.
700 2287 751 2344 0,6,
775 2286 836 2351 lang
852 2287 940 2345 0,70⁵,
961 2293 1036 2336 unlen
1054 2287 1134 2346 0,028
1152 2283 1340 2349 umgcsclelagcn,
1365 2280 1443 2330 durch
1460 2279 1518 2329 rwei
1533 2277 1626 2328 Llclrer
1639 2277 1701 2343 ging
1718 2275 1755 2324 dic
1773 2274 1879 2333 Schemr,
1902 2270 1993 2320 welche

318 2354 363 2403 mit
387 2355 440 2404 dem
467 2356 522 2405 Blci
543 2358 658 2406 verlem
702 2356 812 2422 Fallung
833 2356 876 2405 der
902 2357 999 2407 Bullcn.
1036 2358 1083 2406 Dic
1115 2357 1269 2422 Verewigrnrg
1292 2355 1336 2404 der
1357 2359 1433 2402 ersten
1460 2351 1521 2401 Zeile
1540 2351 1609 2415 fillll
1625 2349 1712 2408 0,168,
1739 2346 1832 2411 Sclmfl
1856 2345 1896 2393 der
1923 2344 1993 2392 Kon-

317 2427 402 2490 scn'pls
418 2428 445 2476 in
462 2428 507 2476 dm
532 2428 626 2476 Wcrlen
642 2427 709 2476 slark
733 2429 992 2494 uesammcngedrdngt.
1027 2431 1126 2478 Daret
1146 2444 1194 2476 voce
1211 2428 1333 2492 plectatur
1357 2425 1388 2474 ist
1403 2425 1480 2484 0,067
1505 2421 1666 2472 nucinam
1683 2433 1782 2485 genogm
1805 2417 1862 2466 und
1877 2414 1991 2464 dadcvck

319 2498 357 2547 dic
375 2497 437 2546 Zcilc
454 2515 508 2548 zum
526 2499 666 2549 Absellusse
680 2499 801 2565 gebracht.
834 2502 912 2549 Amen
921 2501 1016 2566 felrlen.
1054 2501 1092 2550 Im
1110 2499 1258 2565 Ringkreuze
1275 2499 1306 2547 r'sl
1322 2498 1366 2547 der
1383 2495 1470 2560 Schasl
1486 2509 1537 2544 nur
1553 2493 1610 2541 kall
1619 2492 1701 2557 serlig
1713 2488 1831 2556 gemacht,
1856 2489 1894 2536 die
1913 2488 1991 2536 Dr'nle

319 2571 438 2635 wasrmg,
462 2571 507 2619 aare
530 2570 608 2620 wcder
624 2572 651 2620 in
672 2571 731 2620 Um·
755 2571 814 2620 noch
836 2571 1005 2637 Unlcrsclen'sl,
1036 2573 1073 2622 die
1093 2587 1141 2620 von
1160 2571 1264 2637 gleicher
1281 2569 1361 2618 Hand
1379 2567 1513 2618 tannem
1536 2565 1645 2614 emm.
1682 2563 1738 2612 Das
1754 2562 1778 2610 R
1794 2561 1851 2609 rard
1871 2558 1992 2608 vr'elleitlrl

318 2642 381 2690 auclr
404 2641 449 2690 dar
467 2656 482 2690 o
501 2643 610 2692 Rolands
625 2643 652 2692 in
669 2643 713 2690 der
729 2643 858 2708 Dalieung
880 2643 988 2694 sclecinen
1010 2641 1175 2708 nacklrc'r'glich
1199 2643 1349 2707 eingclragen
1366 2656 1396 2688 uu
1413 2639 1470 2698 sein,
1496 2653 1544 2686 ven
1562 2635 1687 2686 Anastasii
1705 2651 1739 2682 an
1762 2633 1800 2682 die
1823 2633 1902 2681 Worle
1922 2629 1991 2678 renel

319 2713 479 2762 menander
491 2729 598 2780 gmgm,
616 2729 658 2762 um
678 2713 714 2762 die
733 2713 794 2763 Zeile
811 2731 841 2763 au
851 2715 947 2780 sullcn.
983 2716 1034 2765 Ein
1057 2715 1127 2764 Tlm'l
1140 2714 1184 2763 der
1201 2713 1380 2778 Zeugmfiemen
1397 2711 1475 2760 richer
1490 2725 1538 2758 von
1551 2707 1656 2774 gleicher
1672 2705 1757 2764 Hand,
1776 2721 1818 2753 ane
1835 2703 1991 2752 urrvcrknm·

317 2785 411 2834 larslen
429 2785 466 2834 dle
486 2785 608 2851 Resbylcr
623 2783 728 2834 Hubalcl
742 2785 780 2848 (S.
802 2786 905 2852 Crucis),
927 2787 1006 2838 Guido
1023 2787 1079 2836 med
1093 2786 1217 2844 Astaldus,
1241 2785 1304 2834 arech
1322 2782 1426 2832 Halald
1440 2781 1477 2843 (S.
1498 2780 1624 2845 anede's)
1648 2777 1704 2826 und
1722 2777 1811 2842 Julius
1829 2777 1924 2826 n'llem
1942 2789 1991 2823 von

318 2856 358 2905 lltr
373 2856 423 2917 her,
442 2857 562 2908 wlhcenl
577 2857 616 2906 die
633 2857 687 2907 deci
701 2857 830 2908 Diakonen
839 2859 869 2923 jc
886 2875 934 2908 von
951 2859 1025 2910 cirum
1043 2859 1148 2908 anderen
1166 2857 1289 2907 Sckcer'ber
1305 2853 1450 2922 aeesgfic'lrt
1466 2851 1575 2902 wurden.

1061 3168 1128 3246 Nr.
1159 3173 1244 3244 123.

319 3301 514 3366 Anastasius
529 3299 715 3367 IVm'mmt
736 3301 799 3365 das
823 3299 953 3366 Kloster
973 3301 1073 3366 Santo
1097 3301 1233 3382 Stefana
1255 3301 1295 3364 eli
1308 3299 1449 3383 Bologna
1472 3299 1506 3362 c'n
1525 3294 1759 3380 aposloliscltcn
1781 3291 1899 3356 Schutz
1922 3288 1996 3354 und

893 3391 1042 3475 bestetlzgl
1061 3393 1148 3456 scine
1171 3390 1413 3454 Berilzllu'e'mcr.

899 3511 983 3572 1153
1001 3507 1176 3572 December
1192 3510 1221 3571 7.
1253 3507 1405 3570 Lateran.

479 3640 673 3706 Anastasius
685 3641 868 3723 episcopus
884 3663 995 3706 servus
1010 3662 1177 3706 servorum
1190 3643 1251 3718 dei,
1269 3642 1395 3704 dilectis
1412 3641 1484 3703 filiis
1501 3639 1647 3715 Giberto,
1670 3636 1782 3702 abbati
1799 3631 1993 3696 monasterii

320 3729 423 3792 sancti
456 3727 615 3810 Stephani
645 3729 878 3806 BononiensiS,
911 3733 1001 3813 quod
1019 3727 1051 3814 d)
1073 3741 1210 3795 vocatur
1226 3731 1258 3813 d)
1289 3730 1462 3793 Ierusalem
1480 3729 1522 3808 ¹),
1556 3729 1689 3809 eiusque
1722 3725 1891 3798 fratribuS,
1925 3731 1995 3784 tam

320 3817 526 3901 presentibus
550 3838 648 3899 quam
672 3818 794 3896 suturis,
818 3821 997 3902 regularem
1019 3821 1120 3883 vitam
1144 3820 1307 3902 professis
1330 3831 1369 3880 IN
1384 3830 1461 3880 PPM.
1484 3851 1528 3864 -
1548 3814 1553 3901 l
1574 3817 1735 3898 Quotiens
1755 3812 1836 3877 illud
1852 3833 1873 3874 a
1894 3811 1997 3874 nobis

320 3908 450 3989 petitur,
483 3907 573 3988 quod
604 3908 753 3990 religioni
776 3919 809 3971 et
839 3911 980 3973 onestati
1012 3911 1186 3972 convenire
1209 3909 1396 3984 dinoscitur,
1430 3907 1540 3970 animo
1571 3926 1633 3969 nos
1656 3906 1751 3968 decet
1776 3902 1891 3966 libenti
1917 3920 1995 3962 con·

321 3997 437 4059 cedere
468 4006 501 4059 et
530 3998 712 4078 petentium
743 3997 911 4061 desideriis
939 4019 1116 4080 congruum
1144 3998 1301 4080 impertiri
1325 4017 1528 4060 consensum.
1574 3996 1768 4076 Eapropter,
1789 3989 1794 4076 Ι
1815 3991 1927 4054 dilecti
1961 3989 1996 4051 in

322 4086 457 4148 domino
482 4084 547 4160 filii,
570 4086 685 4148 vestris
709 4086 798 4149 iustis
822 4087 1098 4168 postulationibus
1121 4088 1298 4150 clementer
1312 4085 1490 4162 annuimus
1514 4095 1547 4148 et
1571 4084 1734 4166 prelatum
1749 4079 1995 4152 monasterium,

322 4176 355 4236 in
380 4195 445 4256 quo
470 4175 581 4236 divino
605 4176 783 4256 mancipati
807 4177 882 4239 estis
905 4175 1074 4257 obsequio,
1098 4177 1159 4239 sub
1183 4175 1270 4239 beati
1285 4176 1370 4239 Petri
1390 4184 1424 4239 et
1439 4184 1551 4238 nostra
1571 4174 1777 4256 protectione
1797 4170 1997 4250 suscipimus

323 4272 356 4326 et
385 4263 544 4344 presentis
574 4264 686 4344 scripti
716 4263 882 4346 privilegio
913 4266 1160 4328 communimus.
1211 4262 1406 4340 Statuentes
1438 4276 1474 4327 ut
1504 4283 1726 4345 quascumque
1757 4259 1996 4342 possessiones,

323 4372 529 4433 quecumque
551 4352 641 4414 bona
662 4351 749 4415 idem
772 4356 1005 4417 monasterium
1028 4355 1061 4416 in
1084 4356 1321 4436 presentiarum
1342 4354 1424 4417 iuste
1455 4363 1487 4417 et
1516 4353 1673 4417 canonice
1704 4351 1852 4433 possidet
1881 4357 1938 4410 aut
1961 4348 1995 4408 in

324 4441 466 4504 futurum
489 4441 700 4504 concessione
729 4442 930 4523 pontificum,
961 4442 1130 4525 largitione
1153 4463 1265 4524 regum
1287 4443 1338 4506 vel
1362 4441 1553 4524 principum,
1579 4443 1747 4505 oblatione
1769 4438 1914 4502 fidelium
1937 4455 1996 4498 seu

324 4529 392 4592 aliis
416 4531 507 4592 iustis
530 4530 645 4606 modis,
669 4541 836 4612 prestante
859 4533 1003 4607 domino,
1028 4535 1150 4614 poterit
1165 4533 1311 4614 adipisci,
1335 4531 1429 4595 firma
1443 4532 1537 4596 vobis
1551 4533 1732 4612 vestrisque
1752 4526 1996 4592 successoribus

324 4629 357 4682 et
372 4619 498 4682 illibata
521 4631 743 4699 permaneant.
787 4622 824 4684 In
848 4621 966 4703 quibus
982 4620 1043 4684 hec
1058 4621 1198 4703 propriis
1214 4622 1366 4684 duximus
1382 4622 1597 4704 exprimenda
1612 4619 1797 4683 vocabulis:
1822 4616 1995 4680 ecclesiam

324 4709 428 4770 sancti
445 4707 605 4788 Stephani
621 4710 653 4771 in
671 4709 822 4772 Claterna
845 4730 919 4773 cum
941 4710 1086 4791 hospitio
1111 4721 1144 4772 et
1160 4710 1312 4773 omnibus
1327 4710 1432 4788 rebus,
1456 4712 1498 4773 ad
1518 4713 1546 4792 e)
1570 4713 1676 4792 ipsam
1695 4707 1724 4791 s)
1747 4704 1995 4789 pertinentibus

325 4807 358 4860 et
381 4797 590 4859 medietatem
613 4798 839 4862 decimationis
862 4799 962 4881 ipsius
983 4800 1100 4880 plebis,
1131 4798 1285 4863 ecclesias
1308 4800 1410 4862 sancti
1432 4802 1599 4865 Laurentii
1623 4810 1656 4863 et
1685 4808 1798 4862 sancte
1821 4797 1926 4882 Marie
1955 4795 1997 4856 de

327 4893 435 4947 castro
466 4885 669 4967 Varegnane,
700 4886 871 4951 ecclesiam
898 4890 1002 4951 sancti
1026 4887 1178 4951 Damiani
1202 4907 1265 4975 que
1296 4896 1347 4950 est
1375 4890 1455 4954 infra
1485 4900 1610 4954 curtem
1634 4887 1792 4961 Casalicli,
1822 4885 1996 4950 ecclesiam

325 4974 426 5036 sancti
449 4972 602 5036 Iohannis
626 4977 658 5038 in
683 4974 845 5054 Galisano,
877 4978 1051 5040 ecclesiam
1081 4978 1184 5040 sancti
1208 4977 1344 5065 Andree
1375 4980 1417 5043 de
1442 4978 1556 5063 Capite
1578 4979 1651 5052 vici,
1682 4976 1852 5040 ecclesiam
1883 4981 1996 5037 sancte

326 5063 431 5148 Marie
452 5064 496 5126 de
519 5061 674 5139 Elerario,
701 5065 873 5129 ecclesiam
897 5069 999 5129 sancti
1022 5065 1178 5129 Iohannis
1200 5068 1243 5129 de
1265 5065 1350 5130 valle
1372 5068 1517 5144 Lambri,
1547 5068 1719 5131 ecclesiam
1742 5067 1846 5129 sancti
1872 5062 1995 5128 Miliani

249 5160 252 5169 '
326 5153 369 5214 de
391 5151 497 5228 Russi,
522 5152 690 5217 ecclesiam
713 5164 824 5240 sancte
848 5156 951 5219 Marie
974 5156 1016 5217 de
1040 5155 1175 5229 Caselle,
1199 5156 1371 5219 ecclesiam
1394 5167 1581 5221 sanctorum
1604 5154 1757 5220 Iohannis
1781 5163 1815 5218 et
1838 5153 1931 5216 Pauli
1953 5153 1996 5214 de

220 5280 230 5336 1-
327 5242 458 5314 Panteo,
482 5239 633 5304 ecclesias
656 5245 759 5305 sancti
775 5243 928 5306 Iohannis
951 5252 985 5307 et
1006 5252 1120 5307 sancte
1136 5243 1240 5332 Marie
1262 5246 1306 5307 de
1322 5245 1536 5324 Cadaniusco,
1560 5246 1714 5311 ecclesias
1733 5245 1837 5308 sancti
1852 5241 1996 5307 Victoris

328 5337 361 5393 et
383 5330 486 5392 sancti
507 5330 594 5394 Petri
616 5332 659 5394 de
682 5330 885 5409 Vitaliacula,
908 5334 1081 5396 ecclesiam
1105 5335 1209 5397 sancti
1228 5333 1345 5399 Vitalis
1368 5337 1411 5400 de
1436 5335 1617 5401 Granarulo
1635 5331 1674 5418 s),
1698 5333 1869 5398 ecclesiam
1893 5332 1996 5395 sancti

486 5525 511 5588 a)
531 5524 562 5574 ln
585 5525 629 5574 der
660 5525 812 5592 Verlr'nelung
837 5529 877 5578 des
893 5535 918 5577 ct
942 5529 1066 5579 thellwn'se
1091 5531 1176 5579 Rasur
1280 5529 1307 5598 b)
1335 5529 1537 5596 ilbergcscln'eben
1643 5532 1667 5596 c)
1692 5529 1817 5580 therlwn'se
1843 5530 1898 5594 aces
1915 5531 1998 5577 Rasin

329 5595 357 5660 d)
374 5596 426 5661 auf
439 5598 524 5645 Rarur
606 5595 631 5661 e)
649 5595 773 5647 llcc'lweise
789 5599 841 5663 ares
854 5602 938 5650 Rasur
1026 5601 1046 5668 s)
1064 5602 1108 5650 wic
1125 5617 1144 5662 c,
1162 5602 1243 5665 ipsum
1331 5603 1359 5670 g)
1377 5603 1435 5652 oder
1451 5603 1602 5656 Granartilo.
1621 5639 1674 5647 .-
1694 5603 1729 5668 .1)
1748 5601 1838 5651 Aban'a
1853 5599 1996 5666 paeuchc'aler

319 5667 429 5732 fundata
448 5669 480 5716 da
498 5667 525 5718 S.
540 5667 655 5717 Pelrcnr'o.
697 5669 835 5735 Coppelletti
851 5670 898 5720 III
906 5679 932 5735 p.
952 5675 1011 5723 674.
