4090 6358
1694 347 1735 438 63

62 545 220 627 percepte
244 541 467 626 protectionis,
491 565 551 628 per
574 541 717 628 singulos
741 539 835 610 locos
858 541 1027 610 denarium
1052 567 1150 610 unum
1173 541 1329 610 Lucensis
1353 553 1487 610 monete
1509 545 1540 608 in
1564 545 1737 608 festivitate

60 634 234 698 beatorum
258 634 486 715 apostolorum
509 637 596 698 Petri
620 645 653 698 et
669 636 760 698 Pauli
784 637 879 700 nobis
895 639 1080 718 nostrisque
1100 635 1126 721 Β)
1150 636 1393 700 successoribus
1408 637 1501 700 annis
1517 634 1650 717 singulis
1666 654 1737 717 per·

60 723 238 787 solvendis
285 720 319 785 Si
336 726 408 805 quis
425 731 543 798 autem,
566 725 659 788 huius
677 735 787 788 nostre
805 728 1044 790 constitutionis
1068 726 1218 808 paginam
1243 726 1354 802 sciens,
1379 734 1492 788 contra
1517 745 1589 788 earn
1614 732 1737 788 temere

60 815 174 876 venire
188 815 407 895 temptaverit,
423 815 570 877 secundo
586 816 725 878 tertiove
742 817 967 891 commonitus,
987 815 1013 877 si
1029 837 1095 878 non
1111 815 1330 877 satisfactione
1346 834 1491 897 congrua
1507 813 1737 888 emendaverit,

61 905 236 985 potestatis
264 901 466 984 honorisque
498 905 546 966 sui
579 905 738 985 dignitate
771 914 882 967 careat
911 925 1069 985 reumque
1099 925 1134 967 se
1158 904 1269 967 divino
1293 904 1411 967 iudicio
1436 906 1577 966 existere
1600 904 1642 965 de
1666 922 1737 984 per-

60 999 191 1073 petrata
219 991 389 1071 iniquitate
425 1001 622 1075 cognoscat,
663 1001 695 1057 et
728 1015 747 1056 a
776 995 995 1057 sacratissimo
1028 1014 1168 1076 corpore
1199 1014 1236 1056 ac
1266 995 1423 1075 sanguine
1454 993 1507 1055 dei
1539 1000 1572 1055 et
1602 992 1737 1064 domini,

61 1080 281 1163 redemptoris
305 1081 407 1143 nostri
430 1081 503 1144 lesu
528 1081 656 1158 Christi,
680 1082 802 1146 alienus
826 1083 891 1160 fiat,
922 1092 1020 1164 atque
1045 1086 1077 1146 in
1101 1092 1250 1145 extremo
1276 1083 1425 1146 examine
1453 1082 1600 1145 districte
1623 1080 1736 1143 ultioni

60 1171 238 1233 subiaceat.
285 1169 419 1234 Cunctis
449 1180 569 1247 autern,
603 1173 712 1236 eidem
745 1173 820 1235 loco
851 1173 934 1235 iusta
965 1173 1183 1247 servantibus,
1214 1173 1256 1234 sit
1288 1192 1355 1254 pax
1387 1171 1509 1234 domini
1540 1171 1641 1233 nostri
1663 1168 1736 1232 Iesu

61 1257 192 1335 Christi,
222 1259 373 1338 quatinus
404 1260 511 1323 ethic
543 1262 682 1325 fructum
713 1261 800 1324 bone
830 1263 963 1325 actionis
987 1264 1171 1345 percipiant
1201 1269 1234 1323 et
1266 1262 1353 1343 apud
1385 1260 1564 1323 districtum
1596 1260 1736 1323 iudicem

60 1350 210 1430 (premia)
234 1357 346 1411 eterne
371 1351 461 1430 pacis
486 1352 658 1414 inveniant.
704 1349 823 1413 Amen.
847 1351 965 1415 Amen.
989 1351 1108 1414 Amen.

276 1439 336 1515 (R)
362 1438 435 1520 Ego
458 1439 577 1503 Lucius
602 1439 762 1503 catholice
786 1440 924 1504 ecclesie
948 1443 1125 1524 episcopus
1148 1460 1189 1501 ss
1214 1439 1281 1517 (M)

220 1526 344 1590 Datum
356 1527 516 1604 Laterani,
533 1549 592 1612 per
608 1550 722 1592 manus
737 1531 883 1606 Batonis,
898 1540 1010 1594 sancte
1026 1529 1176 1592 Romane
1193 1528 1329 1591 ecclesie
1344 1528 1547 1591 subdiaconi.
1577 1525 1653 1589 Idus
1668 1524 1737 1588 No·

59 1615 214 1680 vembris.
236 1615 420 1681 Indictione
430 1631 488 1681 v11.
511 1620 612 1682 Anno
625 1631 784 1683 MCXLIIII.
817 1619 1029 1683 Pontificatus
1044 1640 1123 1684 vero
1140 1620 1253 1682 domni
1269 1618 1362 1681 Lucii
1378 1632 1403 1680 11
1420 1637 1512 1700 pape
1523 1636 1609 1678 anno
1622 1616 1737 1698 primo.

225 1731 389 1799 Tramrmnpt
404 1749 459 1782 vom
480 1733 562 1799 Jahn
580 1735 647 1784 1266
665 1735 698 1784 im
716 1734 830 1784 Archiuio
852 1735 982 1784 Comumle
1000 1751 1030 1783 su
1052 1731 1114 1783 citit
1132 1733 1159 1782 di
1179 1734 1285 1782 Castalio.

815 2035 882 2110 Nr.
915 2039 976 2111 62.

61 2169 181 2232 Lucius
193 2168 240 2231 II
250 2168 400 2251 bestitigi
414 2167 487 2232 dem
504 2167 717 2248 Erabisciiofe
732 2168 843 2252 Lupus
857 2190 921 2231 von
937 2166 1090 2231 Brindisi
1103 2167 1158 2231 die
1173 2163 1409 2232 Besi‘tztlu'imer
1422 2166 1492 2229 und
1504 2165 1621 2230 Recite
1635 2165 1738 2230 seinis

608 2255 809 2339 Hoclistiftes
824 2259 887 2322 mit
898 2257 972 2322 dem
988 2254 1131 2322 Pallziim
1149 2259 1160 2296 ¹
1156 2259 1187 2343 ).

661 2392 745 2454 1145
768 2391 903 2466 Januar
916 2393 948 2453 2.
986 2389 1136 2453 lateran.

218 2523 338 2587 Lucius
354 2526 539 2608 episcopus
562 2544 674 2587 servus
697 2545 865 2590 servorum
889 2526 952 2599 dei,
975 2523 1151 2588 venerabili
1174 2522 1263 2587 fratri
1278 2523 1386 2607 Lupo,
1409 2524 1617 2586 Brundusino
1634 2521 1731 2587 archi·

61 2614 231 2696 episcopo,
261 2615 396 2694 eiusque
419 2613 673 2691 successoribus,
705 2615 860 2684 canonice
891 2616 1135 2689 substituendis,
1165 2613 1196 2676 in
1229 2622 1435 2697 perpetuum.
1483 2611 1536 2676 Ex
1558 2614 1736 2676 commisso

61 2703 151 2766 nobis
173 2724 194 2766 a
218 2704 283 2766 deo
307 2703 513 2786 apostolatus
537 2703 649 2767 officio
674 2703 827 2767 fratribus
850 2705 978 2779 nostrie,
1001 2712 1068 2766 tam
1085 2705 1191 2766 vicine
1214 2723 1312 2783 quarn
1335 2704 1433 2785 longe
1449 2704 1576 2785 positia,
1599 2709 1736 2784 paterna

61 2813 117 2855 nos
149 2792 304 2856 convenit
335 2793 524 2875 provisione
554 2792 724 2856 consulere
754 2814 792 2857 ac
823 2793 978 2869 ecclesiis,
1010 2795 1040 2854 in
1074 2792 1192 2875 quibus
1223 2792 1356 2856 domino
1386 2791 1525 2855 militare
1550 2800 1735 2868 noscuntur,

61 2875 149 2945 suam
183 2883 340 2945 iustitiam
373 2901 575 2958 conservare,
604 2890 640 2944 ut
670 2883 960 2963 quemadmodum,
991 2882 1188 2964 disponente
1218 2882 1363 2956 domino,
1395 2889 1505 2964 patres
1528 2900 1683 2943 vocamur
1704 2881 1736 2943 in

61 2971 198 3046 nomine,
223 2973 269 3034 ita
292 2969 501 3034 nihilominus
527 2972 782 3053 comprobemur
804 2973 836 3034 in
860 2991 971 3054 opere.
1017 2972 1096 3035 Tuis
1119 2971 1224 3053 igitur,
1249 2971 1413 3034 carissime
1433 2971 1465 3033 in
1482 2969 1612 3033 Christo
1636 2969 1736 3033 frater

61 3059 165 3142 Lupe,
197 3079 297 3140 quem
328 3081 388 3142 per
417 3061 472 3124 dei
503 3062 641 3142 gratiam
675 3063 816 3144 propriis
846 3069 1014 3140 tamquam
1045 3060 1133 3123 beati
1156 3060 1241 3124 Petri
1262 3060 1412 3124 manibus
1436 3061 1469 3123 in
1491 3059 1735 3123 Brundusinum

60 3149 342 3232 archiepiscopum
367 3150 636 3226 consecravimus,
667 3151 818 3232 precibus
847 3157 1035 3225 annuentes,
1068 3151 1110 3212 ad
1134 3157 1328 3232 perpetuam
1359 3157 1491 3212 sanctae
1512 3149 1736 3212 Brundusinae

61 3237 225 3314 ecclesiae,
249 3239 300 3301 cui
315 3240 380 3302 deo
404 3247 537 3302 auctore
561 3241 738 3321 praesides
762 3259 878 3322 pacem
902 3260 940 3302 ac
963 3240 1175 3303 stabilitatem
1201 3241 1379 3321 praesentis
1403 3240 1525 3302 decreti
1541 3240 1735 3302 auctoritate

60 3328 229 3402 sancimus
245 3337 281 3390 ut
298 3331 402 3412 ipsam
418 3329 591 3392 Brundusii
615 3328 789 3403 civitatem,
814 3327 927 3392 Oriam
942 3329 975 3410 ⁹),
999 3328 1172 3392 Hostunen
1186 3327 1220 3407 ³),
1245 3328 1442 3410 Carvynium
1455 3328 1493 3410 ⁴),
1517 3327 1735 3408 Misaniam5),

61 3437 131 3480 cum
156 3417 305 3481 ecclesiis
333 3438 452 3494 earum,
483 3424 515 3480 et
547 3425 655 3481 cetera
686 3419 812 3501 oppida
840 3438 898 3481 seu
923 3418 1021 3494 villas,
1054 3438 1135 3498 quas
1165 3419 1207 3480 de
1239 3421 1308 3481 iure
1339 3419 1439 3501 ipsius
1472 3417 1630 3480 ecclesiae
1662 3437 1734 3480 esse

61 3519 245 3584 noscuntur,
270 3520 338 3570 tam
354 3517 398 3584 tu,
424 3529 523 3589 quam
539 3528 743 3571 successores
759 3509 804 3571 tui
829 3509 1010 3590 episcopali
1035 3509 1191 3590 deinceps
1214 3509 1282 3570 iure
1305 3508 1481 3589 disponere
1504 3527 1544 3569 ac
1566 3507 1736 3588 possidere

62 3597 312 3679 inperpetuum
337 3598 493 3661 debeatis
538 3598 710 3660 Praeterea
738 3617 961 3679 quascumque
984 3599 1218 3679 possessiones,
1252 3617 1478 3678 quaecumque
1505 3596 1596 3659 bona
1619 3597 1734 3660 eadem

61 3687 196 3750 ecclesia
220 3687 253 3748 in
277 3687 534 3768 praesentiarum
558 3687 641 3750 iuste
664 3697 697 3750 et
720 3687 878 3750 canonice
907 3688 1064 3768 possidet,
1098 3697 1153 3750 aut
1183 3688 1215 3749 in
1247 3686 1388 3749 futurum
1419 3686 1591 3767 largitione
1621 3705 1735 3766 regum

61 3776 108 3837 vel
138 3776 337 3858 principum,
369 3775 538 3838 oblatione
567 3775 713 3838 fidelium
743 3797 800 3838 seu
830 3777 901 3838 aliis
931 3777 1021 3839 iustis
1046 3776 1154 3838 modis
1178 3776 1241 3838 deo
1265 3776 1410 3857 propitio
1434 3775 1556 3857 poterit
1587 3774 1733 3855 adipisci,

62 3864 150 3928 firma
173 3864 234 3927 tibi
260 3865 389 3945 tuisque
412 3865 653 3928 successoribus
676 3875 709 3928 et
732 3864 857 3927 illibata
872 3876 1096 3946 permaneant.
1136 3865 1171 3926 In
1189 3865 1307 3946 quibus
1327 3864 1409 3926 haec
1424 3864 1566 3946 propriis
1583 3863 1734 3927 duximus

62 3954 277 4036 exprimenda
299 3954 481 4017 vocabulis:
513 3953 657 4016 decimas
681 3955 867 4017 reddituum
900 3955 1061 4030 omnium,
1093 3975 1175 4035 quas
1206 3975 1248 4016 ex
1278 3954 1409 4016 civitate
1438 3954 1492 4020 vel
1522 3974 1565 4014 ex
1594 3953 1734 4015 civitatis

62 4055 155 4124 portu
185 4043 411 4106 Brundusinus
440 4063 552 4106 comes
581 4044 710 4125 accipit,
746 4045 830 4106 sicut
861 4044 983 4107 nobilis
1015 4043 1193 4106 memoriae
1222 4042 1387 4106 Loflridus
1423 4063 1534 4106 comes
1566 4062 1632 4105 una
1660 4063 1734 4104 cum

62 4154 160 4195 uxore
198 4153 258 4195 sua
289 4132 468 4214 Sikelgaita
507 4153 605 4214 super
642 4133 743 4196 altare
780 4133 868 4195 beati
898 4133 1010 4195 Leucii
1050 4153 1111 4214 per
1147 4132 1352 4214 evangelium
1391 4132 1511 4196 obtulit
1541 4140 1574 4193 et
1611 4131 1734 4213 scripto

62 4220 207 4298 firmavit,
237 4221 489 4302 astipulantibus
513 4221 661 4284 similiter
683 4233 716 4284 et
738 4231 817 4304 post
840 4233 980 4285 mortem
1013 4223 1114 4304 patris
1146 4221 1357 4285 offerentibus
1390 4222 1458 4284 eius
1490 4219 1563 4282 filiis
1585 4219 1733 4284 Roberto

63 4311 188 4387 comite,
214 4309 408 4373 Alexandro
432 4318 464 4373 et
488 4311 670 4374 Tancredo
717 4311 855 4374 Caetera
878 4311 986 4387 etiam,
1011 4331 1096 4391 quae
1118 4311 1150 4373 in
1175 4312 1293 4373 eodem
1317 4311 1501 4374 oblacionis
1525 4311 1734 4392 cyrographo

62 4401 236 4483 supradicti
259 4401 317 4462 viri
341 4400 567 4463 Brundusinae
597 4400 754 4463 ecclesiae
785 4401 868 4462 iuste
892 4421 930 4464 ac
957 4401 1105 4482 legaliter
1126 4409 1316 4476 statuerunt,
1348 4400 1455 4482 ipsam
1485 4419 1564 4460 sane
1587 4399 1735 4463 Brundu-

62 4489 162 4552 sinam
187 4488 359 4552 ecclesiam
383 4510 457 4552 curn
480 4491 637 4552 universis
659 4490 865 4571 appendiciis
887 4491 962 4564 suiS,
995 4491 1130 4553 clericos
1154 4501 1187 4552 et
1210 4489 1401 4552 clericorum
1424 4509 1475 4551 res
1498 4488 1640 4552 libertati
1664 4509 1734 4570 per-

63 4589 177 4660 petuae
201 4599 332 4642 manere
357 4578 569 4642 decernimus.
617 4579 705 4642 Nulli
737 4599 815 4660 ergo
847 4580 982 4642 omnino
1012 4579 1183 4642 hominum
1213 4579 1317 4654 liceat,
1349 4578 1531 4660 praelatam
1562 4577 1734 4640 ecclesiam

62 4679 179 4732 temere
195 4668 386 4750 perturbare
399 4678 454 4731 aut
464 4669 532 4730 eius
547 4668 772 4750 possessiones
788 4668 913 4731 auferre
923 4670 974 4731 vel
991 4669 1118 4732 ablatas
1137 4669 1284 4744 retinere,
1301 4667 1445 4730 minuere
1461 4687 1518 4730 seu
1535 4666 1735 4748 quibuslibet

62 4758 289 4821 vexationibus
313 4756 456 4839 fatigare,
489 4758 548 4820 sed
581 4757 693 4819 omnia
723 4757 851 4839 integra
874 4769 1107 4820 conserventur
1128 4757 1243 4820 vestris
1267 4768 1300 4820 et
1324 4757 1470 4832 aliorum,
1503 4775 1564 4837 pro
1596 4777 1735 4837 quorum

63 4847 302 4928 gubernacione
325 4867 364 4909 ac
387 4847 649 4910 substentatione
672 4867 828 4910 concessa
851 4857 934 4923 sunt,
965 4848 1077 4910 usibus
1099 4846 1300 4910 omnimodis
1323 4845 1501 4928 profutura,
1534 4845 1624 4908 salva
1647 4847 1735 4909 sedis

64 4936 263 5017 apostolicae
286 4936 487 4998 auctoritate.
533 4936 632 4998 Pallei
657 4936 756 4998 etiam
781 4937 975 5017 dignitatem
999 4958 1041 4999 ex
1064 4937 1201 5018 antiquo
1225 4935 1381 4999 ecclesiae
1409 4945 1484 4998 tuae
1509 4955 1601 4998 more
1625 4934 1734 4998 frater-

64 5027 150 5089 nitati
175 5036 252 5088 tuae
275 5044 318 5087 ex
341 5025 544 5106 apostolicae
567 5025 655 5087 sedis
670 5024 866 5089 liberalitate
882 5027 1109 5103 concedimus;
1142 5026 1233 5088 cuius
1248 5025 1308 5088 tibi
1325 5046 1401 5088 usus
1417 5024 1460 5087 ad
1475 5025 1547 5087 sola
1562 5025 1734 5088 missarum

63 5116 229 5177 sollemnia
253 5115 337 5176 intra
360 5115 532 5176 ecclesiam
555 5114 652 5176 licere
675 5115 876 5196 cognoveris,
903 5115 1018 5178 diebus
1041 5125 1167 5178 tantum
1192 5115 1262 5190 illis,
1288 5116 1343 5196 qui
1367 5113 1499 5177 inferius
1523 5122 1733 5190 annotantur;

64 5203 94 5264 id
123 5215 187 5267 est:
228 5205 398 5266 nativitate
431 5203 571 5279 domini,
604 5203 797 5285 epiphania,
828 5205 1087 5267 annunciacione
1119 5205 1260 5279 domini,
1294 5224 1396 5267 caena
1426 5203 1567 5277 domini,
1600 5203 1733 5284 pascha,

64 5295 259 5369 ascensione,
283 5293 506 5374 pentechoste‚
530 5292 637 5368 tribus,
657 5293 747 5356 sestis
770 5304 903 5357 sanctae
920 5295 1052 5370 Mariae,
1076 5295 1179 5356 sancti
1199 5293 1353 5357 Iohannis
1375 5293 1554 5374 Baptistae,
1577 5293 1735 5356 nataliciis

65 5383 296 5463 apostolorum,
326 5382 545 5445 sollemnitate
573 5382 677 5445 sancti
706 5381 831 5460 Leucii,
864 5383 1213 5446 commemmoratione
1245 5382 1393 5445 omnium
1423 5396 1625 5460 sanctorum,
1657 5402 1733 5446 con·

65 5515 247 5526 ᾕ-..ῡ--ψ

218 5579 244 5642 a)
262 5577 400 5642 vestrisque
418 5577 499 5627 nobis.
518 5615 572 5624 ..-
590 5579 627 5646 .1)
645 5580 693 5628 Dic
704 5579 829 5647 Absclm'fi
845 5581 920 5630 dieser
935 5581 1052 5631 Urkunde
1070 5580 1190 5631 verdanke
1207 5579 1246 5629 icit
1263 5581 1315 5629 dem
1327 5578 1412 5630 Herm
1423 5580 1598 5630 Archidiacono
1613 5578 1736 5628 Gt'ovamri

68 5645 228 5698 Tarentini
244 5663 274 5697 ru
286 5648 403 5699 Brindisi.
425 5677 455 5686 -
481 5648 558 5716 Vergl.
572 5651 609 5700 die
624 5651 807 5702 Urhmdevom
825 5654 860 5704 22
872 5653 981 5704 Febrw
994 5653 1068 5702 1122.
1142 5653 1168 5718 2)
1185 5652 1252 5702 Oria.
1326 5653 1353 5718 3)
1375 5651 1469 5702 Ostuni.
1541 5655 1570 5718 4)
1593 5651 1733 5718 Carovigno.

66 5719 89 5786 5)
108 5719 228 5786 insigne.
