4126 6366
208 287 214 298 ’
326 335 390 400 330

326 507 451 572 Parrdulss
468 507 555 556 hiim
572 520 619 554 von
637 503 701 554 ιίηιν
711 503 793 552 Hand
806 501 950 552 audoino
966 501 1108 563 lemrlhren,
1128 499 1166 549 die
1184 515 1233 548 oon
1251 498 1294 548 der
1311 499 1355 548 der
1364 499 1463 563 elbn'gen
1479 497 1643 562 b'nlersclm'st
1658 496 1817 548 verschiedm.
1856 494 1906 544 Die
1917 493 2000 544 Kreme

324 583 368 630 der
391 585 468 629 ersten
493 576 655 628 3Diakonm
678 575 788 625 scirtium
812 574 857 624 mit
878 573 1010 622 dunklrrcr
1026 572 1101 621 Dr'nle
1122 571 1234 638 gemacht
1256 589 1287 620 au
1311 571 1361 619 sein
1388 572 1426 618 als
1450 570 1488 618 dic
1511 569 1667 636 belrrffindm
1697 567 1909 632 tsnnscnrisnn,
1933 567 1999 616 iurE

328 651 445 703 Granhm
462 649 522 699 noch
540 647 578 698 ein
597 647 671 696 Stock
689 646 767 696 domii
782 647 950 711 naclgewgen.
1387 647 1388 651 ’

1069 848 1136 924 Nr.
1164 852 1254 924 371.

331 991 440 1057 Urban
457 989 523 1054 III
540 986 692 1068 bestdtigt
712 984 784 1050 dem
802 981 965 1048 Kormente
986 1003 1047 1046 von
1062 981 1131 1046 San
1149 979 1315 1045 Giovanni
1335 979 1370 1044 in
1385 979 1547 1044 Laterano
1569 999 1613 1043 au
1630 977 1712 1042 Rom
1736 977 1799 1043 den
1815 977 1927 1043 Besita
1948 977 2002 1042 der

811 1072 935 1138 Kirche
950 1071 1053 1136 Santa
1067 1072 1183 1136 Maria
1200 1070 1234 1134 in
1254 1069 1342 1134 Colle
1355 1066 1514 1153 Scipione.

940 1191 1025 1252 1186
1040 1185 1143 1271 April
1153 1189 1207 1250 12.
1249 1183 1380 1250 Verona.

482 1309 635 1375 Urbanus
657 1309 842 1391 episcopus,
874 1323 987 1368 servus
1017 1322 1184 1366 servorum
1216 1301 1278 1378 dei,
1313 1302 1442 1366 dilectis
1465 1300 1538 1364 filiis
1560 1301 1705 1378 Iohanni,
1737 1301 1840 1384 priori
1865 1299 2001 1364 ecclesie

323 1401 426 1464 sancti
450 1398 603 1463 Iohannis
626 1395 863 1471 Lateranensis,
890 1395 1026 1474 eiusque
1049 1393 1211 1469 iratribus,
1241 1399 1310 1454 tam
1333 1391 1542 1474 presentibus
1567 1409 1666 1470 quam
1690 1391 1812 1464 futuris,
1846 1392 2001 1454 canonice

323 1490 568 1564 substituendis,
592 1490 624 1551 in
641 1495 849 1570 perpetuum.
889 1482 1022 1564 Quanto
1038 1481 1268 1544 Lateranensis
1284 1481 1424 1544 ecclesia
1440 1479 1609 1563 amplioris
1626 1480 1793 1562 dignitatis
1810 1499 1855 1542 ex
1870 1483 2002 1560 antiqua

323 1581 526 1642 institutione
548 1598 621 1640 esse
644 1575 863 1658 cognoscitur,
885 1581 978 1636 tanto
1004 1571 1105 1652 magis
1122 1571 1263 1633 eundem
1279 1569 1499 1634 venerabilem
1515 1570 1625 1633 locum
1643 1572 1675 1632 in
1692 1569 1805 1632 maiori
1822 1573 2002 1632 reverentia

325 1670 420 1731 decet
453 1667 567 1730 haberi
596 1675 630 1729 et
660 1667 703 1729 ad
736 1667 972 1728 incrementum
1003 1669 1071 1723 tam
1099 1659 1310 1743 spiritualiter
1332 1678 1431 1739 quam
1455 1657 1680 1740 temporaliter
1712 1679 1733 1722 a
1756 1659 1854 1722 nobis
1879 1668 1914 1721 et
1937 1659 2001 1722 aliis

323 1759 377 1820 dei
408 1757 559 1820 fidelibus
590 1775 724 1838 operam
757 1755 837 1817 dari.
890 1752 962 1814 Nec
993 1749 1145 1825 dubium,
1177 1750 1277 1830 quod,
1306 1750 1333 1811 si
1365 1748 1593 1831 religiosorum
1618 1750 1761 1811 virorum
1790 1748 2001 1830 petitionibus

323 1856 461 1928 paterna
492 1846 692 1928 benignitate
722 1845 906 1918 annuimus,
938 1840 1054 1904 nostris
1085 1839 1364 1920 oportunitatibus
1395 1839 1592 1901 clementem
1616 1839 1789 1901 dominum
1812 1839 2001 1919 reperimus.

323 1937 399 1999 Hoc
423 1936 574 1998 nlmirum
598 1935 724 2005 intuitu,
747 1932 856 1995 dilecti
879 1933 911 1994 in
934 1931 1070 1992 domino
1087 1927 1152 2004 filii,
1175 1928 1289 1990 vestris
1306 1927 1583 2009 postulationibus
1604 1929 1812 2008 impartimur
1826 1947 2001 2002 assensum,

324 2032 357 2088 et
381 2025 552 2088 ecclesiam
575 2031 688 2085 sancte
713 2020 816 2085 Marie
840 2023 871 2084 in
904 2018 988 2082 colle
1018 2014 1183 2100 Scipionis
1215 2017 1258 2079 ad
1287 2018 1389 2079 instar
1419 2016 1523 2079 felicis
1553 2016 1790 2080 recordationis
1822 2016 2001 2080 Innocentii

323 2135 411 2197 pape
431 2113 463 2200 ¹),
493 2110 738 2196 predecessoris
761 2112 873 2186 nostri,
897 2111 981 2172 sicut
1004 2127 1076 2170 eam
1101 2105 1259 2170 hactenus
1282 2106 1366 2169 iuste
1390 2125 1428 2168 ac
1458 2105 1526 2168 sine
1548 2107 1772 2169 controversia
1803 2107 2000 2187 possedistis,

322 2205 417 2267 vobis
441 2212 474 2265 et
497 2203 634 2267 ecclesie
656 2209 765 2263 vestre
797 2200 991 2262 auctoritate
1015 2197 1197 2279 apostolica
1219 2193 1452 2258 confirmamus
1485 2214 1625 2275 eamque
1656 2215 1730 2258 cum
1755 2195 1911 2258 omnibus
1935 2216 2000 2278 per·

322 2293 464 2356 tinentiis
488 2294 555 2355 suis
578 2292 640 2354 sub
661 2290 747 2353 beati
763 2290 849 2352 Petri
867 2296 900 2351 et
915 2295 1027 2350 nostra
1043 2287 1249 2368 protectione
1265 2286 1462 2366 suscipimus
1478 2292 1512 2346 et
1528 2287 1689 2368 presentis
1704 2285 1816 2366 scripti
1832 2285 2001 2366 privilegio

324 2384 572 2446 communimus.
617 2377 815 2452 Statuentes,
840 2387 883 2450 ut,
907 2395 1132 2457 quascumque
1156 2374 1389 2456 possessiones,
1413 2393 1622 2456 quecumque
1644 2375 1731 2438 bona
1748 2374 1879 2454 prelata
1894 2383 2001 2436 sancte

327 2472 431 2536 Marie
454 2471 593 2534 ecclesia
615 2471 647 2531 in
672 2468 906 2550 presentiarum
930 2468 1014 2528 iuste
1038 2472 1072 2552 et
1094 2463 1251 2526 canonice
1274 2463 1425 2545 possidet
1447 2471 1503 2526 aut
1534 2465 1565 2526 in
1590 2463 1732 2526 futurum
1756 2462 2000 2527 rationabilibus

327 2563 434 2625 modis
458 2561 522 2623 deo
546 2559 691 2641 propitio
715 2558 838 2639 poterit
859 2556 1007 2638 adipisci,
1031 2552 1124 2616 firma
1146 2553 1241 2616 vobis
1257 2553 1439 2632 vestrisque
1461 2553 1705 2617 successoribus
1728 2561 1762 2615 et
1785 2552 1915 2616 illibata
1935 2573 2001 2635 per·

326 2657 488 2715 maneant.
537 2649 679 2711 Presenti
703 2665 836 2728 quoque
855 2645 991 2708 decreto
1007 2643 1191 2718 sanctimus,
1216 2649 1251 2704 ut
1266 2641 1383 2704 eadem
1402 2641 1542 2706 ecclesia
1557 2641 1673 2705 nullius
1689 2641 1749 2704 nisi
1763 2642 1908 2705 Romani
1925 2663 2001 2724 pon·

326 2740 419 2804 tificis
443 2747 476 2803 et
492 2737 618 2822 prefate
633 2736 863 2800 Lateranensis
879 2733 1027 2807 ecclesie,
1044 2733 1134 2795 cuius
1150 2732 1336 2814 proprietas
1353 2731 1472 2808 existit,
1496 2732 1664 2795 subiaceat
1687 2731 1843 2813 potestati
1860 2731 2002 2812 nullique

326 2851 398 2894 eam
415 2829 458 2892 ab
473 2829 618 2892 eiusdem
634 2824 863 2890 Lateranensis
878 2822 1016 2887 ecclesie
1031 2822 1235 2904 proprietate
1250 2839 1290 2883 ac
1313 2820 1531 2902 dispositione
1555 2821 1681 2884 auferre
1696 2819 1748 2884 vel
1773 2818 1951 2885 extrahere
1964 2822 2001 2884 sit

326 2920 469 2983 facultas.
500 2918 716 2981 Decernimus
731 2934 820 2996 ergo,
836 2919 871 2974 ut
886 2911 964 2974 nulli
980 2910 1113 2974 omnino
1128 2909 1295 2972 hominum
1313 2909 1427 2985 fassit,
1450 2910 1612 2994 prefatam
1631 2911 1805 2974 ecclesiam
1822 2957 1829 2971 .
1847 2959 1854 2972 .
1872 2957 1881 2972 .
1898 2911 2001 2974 usIbus

326 3009 525 3073 omnimodis
541 3004 720 3089 profutura.
752 3001 787 3066 Si
805 3022 870 3082 qua
882 3003 979 3084 igitur
995 3047 1001 3062 .
1018 3047 1025 3062 .
1041 3047 1048 3062 .
1066 2998 1200 3063 Cunctis
1214 3007 1325 3062 autem
1341 3047 1348 3060 .
1367 3049 1374 3062 .
1392 3050 1398 3063 .
1414 3001 1588 3064 inveniant.
1618 2998 1738 3064 Amen.
1750 2997 1873 3064 Arnen.
1886 2998 2000 3064 Amen.

539 3093 593 3180 (R)
617 3093 690 3177 Ego
713 3092 867 3156 Urbanus
891 3090 1053 3154 catholice
1076 3088 1214 3152 ecclesie
1238 3090 1415 3171 episcopus
1439 3109 1480 3152 ss
1504 3087 1566 3175 (M)

540 3181 560 3266 †
583 3183 656 3266 Ego
680 3182 798 3246 Paulus
822 3179 1028 3244 Prenestinus
1051 3180 1228 3261 episcopus
1250 3198 1293 3240 ss.

539 3271 560 3357 †
583 3275 657 3356 Ego
680 3271 840 3334 Henricus
862 3270 1062 3334 Albanensis
1085 3269 1262 3350 episcopus
1284 3289 1324 3332 ss.

540 3360 560 3442 †
583 3363 657 3444 Ego
680 3358 896 3424 Theobaldus
920 3357 1083 3422 Ostiensis
1106 3365 1139 3420 et
1161 3356 1376 3420 Velletrensis
1400 3357 1577 3440 episcopus
1600 3377 1641 3419 ss.

539 3449 560 3535 †
583 3449 657 3534 Ego
680 3449 843 3513 Iohannes
865 3448 1025 3531 presbiter
1049 3446 1221 3511 cardinalis
1242 3447 1291 3508 tit.
1314 3446 1418 3508 sancti
1442 3445 1543 3509 Marci
1567 3467 1609 3508 ss.

539 3537 560 3622 †
583 3538 657 3622 Ego
679 3539 851 3602 Laborans
875 3537 1034 3620 presbiter
1056 3533 1227 3599 cardinalis
1250 3544 1361 3599 sancte
1386 3535 1488 3599 Marie
1511 3535 1733 3599 transtiberim
1756 3535 1805 3597 tit.
1822 3532 1941 3598 Calixti
1963 3553 2000 3596 ss.

539 3625 559 3711 †
583 3629 656 3712 Ego
680 3628 856 3693 Pandulfus
880 3627 1043 3710 presbiter
1065 3625 1236 3689 cardinalis
1260 3626 1307 3688 tit.
1331 3639 1382 3688 XII
1404 3624 1644 3706 Apostolorum
1669 3645 1711 3697 ss.

539 3716 559 3801 †
583 3717 656 3802 Ego
679 3717 822 3781 Albinus
847 3717 1010 3799 presbiter
1033 3714 1205 3778 cardinalis
1228 3716 1277 3777 tit.
1301 3722 1412 3776 sancte
1437 3713 1548 3777 Crucis
1573 3715 1605 3777 in
1628 3714 1805 3777 Ierusalem
1829 3733 1872 3776 ss.

535 3806 556 3889 †
579 3807 651 3890 Ego
669 3808 786 3872 Melior
808 3807 971 3889 presbiter
986 3803 1156 3868 cardinalis
1172 3811 1359 3866 sanctorum
1373 3800 1527 3866 Iohannis
1543 3811 1577 3866 et
1592 3803 1683 3867 Pauli
1698 3803 1745 3865 tit.
1760 3801 1947 3884 Pagmachii
1962 3821 1998 3862 ss.

535 3897 556 3975 †
579 3896 652 3979 Ego
676 3898 851 3962 Gratianus
874 3904 1061 3959 sanctorum
1086 3892 1216 3978 Cosme·
1230 3901 1264 3956 et
1286 3891 1437 3956 Damiani
1460 3894 1619 3957 diaconus
1642 3891 1815 3956 cardinalis
1837 3911 1881 3954 ss

535 3987 556 4064 †
579 3985 652 4068 Ego
678 3984 879 4050 Octavianus
902 3993 1089 4047 sanctorum
1114 3978 1221 4064 Sergii
1244 3989 1278 4044 et
1301 3979 1402 4045 Bachi
1426 3981 1583 4046 diaconus
1607 3980 1780 4044 cardinalis
1803 4001 1845 4044 ss

534 4074 555 4157 †
578 4075 652 4158 Ego
676 4075 846 4140 Soffredus
869 4081 982 4136 sancte
1006 4072 1110 4135 Marie
1132 4072 1163 4134 in
1187 4070 1252 4134 Via
1274 4070 1339 4132 lata
1362 4070 1523 4134 diaconus
1546 4071 1720 4136 cardinalis
1742 4090 1784 4132 ss.

535 4165 556 4246 †
579 4165 653 4246 Ego
676 4164 858 4228 Rollandus
881 4172 993 4225 sancte
1017 4163 1121 4224 Marie
1144 4161 1175 4223 in
1200 4159 1331 4222 Porticu
1356 4161 1515 4224 diaconus
1539 4160 1708 4224 cardinalis
1731 4179 1773 4222 ss.

535 4250 557 4336 †
580 4253 653 4335 Ego
677 4255 791 4316 Petrus
814 4252 917 4316 sancti
941 4250 1069 4314 Nicolai
1093 4253 1125 4314 in
1151 4269 1281 4313 carcere
1304 4246 1456 4313 Tulliano
1480 4251 1640 4313 diaconus
1663 4249 1838 4312 cardinalis
1862 4268 1902 4310 ss.

536 4339 557 4424 †
579 4343 653 4424 Ego
676 4341 872 4425 Rodulphus
896 4343 999 4403 sancti
1020 4340 1155 4420 Georgii
1179 4339 1221 4402 ad
1237 4336 1359 4400 Velum
1382 4358 1517 4402 aureum
1541 4341 1699 4403 diaconus
1724 4337 1893 4402 cardinalis
1916 4357 1957 4399 ss.

481 4429 604 4494 Datum
620 4430 764 4507 Verone,
788 4451 847 4513 per
871 4449 1002 4493 manum
1019 4427 1160 4504 Alberti,
1184 4435 1298 4491 sancte
1313 4426 1463 4492 Romane
1486 4430 1627 4492 ecclesie
1643 4428 1815 4511 presbiteri
1832 4425 1998 4490 cardinalis

323 4527 356 4583 et
379 4520 572 4584 cancellarii.
617 4535 643 4584 11
666 4521 743 4585 Idus
765 4519 900 4603 Aprilis.
946 4519 1199 4582 Indictione1v.
1245 4518 1476 4581 Incarnationis
1508 4519 1671 4582 dominice
1698 4538 1785 4581 anno
1810 4529 1997 4580 MCLxxxiu.

323 4608 535 4672 Pontificatus
559 4629 638 4673 vero
661 4612 776 4674 domni
799 4609 924 4674 Urbani
948 4628 1036 4690 pape
1059 4622 1097 4671 111
1120 4626 1206 4670 anno
1230 4607 1347 4688 primo.

481 4725 605 4790 Abschrfl
620 4740 675 4775 vom
694 4728 726 4774 18
749 4725 842 4791 Jahrb.
861 4724 901 4773 des
919 4723 1018 4776 Bullor.
1037 4723 1113 4772 Basil.
1132 4721 1303 4772 taroanense
1316 4727 1344 4785 p.
1363 4723 1406 4780 ld,
1426 4721 1459 4770 im
1476 4721 1591 4774 Archr'vr'o
1613 4721 1747 4785 Caprlolnrc
1764 4720 1792 4770 di
1807 4723 1860 4772 San
1884 4718 1999 4771 62·me

322 4795 348 4846 r'n
367 4795 506 4854 Laterum
523 4796 561 4846 ein
579 4797 732 4848 Bmclstilck
748 4812 804 4846 vom
822 4799 853 4845 17
875 4796 969 4860 Jahrb.
989 4795 1029 4844 des
1051 4795 1108 4844 Cod.
1132 4794 1185 4842 Vol.
1203 4794 1273 4842 8034
1283 4792 1336 4858 sol.
1355 4793 1396 4852 36,
1416 4793 1442 4844 in
1459 4793 1503 4842 der
1521 4794 1584 4844 Bibl.
1609 4794 1725 4844 Vaticana
1742 4809 1773 4842 su
1791 4795 1860 4844 Rom.

483 4867 515 4918 In
533 4868 577 4917 der
592 4868 820 4933 Lateronobrclrifl
836 4869 911 4918 srelr:
931 4866 1019 4916 Collcct
1035 4882 1053 4915 c.
1078 4865 1147 4930 Orrg.

1069 5067 1136 5142 ΝΥ.
1164 5072 1253 5142 372.

331 5197 439 5263 Urban
456 5198 521 5264 III
536 5199 655 5263 nimmt
675 5199 730 5263 die
747 5198 1024 5284 Kollegr'atkirclre
1039 5197 1108 5262 San
1127 5197 1292 5262 Giovonni
1314 5200 1347 5262 in
1363 5199 1472 5263 Monte
1494 5199 1534 5262 di
1547 5199 1689 5282 Bologna
1713 5197 1748 5264 in
1770 5197 1994 5284 apostolisclrm

673 5287 790 5354 Schuta
805 5290 878 5354 und
885 5289 1037 5370 bestcitigt
1051 5289 1122 5353 ihre
1136 5285 1379 5352 Beselatlrrlmer
1391 5289 1465 5352 und
1480 5287 1597 5352 Rechte
1613 5291 1652 5373 ²).

962 5407 1047 5468 1186
1062 5403 1150 5478 Jum'
1163 5407 1193 5467 3.
1234 5402 1363 5468 Verona.

482 5519 636 5584 Urbanus
660 5523 844 5605 episcopus,
877 5541 989 5585 servus
1012 5540 1179 5584 servorum
1204 5522 1268 5594 dei,
1302 5520 1431 5584 dllectis
1463 5519 1535 5583 filiis
1559 5518 1711 5596 Ribald0,
1743 5519 1843 5602 priori
1868 5519 1992 5584 ecclesie

323 5618 510 5674 sanctorum
533 5609 679 5673 Victoris
711 5621 744 5675 et
767 5610 918 5674 Iohannis
951 5612 994 5674 de
1026 5612 1157 5685 Monte,
1189 5612 1326 5689 eiusque
1356 5610 1525 5685 fratribus,
1556 5617 1623 5673 tam
1652 5610 1862 5691 presentibus
1906 5625 1990 5689 quam

349 5717 382 5724 ...-
425 5719 431 5723 -
507 5718 532 5723 .--
543 5717 656 5725 -ο-η-ψ-
668 5720 746 5726 --wu

444 5719 470 5724 “
482 5719 511 5815 ἶ)
531 5749 607 5814 lorgi.
623 5751 659 5800 nn
676 5749 793 5800 tonnae
805 5767 859 5800 vom
874 5753 907 5800 rr
923 5750 991 5815 Junr
1005 5749 1074 5799 1139.
1144 5761 1170 5815 2)
1190 5749 1265 5813 urge.
1276 5747 1313 5798 ua
1326 5747 1444 5798 ornan
1454 5763 1508 5797 nm
1518 5747 1813 5812 oonprnnaannar
1826 5745 1991 5798 ormano.
