4126 6356
302 309 347 374 92

1069 471 1136 546 Nr.
1159 474 1220 546 90.

304 611 418 697 Eugen
435 611 500 676 III
519 610 638 675 nimrnt
656 608 711 672 die
735 603 1009 688 Kollegiatkircte
1024 601 1114 668 Sant'
1137 602 1298 667 Antonino
1317 604 1356 667 di
1369 603 1528 668 Pt'acenza
1552 604 1586 668 in
1608 604 1840 688 apostolisclren
1862 605 1991 672 Setun

698 697 767 760 und
786 693 939 778 besttn'gt
960 694 1031 758 ihre
1055 693 1295 758 Besitnthn'mer
1316 694 1392 757 und
1412 692 1529 757 Rechte
1548 693 1584 780 ¹).

935 832 1019 894 1148
1034 825 1181 905 Jun‘nn.
1212 828 1355 892 Brescia.

465 969 631 1050 Eugenius
662 967 855 1048 episcopus,
894 984 1005 1028 servus
1036 983 1206 1027 servorum
1237 961 1305 1039 dei,
1345 961 1472 1026 dilectis
1508 961 1583 1026 filiis
1614 961 1767 1039 Oddoni,
1807 966 1987 1048 preposito

306 1059 445 1124 ecclesie
473 1059 578 1121 sancti
600 1055 762 1120 Antonini
794 1055 941 1130 martiris,
971 1073 1036 1134 que
1067 1054 1132 1117 sita
1162 1053 1267 1116 estin
1297 1053 1429 1117 civitate
1453 1051 1625 1142 Placentie,
1657 1055 1792 1135 eiusque
1816 1054 1989 1130 fratribus,

304 1157 371 1213 tam
405 1146 610 1232 presentibus
641 1165 740 1228 quam
772 1143 905 1220 futuris,
943 1145 1100 1208 canonice
1129 1141 1363 1206 substituendis
1393 1155 1432 1204 ΙΝ
1459 1155 1537 1205 ΡΡΜ.
1553 1177 1598 1190 -
1624 1144 1631 1226 Ι
1658 1143 1820 1224 Quotiens
1852 1142 1934 1207 illud
1965 1165 1989 1207 a

306 1239 401 1302 nobis
432 1237 560 1320 petitur,
591 1235 683 1316 quod
714 1233 829 1298 rationi
860 1240 895 1296 et
916 1230 1080 1297 honestati
1111 1233 1285 1296 convenire
1309 1232 1500 1308 dinoscitur,
1529 1233 1639 1296 animo
1662 1253 1723 1296 nos
1745 1234 1843 1297 decet
1865 1232 1988 1298 libenti

305 1326 489 1391 concedere
518 1334 551 1389 et
577 1325 760 1408 petentium
788 1322 957 1386 desideriis
984 1343 1164 1405 congruum
1187 1321 1342 1404 impertiri
1364 1321 1563 1404 suffragium.
1610 1321 1803 1406 Eapropter,
1833 1321 1949 1404 dileqti

305 1418 338 1480 in
367 1416 504 1481 domino
534 1415 600 1491 filii,
631 1415 747 1478 vestris
775 1411 866 1476 iustis
897 1411 1171 1495 postulationibus
1202 1411 1380 1475 clementer
1409 1411 1595 1488 annuimus,
1634 1419 1668 1473 et
1697 1411 1860 1494 prefatam
1891 1412 1988 1476 beati

305 1505 464 1570 Antonini
488 1503 667 1579 ecclesiam,
699 1505 731 1566 in
757 1522 823 1583 qua
845 1502 956 1565 divino
979 1501 1152 1584 mancipati
1174 1502 1253 1565 estis
1283 1500 1454 1582 obsequio,
1478 1502 1522 1565 ad
1544 1500 1716 1584 exemplar
1737 1502 1989 1585 predecessoris

306 1597 418 1672 nostri,
441 1594 528 1658 bone
544 1593 701 1657 memorie
715 1611 805 1675 pape
820 1591 1010 1656 CELEST1N1
1026 1588 1064 1675 ²),
1087 1590 1149 1654 sub
1172 1590 1258 1655 beati
1273 1591 1359 1653 Petri
1384 1597 1418 1653 et
1440 1598 1551 1654 nostra
1565 1592 1772 1674 protectione
1786 1591 1988 1675 suscipimus

306 1694 341 1750 et
368 1684 527 1767 presentis
557 1685 671 1766 scripti
699 1681 868 1764 privilegio
899 1682 1147 1745 communimus.
1192 1677 1398 1755 Statuentes,
1428 1687 1464 1743 ut
1494 1701 1718 1763 quascumque
1746 1683 1988 1764 possessiones,

307 1792 515 1856 quecumque
545 1773 633 1836 bona
664 1772 779 1836 eadem
811 1770 947 1834 ecclesia
977 1772 1011 1834 in
1039 1770 1275 1853 presentiarum
1307 1769 1390 1833 iuste
1420 1776 1454 1832 et
1482 1770 1640 1833 canonice
1672 1770 1829 1852 possidet,
1860 1778 1919 1834 aut
1950 1774 1986 1834 in

307 1864 450 1927 futurum
482 1861 693 1926 concessione
724 1858 937 1944 pontificum,
969 1859 1142 1942 largitione
1174 1879 1286 1942 regum
1319 1858 1371 1922 vel
1403 1861 1604 1942 principum,
1637 1859 1806 1924 oblatione
1836 1858 1987 1924 fidelium

307 1974 364 2017 seu
387 1952 457 2015 aliis
480 1952 570 2015 iustis
598 1950 705 2015 modis
728 1949 793 2014 deo
816 1950 960 2032 propitio
984 1951 1107 2032 poterit
1129 1950 1276 2033 adipisci,
1299 1948 1391 2012 firma
1414 1948 1510 2013 vobis
1534 1950 1716 2030 vestrisque
1738 1949 1988 2014 successoribus

307 2051 341 2106 et
355 2041 479 2107 illibata
493 2047 713 2125 permaneant.
756 2039 793 2102 In
817 2038 935 2121 quibus
958 2037 1019 2128 hec
1042 2040 1181 2122 propriis
1203 2038 1356 2103 duximus
1378 2039 1593 2122 exprimenda
1608 2038 1787 2103 vocabulis:
1810 2038 1985 2104 ecclesiam

308 2131 435 2196 scilicet
464 2131 562 2219 beate
584 2131 688 2217 Marie
718 2129 748 2192 in
772 2128 912 2204 Cortina,
943 2150 1007 2217 que
1037 2149 1143 2212 prope
1174 2127 1346 2193 ecclesiam
1375 2137 1562 2192 sanctorum
1595 2127 1753 2193 Antonini
1781 2137 1815 2192 ct
1836 2129 1987 2193 Victoris

309 2229 486 2302 martyrum
508 2221 569 2284 sita
593 2227 651 2295 est,
674 2238 747 2283 cum
765 2218 877 2282 usibus
899 2227 933 2281 et
954 2218 1253 2294 consuetudinibus,
1268 2237 1350 2298 quas
1365 2218 1397 2281 in
1413 2219 1530 2282 eadem
1547 2217 1683 2306 ecclesia
1697 2219 1729 2281 in
1745 2219 1986 2302 presentiarum

309 2313 407 2374 iustas
430 2308 555 2374 habere
577 2309 741 2385 videmini,
765 2316 801 2370 ut
822 2307 973 2372 videlicet
996 2310 1029 2370 in
1053 2307 1203 2372 omnibus
1226 2307 1324 2395 beate
1339 2307 1444 2371 Marie
1459 2307 1692 2372 festivitatibus
1707 2309 1836 2372 tertiam
1854 2315 1986 2392 partem

308 2399 517 2464 candelarum
541 2397 690 2464 habeatis
713 2406 812 2479 atque
840 2399 1021 2461 secundum
1048 2399 1218 2461 dominum
1242 2397 1367 2461 ibidem
1391 2397 1579 2461 sacerdotes
1603 2405 1636 2462 et
1659 2397 1794 2462 clericos
1817 2399 1987 2462 ordinetis.

306 2489 379 2553 Vos
402 2496 512 2552 autem
537 2497 570 2552 et
593 2487 730 2551 ecclesie
753 2494 860 2574 vestre
891 2488 1039 2550 canonici
1072 2488 1116 2550 ob
1148 2487 1363 2552 reverentiam
1394 2486 1481 2550 beati
1503 2485 1686 2551 Anotonini
1716 2487 1862 2564 martiris,
1892 2490 1987 2551 cuius

307 2580 528 2642 sacratissimo
552 2597 693 2660 corpore
715 2579 786 2661 ipse
808 2575 899 2640 locus
927 2578 1014 2659 prius
1045 2577 1154 2641 extitit
1183 2577 1365 2655 decoratus,
1395 2577 1427 2640 in
1456 2577 1553 2664 beate
1576 2577 1680 2664 Marte
1711 2573 1941 2659 purificatione
1957 2575 1987 2662 ⁸)

307 2671 413 2752 ipsam
438 2666 600 2750 capellam
623 2667 655 2729 in
679 2665 888 2750 processione
911 2668 1005 2729 annis
1027 2665 1160 2749 singulis
1182 2665 1362 2730 visitabitis.
1407 2665 1445 2729 Irr
1475 2668 1639 2730 territorio
1661 2665 1777 2755 Plitule
1808 2666 1987 2732 ecclesiam

307 2759 413 2821 sancti
436 2755 597 2820 Antonini
629 2758 769 2819 martiris
802 2776 876 2819 cum
907 2764 996 2819 sorte
1027 2757 1151 2839 integra
1182 2765 1215 2820 et
1245 2755 1326 2820 dote
1355 2764 1389 2821 et
1419 2776 1494 2819 cum
1525 2755 1746 2830 oblationibus
1776 2755 1875 2820 totius
1895 2759 1987 2833 anni,

308 2847 623 2929 quemadmoduma
645 2845 732 2934 bone
757 2845 991 2909 recordationis
1013 2845 1171 2922 Dionisio,
1193 2845 1381 2911 Placentino
1405 2847 1565 2928 episcopo
1581 2845 1618 2930 ⁴),
1640 2867 1701 2928 pro
1721 2844 1860 2909 ecclesia
1881 2849 1989 2910 sancti
2051 2851 2052 2858 ’

308 2934 384 3018 Syri
408 2936 502 3000 vobis
525 2938 558 2998 in
582 2934 810 2998 concambium
835 2955 992 2998 concessa
1023 2955 1095 2998 esse
1125 2935 1311 3010 dinoscitur,
1342 2936 1375 2999 in
1405 2954 1469 3016 qua
1499 2935 1649 2998 nimirum
1672 2935 1851 2999 secundum
1884 2936 1986 3000 deum

309 3025 481 3090 ordinandi
511 3025 675 3088 ministros
704 3023 806 3088 libera
836 3025 878 3086 sit
899 3024 992 3088 vobis
1022 3023 1167 3088 facultas.
1213 3026 1248 3088 ln
1278 3023 1454 3107 Gragnano
1487 3023 1647 3106 capellam
1679 3025 1783 3088 sancti
1813 3023 1988 3090 Michaelis

309 3135 383 3180 cum
415 3116 503 3178 omni
534 3135 593 3178 sua
622 3115 702 3177 dote
733 3121 767 3177 et
796 3115 897 3177 totius
927 3115 1002 3176 anni
1033 3113 1269 3192 oblationibus,
1300 3135 1318 3176 a
1349 3113 1526 3179 venerabili
1558 3113 1658 3177 fratre
1689 3122 1801 3177 nostro
1823 3115 1987 3192 Arduino,

309 3204 498 3269 Placentino
515 3205 675 3286 episcopo
692 3197 726 3288 ⁵),
749 3204 888 3268 ecclesie
910 3210 1017 3266 vestre
1040 3203 1103 3266 hoc
1120 3204 1220 3267 modo
1237 3223 1436 3281 concessam,
1461 3212 1497 3266 ut
1515 3203 1547 3266 in
1563 3203 1679 3266 eadem
1694 3202 1821 3287 capella
1838 3207 1987 3287 ponendi

310 3293 444 3358 clericos
472 3301 505 3356 et
536 3293 725 3357 removendi
749 3294 789 3356 sit
818 3291 921 3357 libera
950 3293 1046 3356 vobis
1069 3300 1216 3376 potestas
1248 3300 1281 3357 et
1303 3294 1345 3356 ad
1369 3314 1479 3357 sacros
1502 3293 1632 3357 ordines
1655 3313 1716 3356 suo
1739 3301 1891 3376 tempore
1914 3295 1987 3358 Pla·

309 3384 440 3447 centino
464 3384 624 3466 episcopo
654 3383 874 3465 presentandi.
919 3381 952 3444 A
976 3381 1075 3465 plebe
1096 3402 1175 3446 vero
1199 3382 1367 3447 Thunensi
1391 3384 1492 3466 ipsius
1516 3382 1580 3446 loci
1604 3381 1765 3465 presbiter
1787 3382 1931 3447 chrisma
1954 3394 1989 3448 et

310 3472 421 3538 oleum
443 3479 593 3535 sanctum
623 3472 787 3555 suscipiat,
818 3480 851 3535 et
873 3479 1008 3536 vocatus
1031 3472 1074 3534 ad
1103 3471 1237 3535 letanias
1268 3480 1301 3537 et
1324 3473 1524 3555 baptismum
1547 3471 1621 3536 illuc
1643 3471 1770 3553 absque
1792 3472 1987 3539 conditione

309 3563 419 3643 aliqua
441 3561 549 3639 vadat,
572 3560 660 3625 salva
683 3561 821 3626 ecclesie
844 3569 952 3626 vestre
975 3563 1007 3624 in
1031 3561 1183 3624 omnibus
1206 3560 1272 3625 aliis
1296 3563 1418 3627 iustitia
1441 3568 1475 3625 et
1498 3562 1685 3626 reverentia.
1730 3562 1767 3625 In
1782 3562 1859 3627 villa
1875 3565 1987 3642 etiam,

310 3672 375 3734 que
405 3650 564 3715 Roncalia
593 3650 722 3726 dicitur,
755 3650 927 3740 ecclesiam
959 3651 1047 3714 beati
1078 3649 1302 3715 Bartholomei
1332 3659 1365 3715 et
1395 3652 1496 3715 sancti
1526 3650 1679 3727 Victoris,
1710 3651 1799 3714 cuius
1832 3654 1985 3717 nimirum

309 3741 632 3805 amministrationem
672 3747 771 3820 atque
809 3741 1047 3805 ordinationem
1088 3739 1183 3804 vobis
1214 3741 1394 3821 vestrisque
1430 3739 1673 3805 successoribus
1711 3749 1875 3824 perpetuo
1915 3745 1987 3808 iure

310 3831 532 3907 concedimus,
564 3851 605 3894 eo
628 3830 781 3894 videlicet
812 3832 935 3907 ordine,
965 3837 1009 3905 ut,
1041 3831 1097 3912 qui
1127 3828 1274 3894 habitum
1299 3830 1463 3914 religionis
1486 3831 1621 3894 induere
1652 3839 1685 3895 et
1707 3833 1741 3895 in
1764 3824 1885 3896 eodem
1909 3831 1985 3897 loco

308 3919 446 3984 domino
470 3918 606 3984 militare
630 3919 844 3997 decreverint,
872 3942 891 3984 a
913 3921 1085 4004 preposito
1109 3918 1245 3984 ecclesie
1267 3921 1369 3984 sancti
1392 3919 1551 3984 Antonini
1582 3919 1634 3984 vel
1660 3920 1703 3984 ab
1731 3921 1798 3985 eius
1821 3921 1985 4000 fratribus,

309 4010 336 4072 si
360 4011 432 4092 ipse
454 4009 602 4086 defuerit,
624 4009 666 4074 ad
690 4010 916 4092 suscipiendos
938 4030 1049 4074 sacros
1073 4009 1202 4073 ordines
1226 4029 1370 4092 congruo
1394 4017 1546 4092 tempore
1561 4030 1622 4092 per
1641 4009 1777 4075 eosdem
1793 4011 1985 4076 Placentino

309 4100 470 4181 episcopo
492 4106 728 4182 presententur.
775 4095 876 4181 Quod
899 4101 927 4163 si
955 4099 1090 4163 clericus
1113 4107 1168 4163 aut
1190 4101 1347 4163 sacerdos
1370 4100 1517 4165 eiusdem
1541 4099 1615 4178 loci,
1639 4100 1745 4183 culpis
1766 4102 1984 4184 exigentibus,

309 4188 406 4251 fuerit
443 4188 665 4271 corrigendus,
713 4191 915 4272 competenti
952 4188 1158 4272 regularique
1196 4189 1364 4273 disciplina
1393 4190 1436 4254 ab
1475 4190 1594 4253 codem
1626 4189 1796 4273 preposito
1833 4190 1887 4255 vel
1916 4191 1984 4257 eius

310 4277 463 4341 fratribus
502 4280 699 4361 corrigatur,
730 4279 756 4342 si
788 4299 883 4354 veru,
921 4298 1002 4362 sepe
1032 4280 1269 4355 commonitus,
1311 4277 1538 4363 incorrigibilis
1569 4281 1776 4362 apparuerit,
1814 4288 1983 4362 tamquam

309 4366 429 4430 inutilis
453 4374 486 4430 et
509 4368 700 4432 inobediens
732 4389 791 4451 per
824 4369 959 4432 eosdem
991 4369 1093 4451 ipsius
1125 4367 1187 4432 loci
1210 4368 1371 4432 beneficio
1404 4377 1438 4432 et
1470 4368 1638 4432 mansione
1660 4371 1814 4451 privetur.
1861 4367 1983 4436 Oleum

309 4475 443 4539 quoque
475 4465 508 4521 et
538 4455 677 4520 chrisma
700 4478 720 4520 a
743 4459 879 4522 matrice
911 4457 1049 4521 ecclesia
1081 4459 1199 4541 prefati
1222 4456 1286 4522 loci
1310 4459 1465 4523 sacerdos
1488 4460 1636 4541 accipiat.
1684 4459 1840 4523 Decimas
1863 4469 1983 4538 autem,

308 4546 351 4609 ad
374 4545 507 4630 plebem
529 4547 572 4610 de
596 4544 770 4629 Sparuaria
799 4549 1012 4629 pertinentes,
1045 4546 1228 4612 nullatenus
1259 4569 1415 4630 usurpare
1438 4554 1620 4631 presumat;
1650 4549 1785 4632 insuper
1814 4550 1928 4626 etiam,
1956 4553 1982 4614 si

309 4635 381 4716 quis
413 4636 454 4699 de
485 4636 602 4699 eadem
631 4635 707 4700 villa
740 4635 950 4701 devotionem
981 4657 1074 4700 suam
1104 4637 1135 4700 in
1168 4636 1368 4720 quibuslibet
1398 4637 1548 4701 iudicatis
1579 4637 1687 4700 eidem
1720 4637 1809 4720 plebi
1848 4639 1983 4705 exibere

308 4725 455 4801 voluerit,
478 4746 687 4808 nequaquam
715 4725 881 4808 impediat.
926 4727 963 4790 In
992 4727 1060 4790 aliis
1084 4747 1163 4790 vero
1193 4727 1347 4791 omnibus
1377 4726 1530 4802 ecclesia,
1562 4746 1627 4814 que
1649 4748 1670 4790 a
1701 4727 1921 4792 fundamentis
1952 4731 1982 4793 in

308 4815 494 4898 supradicta
516 4814 672 4878 Roncalia
695 4836 715 4878 a
737 4815 830 4879 vobis
857 4825 1044 4880 constructa
1066 4825 1123 4892 est,
1147 4815 1248 4880 libera
1271 4818 1406 4881 omnino
1439 4816 1481 4880 ad
1505 4816 1676 4880 ecclesiam
1709 4816 1798 4880 beati
1821 4817 1983 4882 Antonini

309 4906 477 4986 pertineat,
507 4905 602 4980 adeo,
633 4911 669 4966 ut
697 4904 801 4968 nullus
824 4905 1078 4990 archipresbiter
1100 4909 1149 4969 ius
1172 4907 1343 4989 potestatis
1366 4906 1399 4968 in
1421 4905 1643 4988 spiritualibus
1666 4914 1722 4970 aut
1744 4907 1983 4990 temporalibus

309 5013 346 5057 se
368 4996 495 5058 noverit
521 4992 719 5058 habiturum.
766 4994 919 5060 Preterea
950 5015 1064 5059 omnes
1091 4995 1170 5058 alias
1197 4995 1363 5060 libertates
1393 5016 1451 5060 seu
1481 4995 1689 5060 rationabiles
1719 4998 1983 5074 consuetudines,

309 5083 544 5147 aPlacentinis
567 5083 732 5167 episcopis
755 5085 894 5150 ecclesie
916 5093 1024 5149 vestre
1048 5105 1227 5162 concessas,
1258 5086 1383 5168 quietas
1405 5084 1501 5149 vobis
1532 5092 1565 5148 ct
1596 5087 1738 5168 integras
1762 5084 1879 5150 futuris
1902 5095 1982 5152 tem·

310 5171 446 5255 poribus
478 5193 609 5236 manere
638 5173 855 5239 decernimus.
901 5175 1012 5251 Porro,
1041 5176 1069 5237 si
1098 5195 1158 5238 vos
1189 5176 1315 5259 gravari
1347 5175 1581 5256 presenseritis,
1611 5175 1726 5239 sedem
1756 5175 1981 5258 apostolicam,

309 5281 375 5342 que
397 5260 570 5326 subvenire
591 5261 678 5327 solet
700 5264 872 5346 oppressis,
895 5265 990 5328 vobis
1012 5263 1114 5328 libere
1133 5263 1226 5328 liceat
1249 5264 1423 5346 appellare.
1461 5261 1551 5328 Nulli
1566 5283 1646 5346 ergo
1663 5263 1795 5328 omnino
1812 5264 1982 5332 hominum

309 5351 359 5414 fas
390 5353 440 5427 sit,
471 5353 731 5435 prenominatam
763 5353 934 5418 ecclesiam
964 5361 1090 5418 temere
1113 5353 1315 5437 perturbare,
1344 5362 1401 5417 aut
1427 5353 1494 5417 eius
1521 5355 1747 5437 possessiones
1773 5354 1902 5420 auferre
1931 5357 1981 5422 vel

472 5547 496 5614 1)
515 5548 563 5599 Die
574 5547 700 5614 Aisctht
710 5548 786 5599 dieser
800 5549 917 5600 Urkunde
934 5549 990 5599 rmd
1004 5549 1054 5600 eine
1067 5565 1149 5616 grosse
1162 5549 1240 5600 Parare
1258 5549 1383 5610 dersclben,
1402 5549 1522 5600 verdanke
1538 5548 1577 5600 ich
1587 5549 1673 5600 Herm
1695 5551 1754 5601 Can
1772 5549 1845 5600 Corio
1866 5551 1890 5601 G
1896 5553 1985 5602 randi

307 5635 338 5668 zu
357 5617 486 5670 Piaccnaa.
595 5623 621 5688 2)
644 5621 703 5672 Urk.
731 5637 786 5670 vom
807 5624 822 5670 1
845 5623 950 5687 Jannor
965 5625 1046 5682 1144,
1077 5623 1120 5672 Or.
1145 5621 1179 5672 im
1204 5621 1278 5673 Arci.
1299 5621 1432 5688 Capitolure
1455 5621 1483 5670 di
1498 5622 1524 5672 S.
1549 5621 1676 5672 Antonino.
1786 5625 1813 5688 3)
1831 5623 1943 5674 Februa:
1959 5625 1983 5675 2.

308 5693 336 5759 4)
356 5689 495 5762 Dionysius,
514 5691 617 5762 Br'schof
630 5709 678 5744 vora
698 5693 824 5754 Piacmn,
843 5710 862 5748 c.
883 5696 951 5744 1049
968 5721 997 5732 -
1013 5709 1032 5744 c.
1055 5695 1132 5745 1075.
1205 5693 1232 5760 5)
1251 5693 1356 5754 Arduin,
1377 5693 1480 5760 Br'sriof
1490 5709 1538 5743 von
1553 5693 1682 5756 Pincensia,
1702 5711 1722 5746 c.
1742 5695 1811 5745 1118
1826 5721 1858 5734 ·-
1872 5711 1893 5748 c.
1909 5699 1984 5748 11⁴7.
