4126 6366
1684 313 1749 396 389

67 505 208 569 anobis
236 505 316 586 ipsis
348 505 564 587 postmodum
596 505 759 569 indultum
790 514 823 569 et
853 505 1096 582 confirmatum,
1130 515 1166 569 ut
1200 505 1241 568 de
1273 503 1458 581 laboribus,
1491 524 1575 586 quos
1605 505 1748 588 propriis

69 595 223 658 manibus
253 604 309 658 aut
339 595 526 676 sumptibus
559 593 730 671 excolunt,
762 595 884 659 nemini
916 596 1060 660 decimas
1091 595 1218 660 solvere
1241 602 1428 668 teneantur,
1460 594 1594 676 quidam
1627 595 1669 658 ab
1700 596 1748 658 eis

69 681 299 748 nichilominus
322 694 438 747 contra
461 683 697 766 indulgentiam
721 684 905 766 apostolice
928 685 1015 748 sedis
1046 686 1191 749 decimas
1222 685 1354 766 exigere
1385 693 1419 749 et
1449 691 1646 765 extorquere
1675 703 1746 766 pre·

68 784 210 850 sumunt,
236 783 269 836 et
291 793 394 855 prava
417 783 451 836 et
473 774 601 836 sinistra
623 774 894 856 interpretatione
918 775 1174 856 apostolicorum
1205 773 1450 856 privilegiorum
1474 773 1653 855 capitulum
1675 794 1747 856 per·

68 872 234 928 vertentes
257 870 414 939 asserunt,
431 862 474 925 de
490 862 663 928 novalibus
680 863 801 926 debere
816 863 961 946 intelligi,
986 864 1040 927 ubi
1059 865 1204 927 noscitur
1219 863 1261 927 de
1277 862 1445 926 laboribus
1461 883 1533 926 esse
1548 862 1747 944 inscriptum.

69 953 238 1036 Quoniam
263 952 360 1033 igitur
382 951 590 1016 manifestum
615 959 665 1016 est
689 953 851 1030 omuibus,
876 954 931 1035 qui
955 963 1044 1018 recte
1066 953 1208 1035 sapiunt,
1232 952 1537 1033 interpretationem
1560 952 1747 1015 huiusmodi

68 1061 259 1126 perversam
283 1062 355 1104 esse
378 1050 411 1104 et
434 1041 611 1106 intellectui
634 1062 715 1106 sano
739 1043 945 1118 contrariam,
970 1063 1044 1106 cum
1064 1041 1245 1106 secundum
1260 1040 1439 1122 capitulum
1455 1040 1533 1104 illud
1550 1061 1570 1103 a
1585 1042 1749 1105 solutione

68 1133 272 1196 decimarum
294 1141 363 1194 tam
387 1131 427 1194 de
450 1132 543 1194 terris
565 1129 636 1204 illis,
661 1152 742 1214 quas
759 1132 966 1195 deduxerunt
981 1132 1033 1195 vel
1050 1133 1217 1196 deducunt
1233 1126 1301 1214 a(d)
1317 1130 1448 1205 cultum,
1473 1150 1573 1212 quam
1596 1132 1638 1194 de
1653 1131 1749 1194 terris

68 1223 169 1286 etiam
194 1221 305 1296 cultis,
338 1241 420 1302 quas
443 1221 585 1303 propriis
608 1221 758 1284 manibus
780 1221 832 1284 vel
855 1222 1041 1304 sumptibus
1064 1221 1237 1296 excolunt,
1271 1218 1364 1283 liberi
1397 1220 1462 1284 sint
1492 1220 1623 1301 penitus
1646 1230 1680 1283 et
1702 1219 1748 1282 in·

68 1330 194 1387 munes,
220 1330 261 1372 ne
284 1308 367 1373 ullus
390 1321 506 1372 contra
528 1311 619 1392 ipsos
643 1311 813 1374 materiam
832 1309 955 1374 habeat
972 1310 1174 1392 malignandi
1189 1309 1241 1374 vel
1258 1308 1513 1392 quomodolibet
1528 1309 1618 1390 ipsos
1635 1317 1749 1373 contra

69 1400 228 1464 iustitiam
261 1399 475 1475 molestandi,
511 1399 608 1463 vobis
636 1420 696 1481 per
727 1401 912 1481 apostolica
940 1402 1062 1483 scripta
1091 1399 1306 1482 precipiendo
1345 1399 1555 1472 mandamuS,
1596 1399 1749 1479 quatinus

68 1489 226 1554 omnibus
256 1489 480 1571 parrochianis
510 1489 626 1553 vestris
657 1490 852 1553 auctoritate
882 1497 994 1553 nostra
1024 1490 1201 1572 prohibere
1231 1489 1364 1564 curetis,
1397 1508 1438 1550 ne
1467 1507 1488 1549 a
1519 1487 1645 1550 dilectis
1675 1487 1749 1551 tiliis

68 1579 200 1655 nostris
225 1578 347 1642 abbate
370 1589 404 1641 et
419 1576 572 1641 fratribus
593 1579 634 1642 de
650 1575 761 1642 Salem
779 1576 811 1662 ¹),
835 1579 888 1642 vel
904 1580 946 1643 ab
963 1579 1035 1642 aliis
1052 1579 1203 1643 fratribus
1217 1577 1365 1641 eiusdem
1380 1575 1502 1640 ordinis
1519 1577 1560 1639 de
1576 1576 1749 1640 novalibus

67 1669 121 1733 vel
145 1668 190 1731 de
214 1668 285 1730 aliis
307 1668 414 1742 terris,
449 1687 530 1750 quas
554 1668 696 1750 propriis
718 1669 871 1731 manibus
893 1668 945 1732 vel
979 1669 1163 1751 sumptibus
1186 1666 1351 1742 excolunt,
1380 1686 1438 1729 seu
1471 1665 1513 1729 de
1543 1666 1749 1728 nutrimentis

68 1757 262 1822 animalium
295 1757 454 1820 ullatenus
483 1757 628 1821 decimas
658 1768 849 1839 presumant
880 1759 1012 1840 exigere
1035 1758 1087 1821 vel
1118 1756 1372 1840 quomodolibet
1401 1761 1607 1836 extorquere.
1653 1755 1748 1831 Nam,

68 1849 94 1912 si
128 1847 172 1910 de
202 1847 375 1910 novalibus
405 1855 534 1910 tantum
556 1846 713 1910 vellemus
745 1846 896 1929 intelligi,
934 1848 989 1911 ubi
1023 1847 1065 1910 de
1095 1846 1263 1910 laboribus
1296 1846 1465 1926 ponimus,
1504 1844 1546 1908 de
1577 1844 1750 1908 novalibus

69 1955 288 2020 poneremus,
318 1937 403 1999 sicut
433 1937 466 1999 in
496 1936 674 2018 privilegiis
705 1936 913 2018 quorundam
944 1938 1143 2019 apponimus
1173 1935 1320 1999 aliorum.
1372 1933 1458 2015 Quia
1490 1955 1569 1998 vero
1601 1953 1669 1997 non
1700 1943 1750 1998 est

67 2027 270 2090 conveniens
298 2025 351 2088 vel
381 2025 566 2100 honestum,
590 2035 625 2088 ut
657 2033 773 2088 contra
803 2027 951 2090 instituta
980 2027 1066 2090 sedis
1096 2024 1279 2108 apostolice
1301 2023 1463 2100 veniatur,
1505 2044 1569 2106 que
1600 2023 1749 2087 obtinere

67 2116 195 2180 debent
218 2113 441 2177 inviolabilem
464 2114 660 2191 firmitatem,
684 2116 879 2178 mandamus
901 2115 998 2179 vobis
1022 2125 1055 2178 et
1079 2116 1224 2179 districte
1244 2114 1452 2196 precipimus,
1476 2123 1520 2189 ut,
1544 2112 1570 2175 si
1594 2114 1649 2194 qui
1666 2112 1748 2188 laici,

68 2203 221 2268 canonici
251 2203 304 2267 vel
334 2204 488 2267 monachi
519 2214 576 2266 aut
608 2203 716 2268 clerici
751 2211 867 2267 contra
896 2205 1066 2287 privilegia
1094 2205 1183 2267 sedis
1213 2203 1395 2286 apostolice
1434 2203 1603 2285 predictos
1636 2200 1750 2264 fratres

68 2295 271 2358 decimarum
287 2294 461 2356 exactione
475 2294 690 2376 gravaverint,
707 2292 808 2356 laicos
825 2295 1175 2357 excommunicationis
1187 2293 1350 2357 sententia
1361 2291 1554 2374 percellatis,
1571 2291 1750 2354 canonicos

66 2385 138 2448 sive
162 2382 298 2446 clericos
320 2383 372 2446 vel
397 2381 586 2459 monachos,
611 2383 881 2459 contradictione,
905 2383 1064 2447 dilatione
1087 2393 1121 2448 et
1144 2383 1367 2466 appellatione
1391 2390 1547 2456 cessante,
1571 2381 1613 2444 ab
1638 2379 1749 2442 officio

67 2473 280 2555 suspendatis
311 2482 345 2536 et
376 2483 445 2536 tam
477 2473 845 2548 excommunicationis,
877 2491 977 2552 quam
1008 2473 1231 2555 suspensionis
1261 2471 1457 2534 sententiam
1489 2469 1616 2532 faciatis
1647 2489 1750 2550 usque

69 2563 112 2626 ad
136 2561 395 2626 satisfactionem
419 2581 598 2643 congruam
616 2560 848 2624 inviolabiliter
863 2562 1038 2626 observari.
1077 2562 1134 2626 Ad
1149 2562 1211 2625 hec
1227 2560 1428 2643 presentium
1444 2559 1540 2623 vobis
1556 2558 1750 2621 auctoritate

69 2651 289 2734 precipiendo
313 2651 516 2726 mandamus,
548 2651 707 2732 quatinus,
739 2650 766 2712 si
796 2651 868 2733 quis
899 2652 932 2714 in
955 2652 1123 2733 predictos
1152 2651 1267 2714 fratres
1290 2669 1406 2713 manus
1429 2648 1590 2713 violentas
1614 2648 1749 2723 inicerit,

69 2761 156 2818 eum,
179 2740 326 2804 candelis
349 2740 504 2816 accensis,
529 2740 851 2804 excommunicatum
874 2741 1005 2822 publice
1030 2741 1185 2804 nuntietis
1208 2749 1242 2803 et
1265 2738 1392 2802 faciatis
1415 2739 1457 2802 ab
1488 2736 1643 2800 omnibus
1666 2737 1751 2799 sicut

69 2831 395 2894 excommunicatum
427 2829 553 2893 cautius
582 2829 712 2904 evitari,
745 2829 851 2892 donec
875 2849 1018 2912 congrue
1041 2828 1219 2893 satisfaciat
1249 2827 1406 2911 predictis
1437 2825 1589 2890 fratribus
1617 2836 1748 2888 etcum

68 2920 186 2984 litteris
210 2918 376 2983 diocesani
399 2919 558 3001 episcopi,
591 2919 636 2982 rei
658 2915 844 3004 veritaltem
867 2919 1119 2994 continentibus,
1152 2917 1336 3000 apostolico
1369 2937 1404 2980 se
1428 2915 1618 2998 conspectui
1643 2935 1749 2996 repre·

69 3018 180 3073 sentet
198 3005 234 3093 ⁸).
258 3043 302 3054 -
324 3011 400 3072 Dat
422 3009 586 3084 laterani,
607 3006 663 3070 Kl.
687 3008 778 3071 lunii.
824 3008 1037 3072 Pontificatus
1060 3009 1163 3072 nostri
1186 3027 1274 3071 anno
1297 3007 1403 3069 tertio.

68 3195 101 3244 K
125 3196 211 3245 m
234 3122 278 3173 Or.
305 3121 360 3172 wad
382 3123 508 3188 Abschnft
528 3123 569 3172 des
599 3121 655 3172 Cod.
682 3121 771 3172 Salem.
791 3121 810 3170 I
830 3121 876 3171 Nr.
906 3122 957 3172 663
986 3137 1042 3174 vom
1069 3123 1102 3172 13
1123 3123 1216 3186 Jahn
1237 3127 1264 3186 p.
1284 3121 1329 3180 18,
1351 3118 1384 3170 im
1413 3116 1696 3171 Generallandesarcltve
1720 3133 1750 3166 ru

94 3211 127 3245 ar

212 3230 303 3332 'Peg
322 3265 382 3326 stat,
398 3265 433 3314 br.
454 3267 523 3326 0,v7,
542 3267 604 3330 lang
621 3265 706 3324 0335,
725 3271 800 3314 untm
816 3266 877 3325 0,02
895 3266 1084 3332 umgeschlagm,
1110 3263 1188 3314 durch
1212 3263 1270 3313 awti
1284 3262 1377 3313 Lh'cltcr
1398 3263 1458 3329 geht
1481 3263 1517 3313 die
1544 3278 1600 3312 rosa
1618 3261 1674 3312 und
1685 3261 1751 3329 gelbe

69 3337 259 3399 Ser'denrclrnur,
277 3353 363 3388 wan
380 3339 426 3386 dar
442 3337 567 3404 Bleniegel
580 3337 665 3403 hdngt,
685 3335 794 3404 Faltmtg
809 3337 853 3387 der
869 3337 972 3388 Breven.

75 3727 219 3792 Ciilrstin
234 3725 302 3790 III
321 3727 454 3792 ertheilt
473 3749 517 3792 an
533 3726 677 3814 Bisclzof
686 3727 800 3792 Albert
818 3621 886 3791 allii
903 3624 1040 3791 viellelli
1064 3725 1284 3806 Vorscltristrn
1310 3725 1392 3790 iiber
1406 3725 1693 3810 Zeantenzahlung
1709 3725 1749 3805 ¹).

701 3846 785 3907 1193
799 3843 886 3918 Juni
900 3845 950 3907 15.
983 3844 1133 3906 Lateran.

233 3957 454 4023 CELESTINUS
470 3961 657 4042 episcopus,
681 3980 792 4024 servus
808 3979 976 4022 servorum
993 3959 1055 4036 dei,
1078 3957 1255 4022 venerabili
1272 3957 1363 4021 fratri
1380 3957 1532 4036 Alberto,
1549 3957 1751 4023 Vercellensi

71 4049 234 4131 episcopo
247 4045 281 4133 ⁸),
304 4047 442 4112 salutem
467 4056 501 4112 et
524 4050 739 4130 apostolicam
763 4048 1037 4112 benedictionem.
1084 4046 1166 4111 Cum
1190 4045 1268 4122 hiis,
1300 4049 1355 4130 qui
1388 4048 1544 4131 pastorali
1573 4048 1752 4130 funguntur

71 4136 202 4212 officio,
232 4135 379 4200 favorem
412 4137 593 4201 debeamus
613 4135 619 4223 1
639 4138 855 4221 apostolicum
887 4138 919 4200 in
942 4139 1008 4200 suis
1031 4137 1247 4220 peticionibus
1270 4136 1455 4220 diligentius
1485 4139 1659 4220 impertiri,
1693 4155 1751 4199 eos

71 4235 185 4290 tamen
217 4225 389 4309 benignius
421 4247 461 4290 ac
492 4225 656 4290 efficacius
687 4227 843 4292 exaudire
874 4247 934 4290 nos
957 4228 1127 4302 convenit,
1159 4245 1243 4308 quos
1272 4228 1506 4310 scripturarum
1537 4226 1751 4308 intelligentia

72 4317 240 4379 noscimus
263 4324 297 4379 et
320 4335 449 4379 morum
476 4313 664 4402 honelstate
696 4316 838 4398 fulgere,
868 4336 907 4380 ac
930 4319 1104 4399 presertim
1127 4315 1215 4391 illos,
1239 4317 1313 4395 qui,
1336 4311 1473 4402 [cu(?)]m
1495 4317 1538 4378 ad
1562 4336 1645 4380 onus
1669 4316 1751 4378 tanti

72 4404 171 4468 officii
194 4405 261 4468 sint
278 4402 308 4491 b)
330 4408 499 4488 assumpti,
530 4405 665 4469 subdito
694 4407 756 4469 sibi
781 4406 869 4469 clero
893 4415 927 4469 et
949 4405 1074 4488 populo
1097 4425 1163 4469 non
1187 4399 1298 4491 [tami]
1327 4425 1460 4486 preesse
1483 4406 1627 4488 cupiunt,
1651 4424 1750 4487 quam

73 4493 244 4576 prodesse.
299 4493 353 4557 Ex
386 4503 479 4577 parte
511 4495 674 4574 siquidem
706 4495 913 4558 fraternitatis
942 4503 998 4557 tue
1028 4495 1148 4557 nostris
1178 4501 1228 4557 est
1260 4495 1393 4558 auribus
1423 4494 1623 4570 intimatum,
1660 4494 1750 4576 quod

73 4582 209 4664 quidam
232 4582 306 4647 laici
326 4592 382 4647 tue
397 4583 590 4648 iurisditioni
604 4579 766 4670 subiec[ti]
783 4593 817 4647 et
832 4604 931 4666 quam
948 4583 1057 4667 plures
1071 4583 1123 4647 alii
1140 4581 1481 4648 circumadiacentium
1499 4585 1751 4666 episcopatuum

72 4673 220 4735 decimas
244 4672 388 4736 ecclesiis
413 4681 446 4736 et
469 4672 594 4737 clericis
616 4682 672 4738 tue
695 4675 837 4737 diocesis
860 4675 1022 4755 perversis
1046 4672 1342 4736 machinationibus
1373 4673 1544 4737 subtraunt
1575 4680 1627 4750 et,
1659 4671 1751 4753 quod

73 4757 188 4848 mall]e
217 4769 334 4844 agunt,
373 4762 550 4826 emendare
581 4783 649 4826 non
678 4771 801 4827 curant.
846 4759 991 4843 Quidam
1020 4762 1104 4825 enim
1138 4781 1182 4825 ex
1211 4763 1258 4825 eis
1289 4781 1402 4826 semen
1433 4771 1466 4826 et
1499 4769 1663 4846 sumptus,
1697 4761 1752 4844 qui

72 4849 156 4914 fiunt
177 4851 211 4914 in
233 4849 434 4934 agricultura,
458 4851 623 4916 deducere
646 4852 754 4934 primo
777 4852 988 4928 contendunt,
1012 4853 1055 4915 de
1079 4851 1211 4915 residuo
1234 4851 1380 4914 decimas
1403 4853 1592 4934 impensuri,
1616 4851 1750 4932 quidam

72 4941 173 5004 etiam
197 4939 287 5002 iuxta
311 4941 526 5022 quantitatem
550 4943 712 5023 portionis
734 4941 897 5005 fructuum
922 4940 1104 5004 medietatis
1119 4939 1271 5003 videlicet
1286 4943 1382 5004 tertie
1397 4941 1448 5004 vel
1469 4949 1627 5024 quartam,
1652 4959 1750 5023 quam

72 5029 244 5093 acolonis
274 5031 456 5113 accipiunt,
492 5039 620 5112 partem
652 5031 780 5095 decime
810 5031 1012 5094 deducentes
1043 5049 1116 5092 eam
1148 5028 1281 5111 capellis
1311 5033 1378 5094 suis
1409 5051 1466 5094 seu
1497 5031 1567 5095 aliis
1597 5029 1751 5102 ecclesiis,

72 5118 199 5182 clericis
223 5127 279 5180 aut
302 5120 501 5202 pauperibus
524 5140 585 5201 pro
610 5139 668 5183 sua
700 5119 873 5184 conferunt
902 5117 1072 5182 voluntate
1102 5126 1158 5182 aut
1186 5119 1218 5180 in
1241 5118 1323 5182 alios
1347 5140 1423 5183 usus
1453 5128 1665 5195 convertunt,
1698 5117 1752 5182 alii

71 5215 195 5283 autern,
218 5205 412 5271 clericorum
427 5208 527 5272 vitam
551 5217 719 5290 tamquam
743 5207 1021 5273 abhominabilem
1045 5208 1256 5280 detestantes,
1280 5208 1426 5273 decimas
1450 5211 1497 5273 eis
1521 5211 1565 5274 ob
1588 5209 1654 5273 hoc
1676 5208 1751 5272 sub·

71 5296 202 5360 trahere
218 5317 285 5360 non
300 5305 462 5373 verentur,
485 5293 677 5384 (decimam)
694 5301 826 5380 insuper
849 5306 1039 5372 asserentes,
1062 5317 1098 5360 se
1114 5298 1339 5378 possessiones
1360 5297 1387 5383 ε)
1411 5307 1445 5361 et
1467 5301 1578 5362 omnia
1602 5301 1671 5362 iura
1693 5317 1753 5360 sua

72 5405 147 5450 cum
172 5387 262 5449 omni
285 5385 412 5449 honore
434 5407 472 5450 ac
495 5388 643 5450 districto
659 5387 702 5450 ab
719 5389 857 5452 ecclesia
873 5396 907 5452 et
924 5383 954 5472 d)
970 5386 1190 5468 magnitudine
1206 5386 1366 5467 imperiali
1386 5388 1527 5470 adeptos
1547 5387 1583 5474 e)‚
1607 5389 1751 5452 decimas

234 5525 259 5590 a)
277 5525 333 5574 Das
350 5527 414 5576 letale
431 5533 440 5576 t
458 5495 510 5592 ὦ]
523 5528 608 5576 Ram
696 5523 726 5592 b)
744 5526 823 5576 durch
842 5524 977 5574 Komcmr
993 5523 1051 5573 und
1064 5525 1150 5572 Ram
1165 5525 1296 5590 tergestellt
1318 5540 1364 5574 arcs
1388 5531 1443 5574 sunt
1539 5529 1563 5590 c)
1582 5526 1628 5576 den
1647 5525 1753 5575 binim

72 5599 110 5648 als
128 5597 207 5648 Besin
223 5597 281 5646 und
294 5599 342 5645 alle
364 5596 526 5649 Gerechtsame
606 5597 634 5664 d)
654 5613 668 5647 e
687 5598 738 5663 aus
751 5599 837 5647 Rasur
914 5597 938 5662 e)
958 5612 975 5644 o
993 5595 1045 5660 mes
1057 5597 1142 5644 Ram
1159 5611 1207 5646 von
1224 5596 1354 5647 dunklerer
1371 5597 1454 5647 Dfnte.
1472 5635 1525 5642 ..-
1543 5596 1580 5662 ,1)
1599 5596 1680 5647 Solm
1697 5597 1754 5662 liegt

71 5667 404 5792 vnffffigfsillil'
496 5675 522 5738 2)
550 5671 626 5736 Vergl.
644 5671 707 5720 auch
725 5668 763 5719 dic
786 5667 903 5720 Urhmde
920 5683 975 5718 vom
993 5669 1010 5717 2
1031 5666 1092 5732 Juli
1108 5668 1182 5718 1193.
1275 5675 1302 5734 3)
1321 5668 1404 5718 Aller!
1418 5669 1556 5736 Avogadro,
1583 5667 1688 5735 Bornos
1704 5683 1752 5719 vorr-

174 5777 183 5802 ‚
380 5778 385 5790 .
