4126 6356
1682 363 1738 424 14¹

72 535 103 591 et
127 529 256 593 illibata
271 541 491 612 permaneant.
530 533 565 593 ln
583 532 701 613 quibus
717 532 777 595 hec
794 536 934 616 propriis
951 534 1102 598 duximus
1118 535 1333 615 exprimenda
1348 533 1533 598 vocabulis:
1572 533 1741 598 ecclesiam

71 619 169 681 beate
196 621 299 682 Marie
322 620 363 682 de
387 621 476 684 Aent
499 641 573 684 cum
598 622 733 698 decima,
758 624 926 686 ecclesiam
951 625 992 687 de
1014 625 1141 687 Brenac
1165 630 1197 685 et
1228 625 1399 686 ecclesiam
1431 624 1473 686 de
1496 624 1616 686 Borno.
1657 623 1741 688 Con·

71 708 219 771 cordiam
242 729 328 785 ver0,
354 728 417 791 que
446 711 646 774 deecclesia
676 711 764 774 beati
790 712 1011 795 Simphoriani
1043 713 1084 776 de
1108 713 1250 775 Maonac
1282 714 1365 776 inter
1395 713 1570 776 canonicos
1593 711 1741 795 Engolis·

71 798 193 860 mensis
229 799 365 862 ecclesie
397 809 431 862 et
461 800 637 863 canonicos
668 800 710 863 de
740 801 823 865 Salis
856 823 914 884 per
944 803 1033 865 bone
1064 803 1220 865 memorie
1242 802 1471 877 Lambertum,
1502 814 1741 865 antecessorem

69 893 179 962 tuum,
221 896 254 949 et
284 887 493 951 Guillelmum
531 889 830 970 Petragoricensem
848 893 873 970 ¹)
911 901 944 954 et
978 891 1187 955 Guillelmum
1219 892 1484 954 Xanctonensem
1510 889 1536 969 Ἰ
1573 890 1742 972 quondam

70 976 258 1058 episcopos,
282 977 517 1040 rationabiliter
540 979 626 1041 facta
649 985 707 1055 est,
732 990 835 1042 ratam
859 990 892 1043 et
915 980 1137 1043 inconvulsam
1154 1000 1284 1042 manere
1300 985 1483 1043 sanctimus.
1528 982 1742 1044 Decemimus

71 1084 158 1148 erg0,
191 1075 229 1128 ut
256 1065 334 1128 nulli
364 1068 500 1130 omnino
527 1067 697 1130 hominum
728 1069 831 1145 liceat,
862 1070 1083 1151 supradictam
1114 1070 1285 1132 ecclesiam
1315 1080 1437 1133 temere
1468 1069 1656 1151 perturbare
1686 1080 1743 1133 aut

70 1155 137 1216 eius
168 1156 396 1236 possessiones
430 1157 554 1219 auferre
584 1157 635 1220 vel
675 1156 802 1220 ablatas
839 1159 992 1234 retinere,
1031 1159 1175 1221 minuere
1218 1179 1274 1220 seu
1313 1158 1475 1241 aliquibus
1511 1159 1742 1222 vexationibus

71 1243 218 1326 fatigare,
250 1244 308 1308 sed
341 1245 465 1308 illibata
496 1247 607 1309 omnia
639 1256 672 1309 et
702 1247 827 1328 integra
850 1256 1018 1311 serventur
1041 1267 1168 1323 eorum,
1202 1268 1262 1329 pro
1287 1268 1426 1329 quorum
1449 1248 1685 1330 gubernatione
1709 1257 1743 1311 et

69 1335 307 1398 sustentatione
331 1355 487 1398 concessa
509 1345 592 1412 sunt,
616 1335 727 1399 usibus
750 1337 948 1400 omnimodis
972 1337 1148 1418 profutura,
1172 1337 1262 1400 salva
1285 1338 1436 1400 nimirum
1459 1336 1639 1419 apostolice
1655 1337 1741 1399 sedis

69 1425 274 1488 auctoritate.
320 1422 354 1487 Si
380 1445 445 1505 qua
468 1425 500 1487 in
517 1424 658 1488 futurum
681 1473 688 1486 .
713 1475 719 1489 .
744 1473 750 1486 .
775 1425 908 1489 Cunctis
930 1436 1038 1488 autem
1063 1471 1070 1486 .
1095 1474 1102 1488 .
1128 1475 1133 1488 .
1158 1426 1331 1489 inveniant.
1368 1427 1488 1490 Arnen.
1510 1425 1599 1489 Am.
1621 1425 1740 1489 Amen.

286 1511 342 1593 (R)
365 1513 439 1594 Ego
462 1513 656 1577 Anastasius
679 1514 840 1578 catholice
863 1515 998 1578 ecclesie
1021 1515 1197 1597 episcopus
1219 1535 1260 1578 ss.
1284 1514 1345 1596 (M)

285 1604 306 1680 †
328 1603 401 1684 Ego
425 1603 565 1666 Ymarus
588 1603 791 1667 Tusculanus
814 1605 989 1687 episcopus
1012 1625 1053 1668 ss.

286 1687 307 1772 †
330 1693 403 1773 Ego
426 1692 526 1774 Hugo
550 1693 735 1756 Hostiensis
759 1694 934 1776 episcopus
958 1713 998 1756 ss.

329 1781 402 1862 Ego
426 1780 602 1863 Gregorius
624 1782 786 1864 presbiter
808 1783 980 1846 cardinalis
1003 1783 1050 1845 tit.
1075 1780 1193 1846 Calixti
1217 1803 1257 1844 ss

328 1871 401 1952 Ego
425 1871 535 1934 Guido
559 1870 721 1953 presbiter
744 1872 916 1935 cardinalis
938 1873 986 1935 tit.
1009 1871 1112 1934 sancti
1138 1870 1312 1952 Grisogoni
1337 1892 1379 1933 ss.

330 1959 402 2041 Ego
426 1960 599 2022 Hubaldus
622 1961 783 2043 presbiter
805 1962 976 2024 cardinalis
999 1962 1046 2024 tit.
1070 1969 1181 2024 sancte
1204 1959 1360 2023 Praxedis
1382 1980 1423 2022 ss.

328 2049 402 2130 Ego
427 2049 615 2112 Manlredus
638 2050 799 2131 presbiter
822 2051 993 2114 cardinalis
1017 2051 1064 2112 tit.
1089 2059 1200 2114 sancte
1223 2049 1344 2114 Savine
1366 2070 1407 2111 ss.

328 2138 402 2219 Ego
426 2137 535 2202 Guido
559 2139 719 2220 presbiter
742 2140 914 2202 cardinalis
937 2140 985 2202 tit.
1008 2139 1149 2202 Pastoris
1173 2159 1213 2201 ss.

329 2226 402 2308 Ego
426 2229 626 2291 Octavianus
649 2228 811 2310 presbiter
833 2229 1005 2292 cardinalis
1028 2229 1076 2292 tit.
1100 2238 1213 2291 sancte
1237 2226 1357 2291 Cecilie
1379 2247 1420 2290 ss.

284 2317 304 2399 †
326 2317 400 2398 Ego
424 2317 588 2380 Gerardus
617 2318 778 2400 presbiter
807 2319 979 2382 cardinalis
1009 2318 1057 2381 tit.
1081 2317 1184 2380 sancti
1208 2315 1368 2399 Stephani
1393 2317 1424 2378 in
1449 2314 1540 2379 Celio
1564 2325 1676 2379 monte
1698 2337 1739 2378 ss.

283 2407 304 2485 †
327 2406 400 2486 Ego
423 2406 585 2470 Iohannes
608 2407 769 2488 presbiter
792 2407 963 2470 cardinalis
986 2409 1034 2471 tit
1058 2417 1244 2469 sanctorum
1268 2405 1413 2470 Silvestri
1438 2415 1471 2468 et
1494 2406 1626 2468 Martini
1650 2427 1690 2468 ss.

283 2495 304 2578 †
326 2495 400 2575 Ego
424 2496 501 2558 Odo
526 2497 683 2559 diaconus
707 2497 878 2560 cardinalis
901 2497 1003 2560 sancti
1027 2497 1160 2578 Georgii
1186 2495 1227 2558 ad
1250 2494 1369 2558 Velum
1394 2514 1525 2556 aureum
1548 2515 1588 2557 ss.

284 2579 305 2664 †
328 2584 401 2664 Ego
424 2585 585 2648 Rodulsus
609 2586 765 2648 diaconus
788 2586 960 2649 cardinalis
983 2595 1095 2648 sancte
1118 2586 1218 2648 Lucie
1243 2585 1275 2646 in
1298 2583 1402 2665 Septa
1424 2582 1502 2646 solis
1525 2604 1565 2646 ss

231 2674 308 2735 Dat
324 2673 484 2749 Laterani,
509 2695 569 2755 per
591 2694 725 2738 manum
740 2676 892 2751 Rolandi,
916 2685 1028 2738 sancte
1044 2677 1195 2738 Romane
1218 2673 1354 2737 ecclesie
1373 2673 1545 2754 presbiteri
1569 2672 1741 2735 cardinalis

75 2773 104 2824 et
132 2762 329 2825 cancellarii.
375 2762 450 2825 ldus
480 2763 575 2826 Febr.
621 2763 803 2827 lndictione
836 2765 986 2828 secunda.
1038 2764 1273 2827 lncamationis
1305 2762 1468 2825 dominice
1503 2781 1590 2825 anno
1621 2773 1741 2825 McL111.

74 2851 285 2914 Pontificatus
308 2871 387 2913 vero
412 2851 525 2914 domni
548 2852 715 2916 Anastasii
740 2873 827 2935 pape
850 2869 901 2914 1111
924 2874 1010 2916 anno
1034 2855 1150 2935 prim0.

230 2963 356 3030 Abschrifl
371 2981 425 3014 vom
448 2969 477 3016 12
500 2967 591 3032 Jahrb.
612 2967 652 3016 des
673 2966 728 3016 cod.
751 2968 825 3018 ottob.
846 2970 896 3018 687
910 2975 938 3034 p.
960 2969 1000 3028 12,
1019 2967 1045 3016 in
1062 2967 1106 3016 der
1123 2965 1185 3016 Bibl.
1210 2965 1327 3015 Vaticana
1345 2981 1374 3014 zu
1391 2967 1460 3014 Rom.

816 3269 883 3343 Nr.
912 3274 997 3344 133.

76 3397 267 3462 Anastasius
283 3397 344 3462 IV
363 3399 513 3482 bestdttgt
537 3400 610 3463 dem
633 3399 712 3463 Abte
733 3403 835 3465 Hatto
859 3424 919 3465 von
945 3401 1034 3466 Sesto
1061 3401 1118 3482 (D.
1147 3401 1267 3485 Lucra)
1291 3401 1353 3464 den
1391 3397 1555 3484 Verglrz'clr
1584 3400 1646 3464 mit
1669 3399 1742 3463 dem

349 3488 504 3569 Biscfzofe
522 3488 648 3572 Gregor
660 3511 720 3553 von
735 3491 843 3555 Lucra
857 3512 966 3574 wegen
981 3491 1038 3554 des
1054 3488 1215 3554 Schlosses
1231 3487 1463 3554 Montecalvoli.

665 3605 973 3670 1154Febmar14.
1004 3607 1153 3669 Lateran.

233 3721 431 3785 ANastasius
454 3723 639 3804 episcopus,
662 3743 773 3785 servus
795 3743 962 3787 servorum
986 3723 1048 3797 dei,
1073 3722 1193 3785 dilecto
1209 3721 1276 3784 filio
1292 3718 1420 3796 Attoni,
1444 3718 1595 3784 Sextensi
1620 3718 1742 3794 abbati,

78 3808 211 3875 salutem
235 3817 270 3873 et
292 3811 509 3894 apostolicam
533 3811 807 3874 benedictionem.
854 3813 926 3893 Que
951 3833 970 3876 a
991 3811 1065 3874 filiis
1085 3807 1089 3894 Ι
1111 3812 1237 3887 nostris,
1269 3809 1478 3898 ecclesiarum
1510 3808 1649 3891 prelatis,
1681 3829 1742 3889 pro

78 3899 163 3977 pacis
186 3901 280 3964 bono
305 3910 338 3964 et
360 3901 569 3986 ecclesiarum
593 3901 702 3982 quiete
726 3902 903 3964 concordia
916 3902 968 3964 vel
993 3901 1112 3964 iudicio
1135 3908 1208 3963 acta
1229 3920 1300 3963 esse
1315 3900 1551 3980 cognoscimus,
1576 3907 1611 3959 ut
1630 3893 1635 3982 Ι
1655 3897 1743 3958 nulla

78 3989 200 4067 possint
232 3991 266 4051 in
298 4000 466 4071 posterum
506 3990 723 4071 refragatione
761 3990 920 4072 confringi
953 3991 1005 4053 vel
1044 3991 1182 4064 turbari,
1222 3986 1404 4071 apostolice
1434 3987 1521 4050 sedis
1549 3987 1742 4049 auctoritate

77 4077 223 4141 volumus
257 4078 440 4142 confirmari
472 4088 506 4142 et
536 4080 568 4141 in
599 4100 657 4142 sua
687 4079 864 4143 stabilitate
896 4080 1029 4143 firmiter
1066 4079 1231 4143 custodiri.
1284 4077 1501 4142 Concordiam
1539 4076 1636 4157 igitur
1673 4075 1742 4137 sive

78 4169 285 4242 sententiam,
322 4188 387 4249 qua
418 4169 526 4232 dilecti
560 4167 615 4230 filii
649 4169 749 4230 nostri
781 4167 952 4245 Martinus,
985 4169 1088 4232 abbas
1115 4169 1219 4232 sancti
1243 4167 1368 4242 Savini,
1398 4166 1619 4239 LamlrancuS,
1652 4165 1743 4246 prior

78 4257 173 4318 sancti
197 4257 354 4334 Fridiani,
387 4279 485 4340 super
507 4259 735 4332 controversia,
770 4277 834 4338 que
857 4259 941 4320 inter
967 4268 1000 4321 te
1029 4267 1062 4321 et
1082 4257 1304 4322 venerabilem
1327 4256 1458 4319 fratrem
1488 4263 1633 4317 nostrum
1664 4252 1741 4317 Gre-

78 4346 198 4424 gorium
216 4345 253 4426 ⁸),
285 4345 455 4428 Lucanum
478 4348 679 4429 episcopum,
712 4347 753 4409 dc
776 4356 883 4410 castro
906 4349 1027 4410 montis
1051 4346 1175 4411 Calvuli
1191 4343 1219 4427 *Ι
1247 4353 1280 4408 et
1302 4345 1463 4426 expensis,
1494 4344 1540 4406 ibi
1565 4342 1667 4417 factis,
1701 4342 1742 4404 de

78 4445 120 4493 xl,
141 4435 231 4498 libris
254 4435 450 4498 Lucensium
475 4437 691 4511 denariorum,
724 4455 743 4497 a
767 4435 962 4516 quibusdam
987 4435 1157 4499 monachis
1180 4435 1349 4499 Sextensis
1372 4434 1559 4497 monasterii
1582 4433 1741 4513 episcopo

78 4520 255 4588 Benedicto
279 4525 372 4600 datis,
404 4525 446 4588 de
474 4526 651 4588 medietate
674 4534 831 4587 terrarum
862 4535 895 4588 et
926 4526 1099 4600 fructuum,
1133 4545 1196 4610 que
1227 4525 1355 4588 fuerunt
1376 4522 1529 4597 Rainerii,
1559 4521 1615 4584 filii
1639 4521 1741 4595 Binie‚

79 4611 116 4673 de
137 4612 268 4676 duobus
292 4615 495 4690 molendinis,
520 4635 604 4698 quos
619 4613 788 4678 Sextensis
804 4614 908 4678 abbas
924 4616 956 4676 in
973 4614 1071 4677 fluvio
1087 4613 1250 4677 lussciane
1265 4613 1388 4688 habuit,
1413 4613 1454 4675 de
1473 4611 1577 4674 tribus
1592 4609 1742 4691 portibus

79 4699 107 4760 in
129 4705 229 4783 aquis,
255 4703 299 4765 ibi
324 4705 518 4785 propinquis
541 4704 765 4778 existentibus,
790 4713 823 4766 et
846 4704 888 4766 de
910 4703 1000 4767 lucro
1024 4705 1101 4766 inde
1123 4713 1290 4785 percepto,
1315 4712 1414 4783 atque
1435 4701 1505 4764 aliis
1521 4699 1741 4782 querimoniis

79 4801 184 4853 nostra
206 4792 279 4855 freti
309 4794 501 4857 auctoritate
529 4793 777 4875 promulgarunt
800 4801 833 4854 et
855 4794 966 4875 scripti
994 4794 1042 4855 sui
1071 4793 1194 4875 pagina
1223 4813 1283 4873 per
1304 4811 1437 4853 manum
1468 4789 1622 4852 scriniarii
1653 4787 1743 4850 edita

79 4878 276 4956 roborarunt,
307 4902 368 4944 nos
398 4883 591 4946 auctoritate
623 4883 709 4945 sedis
740 4883 921 4963 apostolice
953 4882 1196 4954 confirmamus,
1229 4891 1262 4944 et
1294 4880 1573 4962 quemadmodum
1604 4878 1637 4939 in
1669 4878 1741 4958 ipso

79 4972 236 5033 autentico
260 4973 383 5052 scripto
407 4973 591 5035 rationabili
615 4971 825 5053 providentia
848 4971 1036 5034 distinctum
1060 4981 1117 5045 est,
1145 4981 1249 5032 ratam
1272 4980 1306 5033 et
1328 4969 1551 5032 inconvulsam
1574 4967 1741 5049 perpetuis

79 5060 274 5138 temporibus
304 5081 496 5141 permanere
526 5061 739 5124 decernimus.
785 5059 873 5122 Nulli
902 5080 980 5141 ergo
1004 5061 1139 5122 omnino
1163 5058 1333 5121 hominum
1356 5059 1404 5122 fas
1427 5059 1477 5133 sit,
1507 5056 1601 5119 huius
1631 5066 1741 5118 nostre

80 5146 328 5212 confirmationis
358 5151 513 5232 paginam
546 5150 719 5212 temerario
750 5169 828 5211 ausu
860 5149 1034 5230 infringere
1065 5169 1121 5211 seu
1157 5149 1265 5211 modis
1305 5147 1506 5230 quibuslibet
1541 5145 1740 5228 perturbare.

79 5231 110 5295 Si
132 5237 201 5315 quis
236 5238 333 5318 igitur
363 5239 396 5300 id
427 5248 624 5321 attemptare
647 5239 881 5320 presumpserit
911 5247 957 5313 et,
989 5239 1133 5301 secundo
1165 5239 1303 5300 tertiove
1327 5237 1554 5312 commonitus,
1586 5235 1645 5297 nisi
1670 5254 1741 5315 pre·

80 5326 292 5404 sumptionem
315 5347 408 5390 suam
432 5347 576 5410 congrua
591 5327 814 5390 satisfactione
830 5323 1028 5412 corlrexerit,
1052 5347 1125 5389 reus
1150 5327 1383 5408 indignationis
1400 5324 1580 5407 apostolice
1595 5331 1743 5386 teneatur

80 5423 107 5472 et
128 5415 345 5479 ecclesiastice
368 5417 500 5480 ultionis
523 5416 805 5480 animadversione
828 5416 989 5479 multetur.
1013 5449 1056 5461 —
1079 5417 1154 5478 Dat
1176 5411 1180 5501 Ι
1201 5416 1362 5490 Laterani,
1386 5429 1460 5478 xvn
1482 5413 1537 5477 Kl.
1561 5413 1655 5476 Mart.

232 5601 256 5658 ι)
277 5589 419 5659 Pinguem.
493 5601 520 5659 2)
540 5593 642 5643 Saintes.
725 5595 752 5656 3)
775 5593 872 5657 Gregor,
891 5591 994 5656 Birthas
1006 5608 1054 5641 von
1072 5593 1167 5651 Lucra,
1187 5593 1363 5641 trra-1163.
1435 5595 1463 5656 4)
1483 5588 1657 5647 Montrcafvolr',
1682 5603 1741 5638 conr.

79 5656 233 5725 tarascona,
247 5671 320 5730 prov.
338 5665 366 5714 di
381 5665 493 5726 Firma,
518 5666 574 5714 circ.
593 5665 621 5713 di
637 5665 662 5713 S.
682 5663 798 5714 Miniato.
833 5665 871 5713 Di
888 5663 1060 5713 Mmmralvoli
1077 5661 1088 5711 i
1106 5664 1219 5712 memoria
1243 5664 1294 5713 sino
1317 5663 1363 5712 dal
1379 5665 1437 5723 738,
1462 5663 1488 5712 r'n
1505 5677 1544 5710 cur
1561 5661 1583 5708 r'l
1602 5675 1699 5709 vescovo
1716 5659 1744 5710 di

80 5730 160 5794 lucca,
179 5735 219 5784 che
235 5737 263 5785 vi
278 5751 355 5786 aveva
369 5737 546 5802 glaream,
566 5731 677 5786 consacrd
696 5735 903 5785 lacerandis.
926 5735 1030 5802 Giorgio.
1067 5735 1157 5796 Amuli,
1176 5735 1316 5785 Delam
1340 5735 1401 5800 Vp.
1419 5737 1480 5785 310.
