4126 6366
328 337 393 402 3¹0

1070 504 1138 580 Nr.
1165 509 1254 582 341.

328 639 446 706 Lucrics
461 639 528 704 III
536 637 685 723 destringi
698 640 771 704 dem
787 637 997 719 Erabisclrofe
1017 635 1166 808 {lgllrlebm
1180 636 1421 813 qon)ll¹laneale
1431 637 1493 700 den
1506 635 1614 702 Besitz
1625 637 1681 700 des
1694 634 1844 700 Khsters
1856 635 2007 699 Mattiaci

1073 777 1079 792 .
1136 748 1244 792 essma
1310 777 1317 791 .

903 845 989 907 1183
1005 841 1189 907 November
1201 846 1252 907 16.
1283 843 1425 926 Anagni.

485 963 605 1026 Lucius
628 963 813 1044 episcopus,
837 979 948 1023 servus
969 980 1137 1024 servorum
1161 959 1223 1038 dei,
1245 959 1424 1024 venerabili
1449 958 1537 1021 fratri
1553 955 1729 1034 wilielmo,
1752 955 2005 1039 archiepiscopo

328 1053 450 1116 Montis
474 1051 598 1134 regalis,
629 1053 763 1132 eiusque
793 1049 1035 1113 successoribus
1067 1050 1226 1114 canonice
1256 1048 1500 1123 substituendis,
1532 1049 1565 1110 in
1598 1054 1803 1130 perpetuum.
1849 1046 1907 1121 Ea,
1942 1066 2006 1128 que

327 1141 369 1205 ab
394 1143 576 1225 apostolice
599 1141 685 1204 sedis
709 1140 888 1203 clemencia
911 1149 1006 1202 tenor
1020 1151 1054 1202 et
1069 1140 1229 1202 instancia
1244 1140 1327 1202 iuste
1343 1137 1511 1221 petitionis
1527 1135 1725 1220 expostulat,
1748 1143 1827 1199 tunc
1843 1136 2006 1198 libencius

326 1230 459 1314 placido
484 1231 595 1293 favore
618 1230 773 1313 prosequi
790 1238 974 1291 mereantur
993 1225 1029 1313 a),
1054 1249 1127 1292 cum
1144 1229 1200 1311 pia
1214 1227 1412 1311 postulantis
1427 1226 1570 1290 intencio
1587 1225 1678 1289 etad
1695 1226 1748 1288 dei
1765 1225 2006 1307 omnipotentis

326 1319 486 1384 honorem
517 1328 605 1383 recta
636 1317 896 1382 consideratione
927 1317 1075 1399 dirigitur
1103 1328 1135 1380 et
1166 1338 1256 1380 mera
1286 1317 1420 1380 devotio
1451 1315 1667 1398 supplicantis
1697 1315 1732 1377 id
1762 1317 1880 1397 ipsum,
1914 1313 2006 1395 quod

326 1410 481 1492 postulat,
514 1409 680 1491 copiosius
703 1417 916 1490 promeretur.
963 1409 1165 1489 Eapropter‚
1195 1405 1391 1470 venerabilis
1415 1406 1448 1468 in
1472 1406 1608 1468 domino
1633 1403 1739 1481 irater,
1773 1405 1866 1486 pium
1889 1413 2007 1466 votum

327 1506 360 1562 et
383 1497 547 1562 laudabile
571 1497 780 1560 fraternitatis
803 1506 858 1558 tue
880 1497 1089 1578 propositum
1122 1496 1336 1571 attendentes,
1369 1495 1540 1576 quomodo
1563 1493 1717 1556 videlicet
1747 1493 1834 1557 circa
1866 1503 2007 1554 matrem

325 1599 425 1664 tuam,
449 1589 635 1650 Romanam
659 1586 844 1662 ecclesiam,
875 1595 908 1647 et
931 1605 992 1648 nos
1016 1586 1106 1667 ipsos
1130 1586 1269 1648 devotus
1292 1594 1325 1647 et
1348 1584 1477 1646 humilis
1501 1603 1690 1665 perseveras
1714 1591 1747 1644 et
1770 1583 1803 1644 in
1826 1582 2008 1644 commisse

326 1677 386 1740 tibi
410 1677 546 1740 ecclesie
569 1676 719 1738 comodis
742 1675 977 1756 promovendis
1000 1694 1077 1736 cura
1105 1684 1137 1737 et
1168 1673 1385 1737 sollicitudine
1416 1672 1571 1754 pastorali
1603 1672 1753 1746 desudas,
1784 1670 2008 1754 peticionibus

326 1767 390 1829 tuis
406 1766 582 1828 clementer
597 1765 777 1839 annuimus
794 1773 838 1839 ut,
861 1763 951 1844 quod
968 1783 987 1825 a
1003 1764 1100 1826 nobis
1116 1764 1228 1845 previa
1244 1765 1369 1826 ratione
1385 1782 1446 1844 pro
1463 1762 1579 1825 eadem
1596 1761 1741 1836 ecclesia,
1757 1770 1790 1824 te
1805 1760 2008 1842 postulante,

326 1855 505 1936 requiritur,
537 1854 672 1918 obtatos
695 1855 801 1916 exitus
824 1852 911 1915 utilis
934 1852 1074 1914 efficatie
1096 1854 1262 1916 sorciatur.
1308 1851 1502 1934 Specialiter
1525 1861 1635 1913 autem
1658 1851 1901 1924 monasterium,
1931 1868 2008 1911 con·

326 1946 476 2007 stitutum
499 1945 531 2005 in
556 1944 638 2016 loco,
664 1943 719 2024 qui
744 1942 861 2005 dicitur
884 1942 1083 2004 Maniacium
1100 1939 1134 2027 ¹),
1167 1943 1256 2024 quod
1279 1942 1369 2004 bone
1393 1941 1551 2003 memorie
1575 1939 1751 2021 Margarite
1769 1936 1802 2024 ³),
1833 1939 2008 2020 quondam

326 2034 436 2115 regine
459 2032 575 2109 Sicilie,
601 2032 711 2094 lavore
735 2041 768 2094 et
791 2050 923 2094 assensu
947 2031 1002 2112 pie
1029 2031 1264 2094 recordationis
1287 2030 1438 2112 Nicolay,
1463 2030 1683 2093 Messanensis
1711 2027 1957 2110 archiepiscopi
1972 2023 2008 2112 ⁴),

326 2134 360 2185 et
383 2123 517 2205 capituli
541 2123 609 2184 eius
632 2119 769 2184 ecclesie
791 2130 846 2183 tue
870 2120 1039 2194 concessit,
1071 2141 1132 2184 nos
1155 2121 1263 2183 eidem
1288 2120 1424 2184 ecclesie
1448 2138 1523 2182 cum
1554 2119 1707 2181 omnibus
1737 2118 1954 2200 pertinenciis
1977 2126 2010 2179 et

326 2211 530 2275 libertatibus
553 2211 626 2286 suis,
652 2229 716 2291 que
740 2211 830 2272 iuxta
851 2219 1001 2272 tenorem
1025 2210 1179 2273 autentici
1203 2211 1416 2285 instrumenti,
1441 2209 1532 2290 quod
1555 2207 1700 2289 prefatus
1723 2207 1878 2270 Nicolaus
1901 2203 2009 2268 archi·

326 2303 502 2383 episcopus
526 2299 603 2362 inde
626 2299 710 2374 lecit,
734 2298 866 2362 inferius
882 2308 1089 2376 annotantur,
1113 2300 1308 2362 auctoritate
1324 2297 1507 2380 apostolica
1532 2297 1763 2361 confirmamus
1787 2306 1821 2360 et
1842 2296 2010 2378 presentis

326 2391 438 2472 scripti
469 2389 640 2472 privilegio
672 2389 920 2451 communimus.
966 2387 1002 2450 In
1034 2389 1148 2470 primis
1178 2388 1341 2470 siquidem
1372 2387 1501 2469 prefato
1533 2386 1783 2469 archiepiscopo
1807 2385 1953 2449 Nicolao
1978 2395 2011 2447 et

326 2479 395 2543 eius
419 2479 563 2561 capitulo
588 2479 718 2560 placuit,
748 2479 981 2540 monasterium
1005 2478 1113 2560 ipsum
1136 2498 1211 2541 curn
1234 2477 1388 2541 omnibus
1410 2477 1629 2560 pertinenciis,
1660 2476 1849 2539 tenimentis
1871 2485 1906 2538 et
1932 2495 2009 2557 pos·

326 2568 527 2632 sessionibus
549 2568 631 2641 suis,
662 2587 744 2649 quas
766 2567 818 2630 vel
842 2567 875 2629 in
905 2568 1146 2649 presenciarum
1177 2567 1279 2630 habet
1309 2566 1361 2629 vel
1392 2567 1425 2628 in
1456 2566 1598 2629 futurum
1628 2566 1751 2647 poterit
1773 2563 1934 2647 adipisci,
1966 2563 2010 2626 ab

328 2659 417 2720 omni
442 2657 556 2721 debito
581 2656 799 2720 Messanensis
822 2655 958 2720 ecclesie
975 2656 1113 2720 liberum
1129 2656 1382 2737 absolutumque
1406 2656 1570 2718 dimittere
1594 2663 1627 2718 et
1647 2655 1725 2718 illud
1749 2655 1782 2717 in
1798 2675 1837 2717 ea
1852 2654 2010 2717 libertate

327 2747 474 2830 predicte
490 2747 600 2827 regine
616 2745 836 2828 peticionibus
851 2747 1025 2827 assignare,
1049 2747 1104 2821 ita,
1127 2753 1162 2809 ut
1178 2766 1239 2809 nec
1255 2746 1284 2808 ei
1309 2765 1370 2808 nec
1385 2743 1629 2808 successoribus
1644 2744 1713 2808 eius
1728 2752 1784 2807 aut
1799 2743 2010 2806 Messanensi

327 2835 464 2900 ecclesie
479 2830 679 2920 licencia(m)
696 2843 886 2911 remaneret,
911 2835 952 2898 de
969 2834 1064 2898 rebus
1088 2835 1189 2917 ipsius
1204 2835 1392 2898 monasterii
1415 2834 1467 2898 vel
1491 2833 1662 2898 hominum
1678 2843 1734 2897 aut
1748 2833 2009 2896 tenimentorum

327 2927 396 2990 eius
420 2925 575 3008 quicquid
599 2925 741 3006 exigere,
765 2943 883 3005 capere
904 2923 956 2987 vel
980 2924 1088 2987 modis
1110 2924 1274 3006 aliquibus
1297 2933 1502 3006 extorquere.
1547 2925 1600 3000 Et,
1631 2924 1658 2986 si
1682 2922 1766 2986 forte
1790 2923 2009 3004 contingeret,

327 3015 419 3097 quod
442 3016 530 3078 idem
554 3014 710 3077 Nicolaus
741 3013 1006 3096 archiepiscopus
1028 3013 1080 3076 vel
1103 3032 1235 3077 suorum
1268 3012 1406 3096 quilibet
1433 3033 1656 3077 successorum
1686 3032 1746 3094 per
1773 3012 1861 3074 idem
1892 3031 2008 3074 mona·

327 3104 461 3167 sterium
476 3104 528 3166 vel
552 3124 612 3186 per
634 3103 708 3166 loca
731 3113 764 3166 et
783 3100 995 3165 obediencias
1011 3103 1079 3165 eius
1094 3104 1265 3166 transitum
1282 3102 1413 3180 iaceret,
1437 3123 1503 3166 non
1519 3103 1632 3165 liceret
1645 3103 1675 3164 ei
1692 3111 1747 3164 aut
1762 3102 2009 3164 successoribus

328 3194 405 3268 eius,
438 3192 479 3256 ab
505 3194 578 3275 ipso
602 3192 802 3254 monasterio
823 3191 876 3254 vel
900 3191 1102 3255 obedienciis
1132 3203 1188 3255 aut
1217 3190 1407 3255 hominibus
1438 3204 1472 3255 et
1501 3191 1689 3255 tenimentis
1718 3191 1783 3254 suis
1806 3191 1934 3253 victum
1958 3191 2009 3253 vel

329 3281 475 3365 quelibet
497 3281 663 3364 stipendia
684 3302 744 3364 per
766 3300 802 3343 se
824 3281 876 3343 vel
904 3301 964 3364 per
994 3282 1075 3344 alios
1108 3282 1302 3344 auctoritate
1331 3303 1390 3344 sua
1422 3282 1513 3362 quasi
1545 3301 1588 3343 ex
1621 3280 1735 3343 debito
1766 3298 1912 3359 querere,
1947 3281 2007 3343 nisi

328 3371 562 3435 monasterium
586 3371 692 3452 ipsum
717 3369 851 3451 aliquod
874 3371 920 3433 eis
943 3391 986 3433 ex
1008 3370 1203 3433 liberalitate
1226 3371 1361 3453 propria
1382 3371 1521 3435 voluerit
1550 3369 1715 3433 exhibere.
1761 3371 1813 3445 Et,
1846 3370 2009 3450 quoniam

327 3461 477 3545 predicta
499 3460 612 3542 regina
639 3459 802 3542 prefatum
834 3461 1068 3522 monasterium
1097 3459 1285 3542 supradicte
1315 3461 1451 3523 ecclesie
1483 3471 1538 3523 tue
1570 3459 1759 3522 decreverat
1791 3457 2006 3532 offerendum,

325 3552 410 3614 sicut
432 3560 466 3613 et
488 3549 720 3632 postmodum,
750 3567 852 3630 opere
874 3560 1104 3630 prosequente,
1128 3550 1322 3629 complevit,
1353 3549 1446 3613 dedit
1468 3559 1502 3612 et
1529 3549 1704 3623 concessit,
1736 3546 2007 3630 archiepiscopus

326 3639 482 3703 Nicolaus
507 3639 547 3702 de
571 3639 735 3701 communi
753 3657 885 3700 assensu
902 3639 1034 3719 capituli
1051 3639 1099 3701 sui
1116 3658 1215 3700 omne
1231 3639 1280 3701 ius
1299 3639 1497 3721 episcopale,
1523 3638 1613 3720 quod
1629 3636 1767 3700 ecclesia
1783 3636 2007 3700 Messanensis

326 3731 360 3792 in
383 3730 456 3811 ipso
481 3728 680 3790 monasterio
703 3727 754 3790 vel
778 3727 967 3790 hominibus
990 3738 1046 3790 aut
1068 3727 1256 3790 tenimentis
1279 3729 1355 3803 eius,
1381 3749 1444 3808 que
1469 3728 1501 3789 in
1525 3726 1698 3809 parrochia
1712 3727 1764 3788 vel
1784 3725 1925 3789 ecclesia
1950 3747 2007 3789 sua

327 3819 550 3893 continentur,
581 3816 727 3880 habebat
748 3814 800 3879 vel
830 3815 953 3879 habere
984 3825 1130 3899 poterat,
1163 3817 1189 3879 si
1221 3826 1331 3879 tamen
1363 3817 1396 3880 in
1422 3817 1487 3880 hoc
1510 3816 1693 3898 apostolice
1715 3815 1803 3878 sedis
1825 3817 2006 3879 auctoritas

326 3908 534 3971 consentiret.
574 3905 645 3969 Nos
661 3906 765 3988 igitur,
790 3924 922 3969 omnem
942 3907 1124 3987 predictam
1139 3907 1395 3980 concessionem,
1418 3906 1501 3969 sicut
1517 3926 1538 3968 a
1552 3925 1631 3987 sepe
1648 3905 1737 3967 dicto
1754 3904 2005 3986 archiepiscopo

326 4007 360 4060 et
382 3996 527 4078 capitulo
552 3997 619 4058 eius
642 3995 778 4058 ecclesie
801 4005 857 4057 tue
886 4015 946 4076 per
977 3995 1191 4058 interventum
1222 3995 1408 4077 supradicte
1439 3995 1550 4078 regine
1573 3995 1660 4057 facta
1692 4004 1743 4057 est
1772 4000 1806 4056 et
1828 3994 2004 4075 descripta,

326 4093 431 4150 ratam
452 4084 622 4158 habentes,
646 4103 718 4147 eam
743 4083 775 4145 in
799 4104 858 4146 sua
881 4084 1084 4147 decernimus
1107 4084 1260 4148 firmitate
1276 4085 1453 4148 consistere
1469 4095 1503 4148 et
1517 4083 1618 4147 robur
1632 4093 1828 4165 perpetuum
1844 4085 2005 4146 obtinere.

326 4176 542 4238 Decernimus
566 4193 653 4255 ergo,
678 4183 714 4235 ut
737 4172 813 4235 nulli
837 4173 973 4235 omnino
996 4171 1167 4236 hominum
1191 4174 1296 4248 liceat,
1319 4173 1483 4255 prefatum
1507 4174 1741 4236 monasterium
1755 4173 1807 4233 vel
1832 4172 2005 4236 ecclesiam

325 4275 417 4327 tuam
433 4265 465 4328 in
481 4283 522 4326 eo
538 4273 660 4326 temere
675 4261 866 4344 perturbare
882 4309 889 4322 .
906 4308 912 4322 .
929 4309 936 4322 .
954 4311 960 4324 .
977 4263 1176 4325 omnimodis
1191 4261 1369 4345 profutura,
1393 4266 1484 4326 salva
1497 4264 1585 4326 sedis
1602 4261 1784 4344 apostolice
1800 4263 2005 4326 auctoritate.

326 4353 362 4418 Si
386 4373 451 4435 qua
474 4353 600 4435 igitur.
626 4398 633 4412 .
658 4397 664 4410 .
689 4350 822 4414 Cunctis
845 4360 955 4413 autem
980 4398 986 4412 .
1014 4401 1019 4413 .
1045 4400 1051 4412 .
1076 4351 1250 4414 inveniant.
1296 4349 1416 4416 Amen.

538 4437 594 4524 (R)
618 4439 691 4522 Ego
713 4441 833 4502 Lucius
856 4439 1018 4502 catholice
1041 4440 1178 4504 ecclesie
1201 4431 1378 4523 episcopus
1400 4463 1441 4506 ss.
1464 4437 1526 4526 (M)

539 4527 560 4611 †
583 4531 656 4611 Ego
680 4528 872 4591 Theodinus
895 4528 1082 4592 Portuensis
1105 4539 1139 4592 et
1162 4539 1274 4593 sancte
1296 4530 1414 4594 Rufine
1437 4530 1524 4594 sedis
1548 4531 1725 4612 episcopus
1747 4550 1788 4592 ss

539 4616 559 4700 †
583 4619 657 4700 Ego
680 4618 841 4680 Henricus
864 4618 1064 4682 Albanensis
1087 4619 1263 4701 episcopus
1286 4640 1326 4684 ss.

538 4706 559 4789 †
581 4708 655 4789 Ego
677 4706 795 4771 Paulus
817 4707 1024 4771 Prenestinus
1047 4708 1222 4790 episcopus
1244 4729 1285 4772 ss.

539 4795 560 4878 †
582 4797 656 4879 Ego
680 4795 842 4859 Iohannes
865 4797 1027 4877 presbiter
1049 4797 1222 4861 cardinalis
1244 4798 1293 4860 tit.
1317 4797 1420 4860 sancti
1444 4794 1547 4859 Marci
1570 4817 1612 4859 ss.

539 4884 560 4968 †
582 4887 657 4968 Ego
680 4886 793 4949 Petrus
817 4887 980 4968 presbiter
1002 4887 1176 4950 cardinalis
1199 4887 1247 4950 tit.
1271 4897 1384 4950 sancte
1408 4885 1557 4950 Susanne
1579 4907 1623 4948 ss.

538 4976 656 5057 †Ego
679 4975 838 5038 Vivianus
867 4976 1029 5057 presbiter
1059 4976 1232 5040 cardinalis
1255 4977 1302 5040 tit.
1325 4975 1430 5039 sancti
1453 4974 1614 5056 Stephani
1646 4974 1678 5036 in
1702 4972 1794 5038 Celio
1827 4984 1942 5037 monte
1964 4993 2002 5036 ss

539 5062 560 5145 †
583 5063 656 5146 Ego
678 5064 850 5128 Laborans
866 5066 1028 5147 presbiter
1042 5065 1216 5128 cardinalis
1231 5075 1343 5129 sancte
1356 5065 1460 5128 Marie
1476 5064 1698 5128 transtiberim
1719 5063 1766 5126 tit.
1780 5061 1902 5127 Calixti
1920 5062 1951 5146 b)
1962 5083 2001 5126 ss.

540 5150 560 5237 †
583 5155 657 5235 Ego
680 5153 857 5217 Pandulsus
880 5153 1041 5237 presbiter
1063 5155 1237 5218 cardinalis
1259 5155 1308 5217 tit.
1332 5155 1467 5217 basilice
1489 5167 1540 5218 ΧΠ
1563 5151 1804 5236 Apostolorum
1829 5173 1871 5215 ss.

540 5239 560 5326 †
584 5242 657 5324 Ego
680 5242 841 5306 lacinctus
865 5244 1023 5307 diaconus
1046 5243 1219 5307 cardinalis
1241 5253 1354 5308 sancte
1378 5243 1480 5307 Marie
1503 5244 1537 5306 in
1553 5243 1723 5307 Cosmidin
1745 5262 1788 5304 ss.

488 5544 513 5607 a)
532 5557 713 5608 prosequemur
730 5542 783 5592 Del
800 5541 900 5592 Giudr'ce
1007 5543 1033 5606 b)
1053 5543 1132 5592 sancti
1157 5541 1254 5592 Calixti.
1274 5582 1325 5588 -
1346 5543 1383 5606 ,1)
1409 5541 1487 5608 Vergl.
1507 5541 1544 5594 M.
1562 5543 1615 5592 Del
1633 5541 1739 5600 Giudice,
1770 5539 1867 5604 Templo
1894 5541 1921 5589 dr'
1938 5539 2002 5590 sder-

326 5617 391 5665 reale
410 5615 444 5664 II
451 5621 479 5678 p.
492 5615 607 5664 48-60.
679 5615 705 5679 2)
725 5613 842 5674 Mattiaci,
860 5613 976 5664 Frcrione
992 5615 1038 5665 del.
1057 5630 1115 5665 com.
1134 5613 1162 5663 di
1177 5614 1274 5674 Bronte,
1288 5621 1360 5679 prov.
1378 5628 1391 5663 e
1408 5613 1497 5663 cicond.
1517 5613 1544 5662 di
1557 5612 1668 5663 Catonia.
1706 5611 1779 5662 Mrcrs
1795 5613 1854 5662 aber
1871 5613 2005 5663 araur!

326 5689 390 5737 nacla
416 5686 491 5736 dieser
510 5685 628 5736 Urkunde
646 5685 741 5736 damis
762 5701 808 5735 aur
825 5687 922 5736 Ducere
941 5684 1048 5736 Messina
1060 5687 1146 5753 gelirt
1162 5686 1245 5737 luben.
1336 5687 1362 5749 3)
1382 5684 1547 5751 Murgantia,
1572 5685 1672 5734 Tockter
1693 5699 1741 5733 von
1764 5684 1868 5734 Gratias
1886 5686 2001 5742 Ratira,

327 5758 422 5824 Ko'nigs
438 5773 486 5808 von
498 5757 625 5819 Navarra,
644 5773 700 5807 war
714 5757 842 5808 Geneatae
861 5758 983 5809 llillvlmr
1001 5758 1021 5807 I
1031 5773 1080 5809 von
1098 5757 1203 5808 Sicilire.
1275 5758 1303 5822 4)
1321 5756 1451 5819 Nikolaur,
1470 5756 1615 5822 Enlr'sclros
1627 5770 1675 5806 von
1688 5755 1801 5818 Messala,
1823 5761 1839 5806 1
1842 5757 2000 5807 rao-1182.
