4142 6366
300 313 363 376 292

300 502 412 545 eorum
437 481 711 564 postulationibus
735 480 910 542 clementer
933 498 1081 553 annuere,
1113 479 1295 559 apostolice
1318 479 1414 555 sedis,
1446 478 1512 552 cui,
1542 475 1699 558 largiente
1730 476 1881 550 domino,
1914 473 1976 536 de-

299 573 465 645 servimus,
495 573 670 633 auctoritas
694 577 727 632 et
749 570 891 632 fraterne
915 569 1056 630 caritatis
1079 569 1183 629 unitas
1216 588 1275 630 nos
1297 567 1301 650 l
1320 566 1470 630 hortatur
1488 563 1525 650 a).
1571 563 1765 647 Eapropter‚
1796 564 1908 628 dilecti
1939 566 1972 626 in

298 660 431 723 domino
447 658 509 734 filii,
533 660 644 721 vestris
660 659 749 721 iustis
766 657 1039 738 postulationibus
1056 655 1234 718 clementer
1249 658 1421 718 annuimus
1438 664 1471 718 et
1487 656 1758 736 predecessorum
1775 661 1972 732 nostrorum,

298 750 387 812 bone
411 748 565 811 memorie
581 748 793 811 INNOCENTH
811 743 842 830 ¹),
865 742 1009 829 LUC112)
1032 753 1067 808 et
1082 744 1276 808 ANASTASII
1292 744 1326 832 ³),
1349 745 1575 808 Romanorum
1595 744 1798 824 pontificum,
1823 744 1974 824 vestigiis

297 837 488 912 inherentes,
512 839 614 899 sancti
638 836 767 900 Martini
795 835 977 908 ecclesiam,
1007 837 1040 897 in
1064 854 1129 916 qua
1153 834 1263 896 divino
1288 835 1465 916 mancipati
1491 834 1568 896 estis
1592 832 1763 912 obsequio,
1794 831 1856 894 sub
1879 831 1973 898 beati

297 927 382 990 Petri
406 932 439 988 et
461 934 572 988 nostra
596 927 799 1007 protectione
822 927 1016 1006 suscipimus
1049 932 1082 985 et
1105 925 1266 1004 presentis
1289 925 1400 1005 scripti
1432 922 1605 1004 privilegio
1638 923 1887 984 communimus.
1934 921 1972 983 ln

298 1017 411 1098 primis
441 1015 602 1096 siquidem
631 1022 826 1089 statuenteS,
856 1020 893 1076 ut
922 1013 1002 1076 ordo
1033 1015 1222 1089 canonicuS,
1254 1015 1309 1094 qui
1341 1013 1520 1074 secundum
1551 1011 1602 1073 dei
1633 1013 1785 1074 timorem
1817 1019 1850 1072 et
1881 1010 1972 1074 beati

297 1105 470 1185 Augustini
495 1105 639 1186 regulam
662 1103 705 1167 ibi
728 1104 872 1165 noscitur
894 1103 1065 1176 institutus,
1095 1103 1262 1184 perpetuis
1286 1101 1489 1183 temporibus
1512 1100 1738 1163 inviolabiliter
1768 1099 1971 1164 observetur.

299 1193 458 1268 Preterea‚
482 1213 703 1274 quascumque
732 1192 964 1274 possessiones,
994 1210 1202 1272 quecumque
1232 1191 1321 1254 bona
1351 1191 1467 1253 eadem
1501 1188 1637 1253 ecclesia
1667 1191 1699 1252 in
1732 1192 1970 1270 presentiarum

297 1285 380 1345 iuste
404 1292 437 1345 et
460 1284 613 1344 canonice
636 1282 785 1363 possidet
812 1289 867 1343 aut
895 1281 927 1343 in
959 1280 1099 1342 futurum
1131 1281 1343 1343 concessione
1374 1279 1575 1362 pontificum,
1605 1279 1775 1360 largitione
1806 1299 1921 1361 regum
1941 1277 1973 1363 b)

297 1371 348 1434 vel
367 1368 396 1456 b)
419 1373 612 1453 principum,
642 1369 811 1434 oblatione
841 1369 986 1432 fidelium
1018 1389 1074 1431 seu
1103 1368 1172 1431 aliis
1201 1370 1291 1432 iustis
1323 1369 1439 1444 modis,
1472 1377 1639 1452 prestante
1670 1367 1815 1442 domino,
1845 1371 1975 1450 poterit

297 1461 444 1542 adipisci,
477 1459 569 1523 firma
591 1459 685 1524 vobis
715 1459 895 1538 vestrisque
927 1459 1170 1522 successoribus
1201 1467 1235 1521 et
1266 1457 1392 1521 illibata
1423 1465 1643 1540 permaneant
1689 1458 1725 1520 In
1759 1458 1877 1538 quibus
1906 1458 1976 1522 hec

297 1551 438 1632 propriis
462 1549 616 1611 duximus
631 1549 846 1630 exprimenda
862 1547 1045 1612 vocabulis:
1080 1546 1248 1611 ecclesiam
1269 1549 1371 1611 sancti
1388 1547 1490 1610 Marci
1507 1567 1581 1610 cum
1598 1545 1749 1611 omnibus
1765 1548 1976 1627 pertinentiis

296 1642 372 1714 suis,
396 1637 566 1701 ecclesiam
590 1641 694 1699 sancti
717 1637 795 1699 lusti
820 1645 852 1699 et
874 1645 976 1700 terras
1000 1645 1099 1718 atque
1123 1639 1356 1719 possessiones,
1381 1656 1462 1716 quas
1485 1639 1599 1700 Petrus
1622 1637 1665 1697 de
1687 1644 1801 1700 sancto
1827 1635 1973 1700 Genesio

297 1747 369 1790 cum
395 1746 496 1789 uxore
519 1747 576 1788 sua
600 1728 707 1788 eidem
731 1726 869 1789 ecclesie
893 1727 1022 1808 pietatis
1045 1726 1162 1788 intuitu
1192 1726 1318 1808 optulit.
1365 1726 1439 1789 Hoc
1471 1743 1604 1805 quoque
1637 1725 1805 1798 adicimus,
1829 1734 1874 1800 ut,
1899 1728 1972 1806 qui-

298 1835 437 1895 cumque
467 1814 547 1878 infra
578 1816 722 1878 eiusdem
752 1817 835 1878 sacri
866 1815 930 1877 loci
961 1816 1137 1890 ambitum,
1168 1811 1388 1901 [sug]gerente
1421 1815 1570 1889 diabolo,
1601 1813 1722 1877 furtum
1761 1814 1876 1878 fecerit
1912 1825 1973 1878 aut

296 1904 390 1967 alicui
413 1905 601 1967 violentiam
625 1903 675 1966 vel
700 1905 847 1986 rapinam
870 1901 1019 1978 intulerit,
1044 1924 1215 1986 quousque
1231 1905 1325 1968 vobis
1349 1912 1383 1967 et
1405 1904 1540 1966 ecclesie
1559 1904 1601 1967 de
1617 1911 1806 1985 perpetrata
1822 1907 1971 1986 nequitia

296 1993 495 2068 satisfecerit,
527 2013 662 2056 censura
693 1993 910 2055 ecclesiastica
939 1993 1078 2056 feriatur.
1125 1992 1175 2068 Et,
1200 1996 1356 2073 quoniam
1379 1994 1556 2056 secundum
1582 1991 1740 2056 humanas
1756 1993 1845 2074 leges
1860 2013 1970 2058 sacro-

296 2092 408 2146 sancta
427 2081 453 2168 ο)
476 2081 613 2145 ecclesia
636 2083 787 2145 omnibus
810 2080 1003 2164 generaliter
1029 2083 1130 2146 debet
1161 2102 1233 2146 esse
1264 2083 1434 2165 refugium,
1466 2082 1560 2145 simili
1585 2082 1686 2144 modo
1709 2084 1902 2157 sanccimus,
1925 2093 1972 2162 ut,

297 2173 493 2254 quicumque
516 2192 612 2235 causa
635 2172 744 2234 salutis
777 2179 913 2253 propter
942 2172 1075 2253 aliquod
1107 2172 1317 2235 commissum
1349 2193 1384 2235 se
1415 2172 1457 2234 ad
1488 2172 1628 2234 eundem
1651 2170 1761 2234 locum
1785 2171 1972 2248 contulerit,

297 2261 404 2324 donec
427 2263 516 2344 prior
539 2270 572 2324 et
595 2261 709 2324 fratres
733 2263 839 2342 ipsum
864 2261 905 2323 ad
934 2263 1087 2324 iustitiam
1120 2263 1377 2344 presentaverint
1396 2259 1441 2345 d),
1471 2282 1491 2323 a
1514 2263 1643 2323 nemine
1674 2260 1884 2324 abstrahatur
1912 2269 1974 2324 aut

297 2349 453 2412 lesionem
484 2358 540 2413 aut
571 2351 801 2413 detrimentum
832 2349 966 2429 aliquod
997 2349 1144 2432 patiatur.
1196 2349 1413 2413 Prohibemus
1443 2350 1587 2432 insuper,
1627 2357 1663 2412 ut
1701 2349 1776 2412 nulli
1811 2369 1971 2430 umquam

298 2441 528 2503 canonicorum
552 2447 629 2521 post
651 2439 772 2502 factam
795 2439 1029 2522 professionem
1053 2439 1178 2519 absque
1201 2439 1303 2502 libera
1319 2440 1435 2520 prioris
1452 2448 1486 2501 et
1500 2438 1635 2501 fratrum
1651 2438 1779 2501 licentia
1794 2440 1968 2502 ecclesiam

299 2536 438 2591 vestram
462 2527 644 2608 relinquere
667 2538 700 2591 et
723 2529 764 2591 ad
788 2529 886 2591 alium
910 2528 1029 2604 locum,
1053 2528 1111 2590 nisi
1133 2529 1259 2591 artioris
1287 2527 1449 2610 religionis
1478 2535 1617 2610 optentu
1641 2527 1738 2591 liceat
1761 2531 1968 2610 pertransire,

298 2635 359 2679 nec
381 2618 497 2699 aliquis·
517 2619 759 2700 episcoporum,
784 2617 949 2692 abbatum,
978 2619 1122 2700 priorum
1146 2616 1197 2680 vel
1227 2617 1335 2698 aliqua
1358 2637 1499 2700 persona
1522 2637 1597 2680 eum
1620 2619 1759 2680 retinere
1790 2625 1969 2698 presumat,

298 2706 357 2768 sed
388 2715 555 2787 tamquam
585 2726 643 2768 sue
673 2707 883 2788 professionis
916 2706 1135 2788 prevaricator
1166 2708 1271 2769 redire
1301 2706 1342 2769 ad
1380 2705 1490 2769 locum
1533 2708 1701 2788 proprium
1741 2706 1968 2788 compellatur.

299 2793 386 2858 Sane
409 2795 572 2859 novalium
595 2803 784 2872 vestrorum,
808 2815 872 2875 que
888 2799 1030 2878 propriis
1047 2796 1195 2859 manibus
1212 2802 1269 2858 aut
1282 2795 1468 2877 sumptibus
1484 2794 1598 2870 colitis,
1620 2795 1689 2858 sive
1704 2795 1746 2857 de
1763 2799 1969 2858 nutrimentis

299 2885 485 2948 animalium
507 2893 698 2958 vestrorum,
722 2884 825 2947 nullus
849 2886 983 2948 omnino
1000 2884 1133 2947 clericus
1149 2885 1200 2947 vel
1215 2884 1315 2947 laicus
1331 2885 1476 2947 decimas
1491 2905 1511 2946 a
1526 2884 1622 2947 vobis
1643 2893 1810 2965 presumat
1826 2885 1969 2967 exigere.

299 2971 506 3055 Sepulturam
530 2993 662 3055 quoque
686 2976 786 3056 ipsius
809 2972 870 3036 loci
894 2974 1031 3036 liberam
1056 2993 1127 3036 esse
1150 2974 1369 3048 concedimus,
1395 2980 1430 3035 ut
1453 2993 1565 3036 eorum
1586 2973 1753 3036 devotioni
1769 2982 1802 3037 et
1819 2983 1970 3038 extreme

298 3062 464 3140 voluntati,
489 3065 544 3144 qui
568 3082 604 3124 se
627 3061 689 3126 illic
712 3063 842 3144 sepeliri
866 3061 1123 3138 deliberaverint,
1147 3065 1207 3125 nisi
1231 3064 1505 3126 excommunicati
1521 3061 1572 3125 vel
1589 3061 1748 3125 interdicti
1765 3066 1839 3138 sint,
1862 3063 1970 3127 nullus

300 3151 446 3226 obsistat,
462 3153 552 3214 salva
568 3160 677 3215 tamen
695 3153 816 3214 iustitia
832 3152 974 3214 matricis
990 3151 1135 3214 ecclesie.
1174 3150 1317 3215 Clericos
1334 3171 1411 3214 vero
1427 3151 1494 3213 sive
1510 3152 1609 3213 laicos
1626 3151 1754 3226 liberos,
1777 3152 1972 3216 seculariter

299 3243 454 3317 viventes,
482 3242 524 3303 ad
549 3243 794 3303 conversionem
818 3241 1014 3321 suscipiendi
1038 3241 1163 3319 absque
1186 3239 1316 3304 alicuius
1340 3240 1594 3303 contradictione
1618 3240 1807 3304 facultatem
1831 3241 1971 3306 liberam

298 3329 453 3393 habeatis.
498 3328 685 3392 inhibemus
708 3331 815 3404 etiarn,
848 3337 883 3390 ut
912 3328 988 3392 nulli
1013 3329 1095 3391 infra
1124 3329 1327 3410 parrochiam
1352 3338 1495 3392 vestram
1528 3329 1697 3392 ecclesiam
1722 3331 1773 3393 vel
1804 3329 1974 3412 capellam

299 3419 424 3500 absque
445 3426 554 3482 vestro
569 3438 710 3494 assensu,
724 3419 822 3480 salvis
837 3417 1012 3500 privilegiis
1027 3418 1175 3481 Romane
1191 3418 1335 3494 ecclesie,
1351 3417 1528 3483 hedificare
1544 3427 1723 3500 presumat;
1761 3439 1819 3481 vos
1847 3428 1970 3494 autem,

299 3509 326 3569 si
350 3528 423 3570 cum
440 3526 570 3570 assensu
586 3508 693 3570 Pisani
709 3507 945 3589 archiepiscopi
962 3507 1113 3570 edificare
1128 3506 1299 3584 volueritis,
1325 3507 1429 3572 nullus
1450 3509 1570 3570 audeat
1585 3505 1771 3588 prohibere.
1813 3508 1971 3571 Mansuro

299 3605 448 3678 preterea
472 3600 503 3659 in
526 3604 721 3678 perpetuum
746 3598 879 3659 decreto
903 3599 1033 3678 penitus
1049 3595 1270 3678 prohibemus,
1294 3596 1525 3678 parrochianos
1541 3605 1667 3677 vestros
1688 3596 1845 3660 facilitate
1860 3598 1971 3676 aliqua

298 3685 350 3749 vel
382 3693 572 3767 contemptu
604 3686 717 3749 vestris
749 3685 973 3749 sacerdotibus
1003 3687 1220 3767 pretermissis
1250 3686 1332 3748 alios
1370 3686 1462 3749 adire
1500 3706 1561 3767 pro
1592 3687 1778 3767 penitentiis
1808 3687 1862 3749 vel
1895 3687 1967 3749 aliis

298 3773 524 3838 ecclesiasticis
547 3777 757 3838 sacramentis
781 3776 978 3848 sacerdotes,
1008 3775 1065 3836 sed
1090 3793 1150 3837 nec
1174 3775 1336 3856 presbiter
1358 3777 1530 3856 quisquam
1562 3774 1680 3838 talibus
1711 3774 1764 3838 illa
1795 3777 1968 3851 ministret,

297 3884 415 3946 penam
440 3867 627 3928 canonicam
657 3867 851 3946 recepturis,
885 3863 1081 3942 quicumque
1108 3866 1214 3926 sciens
1238 3863 1467 3944 prohibitionis
1496 3861 1592 3926 huius
1614 3864 1752 3926 voluerit
1782 3884 1856 3928 esse
1889 3885 1968 3928 corr-

296 3961 448 4035 temptor.
495 3952 672 4017 Statuimus
688 3955 795 4028 etiarn,
819 3961 862 4028 ut,
885 3954 912 4015 si
936 3953 1020 4015 forte
1036 3952 1322 4034 parrochianorum
1339 3961 1520 4016 vestrorum
1538 3955 1708 4034 quisquam
1727 3955 1759 4016 in
1776 3953 1968 4018 infinnitate

296 4043 422 4124 positus
444 4044 486 4106 ad
507 4043 695 4125 religionem
713 4043 842 4104 duxerit
857 4041 1088 4104 transeundum
1104 4050 1137 4103 et
1152 4042 1336 4117 decesserit,
1353 4044 1384 4105 in
1399 4041 1493 4105 bonis
1508 4040 1635 4104 collatis
1651 4042 1790 4105 ecclesie
1806 4046 1966 4107 canonica

297 4131 390 4194 vobis
415 4135 523 4213 portio
546 4140 734 4195 reservetur.
782 4129 935 4194 Obeunte
957 4149 1035 4193 vero
1059 4139 1100 4206 te,
1134 4151 1220 4193 nunc
1243 4132 1390 4194 eiusdem
1414 4131 1476 4194 loci
1501 4132 1618 4213 priore,
1648 4130 1700 4194 vel
1728 4139 1860 4195 tuorum
1886 4152 1968 4212 quo-

297 4220 377 4283 libet
398 4240 630 4297 successorum,
662 4220 767 4282 nullus
791 4220 836 4282 ibi
861 4219 1004 4298 qualibet
1027 4219 1237 4302 surreptionis
1262 4217 1400 4307 [astu]tia
1423 4240 1480 4284 seu
1504 4219 1659 4283 violentia
1681 4229 1894 4302 preponatur,
1916 4229 1969 4285 set

297 4309 395 4372 liceat
416 4310 519 4385 vobis,
548 4312 713 4373 communi
743 4308 880 4372 consilio
904 4307 956 4371 vel
984 4309 1114 4371 maioris
1138 4317 1172 4371 et
1193 4311 1330 4372 sanioris
1353 4311 1455 4391 partis
1478 4310 1657 4372 secundum
1681 4309 1734 4372 dci
1757 4309 1910 4374 timorem
1934 4319 1968 4374 et

297 4398 385 4460 beati
417 4396 588 4480 Augustini
618 4394 785 4483 [regul]am
816 4398 942 4478 absque
971 4395 1063 4459 ullius
1094 4399 1350 4462 contradictione
1391 4399 1534 4481 priorem
1566 4398 1694 4480 eligere.
1748 4400 1969 4464 Decemimus

298 4507 393 4569 ergo,
425 4495 461 4550 ut
490 4486 566 4550 nulli
596 4490 728 4551 omnino
751 4485 919 4552 hominum
951 4485 998 4548 fas
1021 4488 1063 4548 sit
1082 4483 1125 4571 e),
1158 4488 1318 4568 prefatam
1342 4488 1510 4552 ecclesiam
1536 4538 1542 4551 .
1567 4537 1574 4549 .
1599 4537 1605 4550 .
1630 4487 1741 4550 usibus
1764 4491 1969 4553 omnimodis

297 4576 482 4658 profutura,
518 4576 607 4640 salva
635 4577 720 4638 sedis
750 4575 930 4657 apostolice
960 4575 1152 4638 auctoritate
1185 4586 1219 4640 et
1249 4577 1353 4640 Pisani
1383 4576 1620 4659 archiepiscopi
1653 4579 1808 4642 canonica
1837 4579 1970 4644 iustitia.

297 4665 331 4730 Si
353 4684 420 4746 qua
442 4667 540 4748 igitur
563 4714 569 4727 .
594 4715 601 4728 .
626 4715 632 4727 .
658 4663 790 4728 Cunctis
813 4674 921 4727 autem
945 4712 952 4726 .
976 4711 983 4726 .
1009 4713 1015 4726 .
1040 4665 1210 4727 inveniant.
1255 4665 1373 4730 Amen.
1397 4666 1487 4730 A-m.
1511 4665 1629 4729 Amen.
1653 4701 1697 4711 -

510 4753 567 4840 (Rl
591 4755 664 4838 Ego
687 4753 807 4817 Lucius
831 4751 992 4816 catholice
1015 4752 1152 4818 ecclesie
1176 4755 1349 4837 episcopus
1372 4776 1413 4818 ss.
1436 4755 1498 4842 (M)

508 4844 529 4926 †
551 4842 624 4926 Ego
648 4842 817 4907 Conradus
840 4840 1027 4906 Sabinensis
1050 4844 1228 4926 episcopus
1253 4851 1286 4907 et
1308 4843 1563 4927 Salisburgensis
1587 4845 1732 4908 minister
1754 4863 1797 4906 ss.

508 4933 529 5015 †
550 4935 622 5016 Ego
646 4930 836 4996 Theodinus
859 4931 1044 4994 Portuensis
1068 4940 1102 4994 et
1124 4941 1235 4996 sancte
1257 4934 1374 4997 Rufine
1396 4936 1484 4998 sedis
1508 4936 1682 5018 episcopus
1705 4953 1748 4996 ss.

509 5022 530 5104 †
552 5021 624 5105 Ego
647 5023 761 5084 Petrus
784 5021 984 5084 Tusculanus
1009 5021 1183 5104 episcopus
1206 5043 1247 5084 ss.

509 5111 530 5193 †
552 5111 624 5194 Ego
645 5108 672 5196 f)
695 5110 813 5173 Paulus
836 5109 1044 5173 Prenestinus
1068 5111 1243 5195 episcopus
1266 5131 1307 5174 ss.
1331 5108 1376 5196 (4)

506 5237 550 5256 ,-
573 5201 593 5284 †
615 5203 688 5282 Ego
712 5201 824 5262 Petrus
847 5199 894 5264 tit.
919 5209 1030 5264 sancte
1054 5197 1201 5266 Susanne
1225 5201 1388 5284 presbiter
1411 5201 1580 5266 cardinalis
1603 5223 1644 5264 ss.

300 5361 506 5368 0-1———
514 5361 608 5368 --—-
617 5361 719 5368 --—·—--

456 5425 481 5486 a)
500 5420 582 5470 Dash
601 5420 674 5470 rithrt
689 5436 737 5469 von
750 5421 854 5486 gether
870 5421 945 5470 Οἰκία
962 5421 1006 5468 wit
1029 5421 1072 5470 der
1088 5421 1167 5470 Name
1185 5421 1224 5470 des
1244 5419 1326 5472 Pn'm
1343 5421 1387 5470 fur
1484 5420 1511 5486 b)
1529 5420 1581 5484 arcs
1594 5421 1679 5468 Rarur
1766 5423 1792 5486 c)
1811 5431 1972 5472 sacrasancta

298 5493 325 5558 d)
345 5491 390 5541 das
401 5492 648 5542 Abbrwiammiclen
658 5493 711 5557 fiir
727 5509 744 5541 n
761 5493 806 5542 mit
822 5494 866 5541 der
882 5493 958 5542 Dinte
975 5493 1012 5542 die
1024 5493 1126 5556 Hugoni
1144 5493 1232 5542 scirdeb
1311 5496 1336 5556 e)
1356 5499 1365 5540 t
1382 5493 1434 5558 aus
1448 5494 1531 5540 Rancr
1547 5506 1595 5541 von
1610 5491 1713 5541 andem
1730 5491 1805 5543 Deae
1887 5495 1909 5559 f)
1926 5511 1973 5545 vor

297 5563 354 5628 Ego
373 5564 433 5613 steht
447 5580 495 5614 von
510 5564 613 5630 gleirhcr
630 5565 710 5613 Hand
725 5564 777 5626 ΕΡ,
795 5565 903 5628 offerrbar
919 5567 982 5614 hatte
1000 5564 1043 5612 der
1059 5565 1182 5616 Schreiler
1198 5579 1321 5628 vergessm
1338 5564 1394 5626 Ego
1413 5562 1606 5614 owmchrdbm
1627 5564 1683 5612 rmd
1708 5565 1820 5615 dadmch
1838 5567 1884 5614 dos
1901 5569 1920 5615 P
1937 5584 1973 5617 nn

298 5635 343 5686 das
361 5635 383 5684 E
398 5636 506 5701 geritckr.
525 5674 575 5680 -
596 5635 631 5703 ,1)
653 5635 771 5688 Urkunde
787 5652 842 5688 vom
860 5637 896 5686 30
916 5635 972 5689 Mai
990 5637 1063 5690 1135.
1174 5639 1201 5702 2)
1223 5635 1340 5688 Urkundt
1357 5651 1411 5688 vom
1432 5637 1465 5685 10
1483 5633 1540 5686 Mai
1556 5638 1631 5685 1144.
1731 5636 1758 5702 3)
1780 5637 1900 5690 Urkunde
1915 5654 1973 5690 vene

298 5709 314 5764 2
334 5707 463 5761 December
479 5707 555 5762 1163.
