4126 6366
1670 337 1729 414 381

20 529 245 612 regulariter
274 527 521 602 substituendis,
553 541 590 590 IN
614 539 691 590 ΡΡΜ.
715 563 759 578 —·
779 529 783 608 Ι
805 528 921 591 Monet
952 547 1012 590 nos
1043 526 1225 609 apostolice
1257 524 1357 601 sedis,
1392 525 1451 602 cui,
1486 525 1561 588 licet
1584 525 1733 600 inmeriti,

21 621 267 704 presidemus,
292 618 478 691 auctoritas,
502 637 564 698 pro
587 627 674 680 statu
698 619 845 680 omnium
870 617 1079 680 ecclesiarum
1102 615 1242 698 provida
1265 615 1558 696 circumspectione
1585 625 1734 696 satagere

22 719 74 784 et,
116 729 169 772 ne
201 708 419 790 malignorum
452 706 574 787 rapinis
604 707 655 769 vel
687 707 845 770 molestiis
875 715 1098 787 exponantur,
1132 705 1351 786 apostolicum
1374 703 1379 788 Ι
1406 705 1484 787 ipsis
1515 705 1734 786 patrocinium

23 798 221 862 exhibere.
268 796 464 879 Eapropter,
490 795 609 859 dilecte
632 797 665 859 in
689 797 825 859 domino
850 796 894 858 fili
916 795 1028 870 abbas,
1053 794 1116 857 tuis
1140 795 1231 857 iustis
1255 793 1533 876 postulationibus
1558 793 1734 874 prebentes

24 907 224 952 assensum
247 897 280 950 et
297 887 400 949 felicis
417 885 573 948 memorie
590 885 859 967 predecessorum
872 895 1053 948 nostrorum
1065 882 1279 947 INNOCENTII
1294 880 1326 967 ¹),
1343 885 1446 946 LUCII
1458 883 1482 963 ²)
1499 893 1532 946 et
1547 883 1689 947 URBANI
1699 879 1733 967 ³),

25 977 281 1041 Romanorum
311 974 521 1058 pontificum,
560 976 706 1057 vestigiis
741 976 942 1052 inherenteS,
985 973 1219 1036 monasterium
1249 973 1337 1036 beati
1369 970 1610 1046 Bartholomei,
1643 973 1734 1054 quod

26 1067 240 1150 specialiter
262 1065 352 1128 beati
375 1065 461 1127 Petri
489 1064 565 1126 iuris
598 1066 725 1140 existit,
759 1064 809 1127 cui
839 1075 972 1127 auctore
1004 1063 1139 1126 domino
1170 1083 1301 1144 preesse
1332 1062 1519 1138 dinosceris
1553 1062 1613 1124 sub
1645 1062 1733 1125 beati

26 1157 132 1221 Petri
162 1163 197 1220 et
221 1165 332 1219 nostra
355 1151 561 1236 protectione
592 1155 786 1236 suscipimus
810 1164 843 1217 et
867 1161 981 1217 contra
996 1173 1172 1235 pravorum
1195 1150 1365 1214 hominum
1382 1152 1544 1233 nequitias
1560 1151 1734 1233 apostolici

27 1246 216 1328 privilegii
249 1244 368 1308 robore
400 1243 648 1306 communimus.
694 1245 852 1319 Preterea,
884 1263 1108 1324 quascumque
1141 1242 1375 1324 possessiones
1407 1261 1612 1323 quecumque
1645 1240 1735 1303 bona

28 1336 137 1398 idem
166 1333 402 1396 monasterium
427 1333 459 1394 in
483 1333 720 1414 presentiarum
741 1335 824 1396 iuste
840 1340 873 1396 et
889 1333 1048 1395 canonice
1070 1331 1219 1413 possidet
1243 1337 1299 1393 aut
1315 1331 1347 1392 in
1363 1330 1505 1393 futurum
1521 1331 1734 1393 concessione

30 1424 259 1508 pontificum,
291 1423 464 1504 largitione
488 1441 600 1503 regum
623 1423 675 1486 vel
699 1423 895 1505 principum,
926 1422 1096 1485 oblatione
1128 1420 1275 1483 fidelium
1307 1441 1363 1483 seu
1396 1420 1466 1482 aliis
1498 1420 1589 1483 iustis
1617 1420 1733 1495 modis,

32 1525 223 1598 prestante
247 1513 392 1587 domin0,
424 1512 546 1593 poterit
569 1513 724 1594 adipisci,
756 1512 849 1574 firma
871 1512 968 1575 vobis
990 1512 1172 1591 vestrisque
1194 1509 1435 1573 successoribus
1459 1518 1492 1572 et
1515 1509 1640 1572 illibata
1662 1528 1733 1591 per·

33 1613 219 1667 maneant.
272 1601 309 1664 In
344 1601 463 1682 quibus
492 1599 554 1664 hec
585 1602 727 1684 propriis
759 1602 911 1664 duximus
944 1600 1160 1682 exprimenda
1182 1599 1366 1662 vocabulis:
1407 1599 1515 1661 locum
1546 1599 1669 1680 ipsum,
1701 1599 1734 1660 in

35 1715 113 1776 quo
142 1692 310 1775 prefatum
335 1691 568 1753 monasterium
591 1692 690 1754 situm
714 1701 773 1766 est,
796 1711 870 1754 cum
895 1691 1048 1754 omnibus
1072 1689 1276 1771 pertinentiis
1300 1689 1373 1762 suis,
1398 1688 1567 1751 castellum
1583 1686 1735 1750 videlicet

36 1782 285 1865 Carpenetum,
317 1779 504 1855 Somatum‚
536 1780 705 1842 castellum
729 1783 813 1843 Fara
837 1800 910 1843 cum
934 1779 1139 1862 pertinentiis
1162 1779 1236 1852 suiS,
1270 1777 1443 1841 ecclesiam
1475 1797 1608 1859 quoque
1630 1778 1734 1840 sancti

34 1873 173 1936 Vitalis
213 1890 287 1934 cum
320 1869 525 1951 pertinentiis
555 1871 629 1947 suis,
653 1869 823 1933 ecclesiam
855 1871 959 1933 sancti
993 1868 1199 1941 Michahelis,
1232 1867 1404 1930 ecclesiam
1435 1869 1539 1930 sancti
1570 1865 1734 1942 Iohannis,

36 1962 227 2025 ecclesiam
254 1955 391 2045 [slancte
414 1959 527 2035 Marie,
552 1959 723 2022 ecclesiam
747 1961 851 2022 sancti
875 1959 1047 2041 Peregrini,
1072 1957 1244 2020 ecclesiam
1266 1957 1370 2020 sancti
1395 1956 1524 2020 Nicolai
1549 1956 1591 2018 de
1606 1955 1734 2033 Viculo,

38 2051 229 2116 ecclesiam
252 2057 365 2112 sancte
388 2047 491 2111 Marie
515 2050 548 2110 in
572 2048 710 2124 Soreno,
733 2049 887 2113 ecclesias
910 2059 1023 2112 sancte
1047 2047 1151 2110 Marie
1174 2056 1208 2110 et
1230 2047 1333 2111 sancti
1358 2047 1475 2110 Felicis
1499 2046 1532 2108 in
1553 2045 1734 2109 Cativuano

39 2161 126 2205 cum
153 2138 360 2222 pertinentiis
382 2138 457 2212 suis,
481 2138 654 2201 ecclesiam
677 2140 781 2202 sancti
805 2139 968 2213 Iohannis,
992 2137 1164 2201 ecclesiam
1180 2138 1282 2200 sancti
1299 2136 1421 2211 lacobi,
1445 2134 1615 2198 ecclesiam
1630 2135 1734 2198 sancti

41 2229 263 2303 Christosori,
295 2227 467 2290 ecclesiam
495 2238 608 2291 sancte
632 2227 736 2292 Marie
768 2229 800 2290 in
825 2228 1035 2303 Genestrula,
1069 2226 1239 2290 ecclesiam
1272 2226 1375 2289 sancti
1399 2225 1528 2288 Nicolai
1561 2234 1594 2287 et
1623 2234 1735 2287 sancte

41 2322 140 2384 Iuste
173 2319 215 2382 de
245 2318 421 2392 Ocretan0‚
454 2316 627 2381 ecclesiam
657 2328 771 2381 sancte
802 2316 906 2381 Marie
937 2318 979 2381 de
1002 2316 1148 2392 Brutulo,
1179 2315 1352 2379 ecclesiam
1383 2315 1488 2377 sancti
1503 2314 1669 2377 Laurentii
1693 2314 1735 2376 de

42 2408 205 2483 Fabrica,
239 2407 410 2470 ecclesiam
434 2409 537 2469 sancti
561 2402 740 2493 llohannils
763 2408 797 2470 in
820 2407 954 2484 Balneo,
988 2406 1160 2469 ecclesiam
1183 2406 1287 2468 sancti
1309 2403 1477 2467 Laurentii
1509 2404 1551 2466 de
1574 2403 1734 2479 Unican0,

43 2499 229 2564 ecclesiam
258 2505 372 2559 sancte
396 2496 500 2559 Marie
530 2496 562 2559 in
586 2497 704 2572 Plan0,
736 2497 907 2560 ecclesiam
937 2504 1049 2558 sancte
1074 2495 1177 2558 Marie
1206 2495 1239 2556 in
1263 2493 1394 2557 Cellulis
1425 2513 1499 2556 cum
1530 2492 1735 2574 pertinentiis

45 2608 176 2663 earum,
194 2586 366 2650 ecclesiam
380 2593 494 2649 sancte
512 2585 616 2648 Marie
635 2586 676 2649 de
692 2585 814 2649 Valezo
831 2593 864 2648 et
876 2585 1044 2660 Valezum,
1061 2584 1233 2647 ecclesiam
1249 2593 1361 2647 sancte
1380 2577 1534 2668 [C]ecilie,
1562 2581 1735 2644 ecclesiam

45 2687 167 2742 sancte
179 2675 267 2740 Iuste
278 2675 319 2738 de
332 2675 509 2738 Fellonaco
522 2685 556 2739 et
568 2676 781 2738 Fellonacum
793 2695 868 2739 cum
880 2674 1084 2757 pertinentiis
1095 2674 1170 2736 suis.
1199 2673 1325 2736 Crisma
1340 2693 1427 2748 vero,
1452 2671 1561 2735 oleum
1576 2682 1735 2745 sanctum,

47 2765 320 2832 consecrationes
344 2763 494 2827 altarium
517 2785 574 2828 seu
599 2765 814 2842 basilicarum,
844 2765 1067 2828 ordinationes
1091 2763 1290 2838 clericorum,
1324 2763 1379 2844 qui
1404 2762 1446 2824 ad
1469 2781 1581 2824 sacros
1604 2761 1735 2824 ordines

48 2858 176 2922 luerint
206 2854 435 2937 promovendi,
468 2874 487 2916 a
520 2855 697 2918 diocesano
721 2855 905 2937 suscipietis
944 2855 1119 2936 episcopo,
1158 2852 1321 2934 siquidem
1352 2851 1531 2914 catholicus
1565 2850 1660 2913 fuerit
1701 2859 1735 2913 et

49 2946 192 3030 gratiam
217 2955 318 3025 atque
341 2944 609 3007 communionem
633 2945 816 3026 apostolice
840 2945 927 3008 sedis
951 2943 1109 3016 habuerit,
1133 2952 1166 3005 et
1189 2962 1229 3004 ea
1250 2940 1349 3023 gratis
1373 2951 1406 3003 et
1429 2940 1555 3020 absque
1573 2939 1733 3020 pravitate

49 3036 105 3101 vel
121 3035 298 3099 exactione
315 3033 424 3114 aliqua
440 3033 536 3096 vobis
553 3029 716 3118 [vloluerit
732 3034 896 3098 exhibere.
934 3031 1094 3114 Alioquin
1113 3029 1140 3117 a)
1157 3032 1253 3094 liceat
1267 3031 1370 3102 vobis,
1389 3050 1484 3111 quem
1506 3026 1534 3112 ει)
1550 3028 1733 3103 malueritis,

51 3127 148 3190 adire
170 3123 359 3197 antistitem,
383 3122 447 3203 qui,
466 3133 578 3186 nostra
601 3123 699 3186 fultus
715 3124 917 3198 auctoritate,
943 3123 1033 3204 quod
1049 3122 1241 3203 postulatur,
1258 3120 1434 3201 indulgeat.
1472 3119 1587 3182 Liceat
1602 3136 1735 3199 quoque

50 3215 169 3290 vobis,
202 3213 337 3275 clericos
360 3211 412 3274 vel
445 3210 560 3289 laicos,
594 3207 738 3297 libleros]
770 3221 803 3276 et
833 3212 1015 3288 absolutos
1047 3231 1064 3274 e
1093 3211 1204 3274 seculo
1229 3209 1397 3291 fugientes,
1422 3209 1465 3270 ad
1488 3207 1734 3270 conversionem

51 3315 198 3368 vestram
238 3301 384 3382 recipere
422 3312 456 3364 et
488 3323 546 3365 eos
578 3302 705 3383 absque
737 3303 999 3366 contradictione
1029 3302 1140 3382 aliqua
1170 3300 1317 3362 retinere.
1363 3297 1571 3381 Sepulturam
1601 3316 1735 3379 quoque

54 3396 159 3477 ipsius
182 3392 245 3454 loci
269 3390 406 3452 liberam
430 3411 501 3454 esse
525 3392 744 3467 decernimus,
777 3402 814 3454 ut
844 3411 957 3454 eorum
989 3391 1157 3452 devotioni
1187 3396 1219 3452 et
1243 3397 1388 3451 extreme
1411 3387 1589 3460 voluntati,
1621 3387 1735 3467 quise

54 3485 122 3548 illic
145 3480 276 3563 sepeliri
300 3480 564 3556 deliberaverint,
595 3481 657 3544 nisi
681 3480 765 3543 sorte
789 3480 1065 3543 excommunicati
1089 3480 1154 3541 sint
1176 3477 1228 3541 vel
1252 3477 1424 3553 interdicti,
1456 3475 1563 3539 nullus
1586 3475 1733 3550 obsistat,

55 3575 147 3637 salva
174 3582 286 3634 tamen
321 3569 444 3631 iustitia
481 3569 607 3632 illarum
646 3570 870 3644 ecclesiarum,
911 3589 930 3631 a
961 3568 1079 3651 quibus
1111 3577 1314 3631 mortuorum
1347 3586 1487 3649 corpora
1518 3574 1733 3628 assumuntur.

57 3663 212 3728 Obeunte
234 3678 313 3721 vero
338 3665 379 3733 te,
412 3677 499 3721 nunc
522 3659 668 3722 eiusdem
691 3659 754 3722 loci
789 3659 912 3722 abbate
949 3658 1000 3722 vel
1023 3664 1153 3720 tuorum
1186 3656 1336 3738 quolibet
1358 3674 1597 3729 successorum,
1629 3653 1734 3716 nullus

56 3753 102 3816 ibi
127 3749 275 3832 qualibet
298 3747 520 3828 subreptionis
543 3749 662 3811 astutia
685 3768 742 3812 seu
766 3749 922 3811 violentia
953 3757 1169 3829 preponatur,
1203 3747 1263 3808 nisi
1296 3764 1394 3826 quem
1424 3745 1537 3808 fratres
1570 3742 1734 3805 communi

56 3861 216 3905 consensu
247 3837 299 3899 vel
332 3836 466 3900 fratrum
498 3838 603 3900 maior
634 3859 711 3918 pars
743 3839 868 3901 consilii
905 3839 1056 3914 sanioris,
1098 3835 1277 3900 secundum
1313 3835 1366 3896 dei
1397 3835 1550 3897 timorem
1582 3842 1614 3895 et
1645 3831 1733 3894 beati

56 3929 226 3995 Benedicti
244 3925 389 4008 regulam
405 3927 610 4007 providerint
626 3927 822 4008 eligendum,
839 3926 1022 3990 aRomano
1035 3946 1173 4007 semper,
1189 3934 1359 4006 tamquam
1373 3925 1415 3986 ad
1428 3925 1535 4005 ipsum
1551 3921 1735 4003 specialiter

58 4021 276 4103 pertinentem
301 4063 308 4090 ,
332 4016 490 4097 pontifice
521 4015 794 4078 benedicendum.
847 4017 1063 4080 Decernimus
1093 4035 1187 4096 erg0‚
1220 4024 1255 4076 ut
1286 4013 1363 4075 nulli
1396 4013 1532 4075 omnino
1563 4011 1734 4072 hominum

59 4111 161 4184 liceat,
193 4105 358 4190 prefatum
383 4106 617 4168 monasterium
643 4154 648 4167 .
675 4152 681 4166 .
708 4154 714 4168 .
739 4106 851 4168 usibus
882 4105 1082 4168 omnimodis
1105 4104 1283 4186 profutura,
1314 4101 1404 4165 salva
1434 4102 1521 4165 sedis
1554 4099 1735 4181 apostolice

60 4199 260 4263 auctoritate.
308 4193 343 4258 Si
369 4214 434 4276 qua
466 4195 562 4276 igitur
587 4241 594 4254 .
618 4240 627 4256 .
651 4244 657 4257 .
682 4194 816 4258 Cunctis
840 4203 950 4257 autem
975 4242 981 4256 .
1006 4242 1013 4256 .
1038 4243 1044 4254 .
1070 4194 1245 4256 inveniant.
1291 4191 1410 4256 Amen.
1434 4191 1524 4255 A·m.
1548 4189 1667 4252 Amen.
1690 4224 1734 4233 —

270 4279 325 4367 (R)
348 4284 421 4364 Ego
446 4284 628 4347 Celestinus
652 4284 813 4347 catholice
836 4284 972 4348 ecclesie
996 4285 1172 4365 episcopus
1195 4303 1236 4346 ss.
1259 4277 1321 4366 (M)

269 4368 290 4454 'r
313 4372 386 4454 Ego
410 4373 584 4436 Albericus
599 4373 799 4459 Albanensis
823 4375 998 4456 episcopus
1020 4394 1060 4436 ss.
1084 4368 1130 4458 (1)

270 4459 290 4543 †
314 4462 388 4543 Ego
412 4463 573 4526 lohannes
596 4463 803 4526 Prenestinus
826 4464 1002 4545 episcopus
1025 4483 1066 4526 ss.

271 4548 291 4632 †
315 4551 389 4632 Ego
412 4552 526 4615 Petrus
550 4547 761 4638 [Por]tuensis
784 4562 817 4616 et
840 4562 953 4616 sancte
976 4552 1095 4615 Rufine
1118 4551 1294 4634 episcopus
1316 4570 1358 4613 ss.
1382 4543 1429 4632 (3)

269 4675 312 4685 -·-
337 4637 357 4724 †
380 4642 454 4723 Ego
476 4640 640 4704 Iohannes
663 4641 742 4704 felix
765 4642 926 4724 presbiter
950 4639 1122 4705 cardinalis
1145 4642 1193 4704 tit.
1217 4645 1330 4702 sancte
1353 4634 1503 4701 Susanne
1526 4659 1566 4700 ss.

271 4727 291 4813 †
315 4729 389 4812 Ego
413 4732 583 4794 Romanus
607 4731 654 4794 tit.
678 4739 790 4794 sancte
812 4730 989 4795 Anastasie
1012 4730 1174 4814 presbiter
1197 4728 1369 4792 cardinalis
1392 4747 1434 4789 ss.

271 4815 291 4902 †
314 4817 387 4902 Ego
412 4819 522 4885 Guido
547 4820 709 4902 presbiter
731 4821 904 4884 cardinalis
927 4832 1039 4884 sancte
1061 4820 1164 4883 Marie
1185 4818 1406 4882 transtiberim
1426 4817 1472 4879 tit.
1493 4815 1611 4880 Calixti
1631 4837 1673 4878 ss.

270 4906 291 4990 i
315 4909 389 4990 Ego
412 4910 512 4991 Hugo
536 4909 698 4991 presbiter
721 4910 893 4973 cardinalis
916 4911 1021 4973 sancti
1045 4905 1203 4992 Mart(ini)
1227 4909 1275 4970 tit.
1302 4907 1425 4988 Equitii
1449 4927 1491 4968 ss.

270 4995 291 5078 †
315 4998 389 5080 Ego
414 4996 562 5062 Cinthius
585 5001 634 5062 tit.
659 5001 762 5062 sancti
787 4999 951 5062 Laurentii
977 5000 1009 5061 in
1032 5000 1158 5061 Lucina
1181 4997 1343 5079 presbiter
1367 4995 1540 5059 cardinalis
1563 5017 1603 5059 ss.
1627 4989 1674 5078 (1)

270 5121 314 5131 --
337 5085 357 5169 †
381 5089 455 5169 Ego
480 5087 643 5153 Gerardus
666 5090 769 5152 sancti
794 5089 932 5152 Adriani
957 5089 1114 5151 diaconus
1137 5086 1309 5150 cardinalis
1332 5107 1373 5149 ss

271 5173 291 5260 †
315 5176 388 5258 Ego
413 5177 590 5260 Gregorius
612 5188 726 5242 sancte
750 5179 854 5241 Marie
877 5179 910 5240 in
933 5178 1063 5241 Porticu
1088 5178 1246 5240 diaconus
1269 5173 1440 5238 cardinalis
1463 5195 1504 5236 ss.

270 5267 291 5345 †
314 5266 387 5348 Ego
411 5266 588 5348 Gregorius
611 5277 723 5330 sancte
747 5268 850 5331 Marie
873 5269 907 5330 in
929 5268 1058 5349 Aquiro
1083 5268 1240 5331 diaconus
1264 5265 1437 5328 cardinalis
1460 5285 1501 5327 ss.

271 5351 291 5437 †
315 5357 389 5437 Ego
414 5353 687 5441 GG.(Gregorius)
703 5358 806 5420 sancti
823 5357 957 5439 Georgii
974 5357 1016 5419 ad
1032 5355 1153 5419 Velum
1170 5376 1302 5419 aureum
1326 5355 1484 5416 diaconus
1501 5351 1675 5416 cardinalis
1692 5372 1731 5414 ss.

271 5441 388 5528 †,Ego
411 5446 562 5510 Lotarius
586 5457 773 5510 sanctorum
797 5443 902 5528 Sergii
927 5453 959 5509 et
982 5446 1084 5509 Bachi
1109 5446 1266 5509 diaconus
1290 5443 1464 5507 cardinalis
1487 5463 1528 5506 ss,

436 5607 479 5614 --.

217 5677 242 5736 a)
267 5673 318 5724 Von
341 5675 461 5740 Alioquin
486 5675 520 5724 bis
544 5690 619 5740 quern
640 5675 756 5740 gestreclt
779 5675 831 5740 auf
844 5678 935 5726 Rasur.
956 5716 1007 5723 ,-
1028 5679 1064 5742 .1)
1085 5675 1203 5726 urkunde
1228 5689 1283 5725 vom
1302 5676 1335 5726 25
1355 5671 1427 5723 Mrirr
1447 5673 1520 5723 1138,
1612 5675 1638 5741 2)
1658 5669 1735 5722 Nicnt

66 5749 170 5800 nmen.
245 5755 271 5812 3)
295 5745 412 5797 Urium
428 5763 484 5796 vom
506 5751 535 5796 19
558 5748 664 5812 Januar
682 5747 754 5797 1187.
