4142 6366
1681 341 1740 408 27¹

822 518 887 594 Nr.
917 521 1005 595 286.

75 641 264 710 Alexander
278 646 343 711 III
359 645 513 733 bestdtigt
536 648 609 712 dem
635 647 786 730 Bz'sclrofe
800 650 897 734 Hugo
918 673 978 716 von
1003 651 1149 715 Vulterra
1170 650 1225 712 die
1241 645 1475 712 Besz'tztkrlmer
1492 647 1599 711 seimr
1615 645 1652 710 K
1653 647 1746 726 inlu,

578 738 633 800 die
647 740 732 802 erin
746 741 975 822 apostolisclcen
989 739 1109 804 Sckuts
1123 740 1246 802 nimmt.

693 857 776 918 1179
791 853 893 939 April
904 859 960 919 23.
994 856 1142 919 Lateran.

239 983 431 1047 Alexander
453 986 636 1066 episcopus
660 1005 771 1050 servus
793 1009 958 1052 servorum
983 988 1045 1064 dei,
1068 985 1245 1050 venerabili
1269 984 1357 1048 fratri
1373 983 1528 1059 HUGONI,
1551 981 1746 1045 Vulterrano

78 1073 240 1152 episcopo
259 1070 298 1157 ¹),
329 1074 463 1154 eiusque
493 1075 734 1138 successoribus
765 1079 923 1141 canonice
953 1075 1201 1150 substituendis,
1232 1086 1271 1136 IN
1294 1086 1370 1136 PPM.
1393 1108 1436 1118 -
1456 1069 1461 1156 l
1482 1069 1564 1134 Cum
1596 1071 1748 1134 omnibus

78 1160 224 1223 ecclesiis
249 1172 282 1225 et
304 1163 452 1244 personis
476 1162 702 1228 ecclesiasticis
726 1166 893 1230 debitores
908 1188 951 1231 ex
966 1165 1147 1248 apostolice
1161 1163 1249 1227 sedis
1265 1161 1458 1226 anctoritate
1473 1181 1512 1223 ac
1527 1160 1749 1223 benivolentia

79 1251 220 1313 existere
252 1250 446 1326 debeamus,
477 1251 539 1314 illis
569 1262 679 1316 tamen
707 1257 865 1336 personis,
899 1276 962 1337 que
992 1255 1092 1318 beato
1116 1254 1211 1316 Petro
1243 1261 1277 1316 et
1306 1260 1417 1315 sancte
1439 1251 1589 1313 Romane
1613 1247 1748 1312 ecclesie

78 1336 279 1421 specialius!
299 1339 456 1403 adherere
485 1351 678 1417 noscuntur,
710 1346 915 1426 propensiori
948 1364 1008 1408 nos
1038 1342 1192 1406 convenit
1219 1340 1400 1404 affectionis
1429 1340 1538 1403 studio
1568 1338 1748 1420 providere,

79 1438 111 1489 et
135 1428 292 1501 ecclesiis,
314 1428 376 1490 sibi
401 1449 421 1491 a
444 1430 507 1492 deo
531 1431 723 1507 commissis,
746 1454 839 1496 suam
862 1435 1016 1498 iustitiam
1039 1451 1238 1496 conservare.
1284 1430 1479 1511 Eapropter,
1501 1427 1694 1490 venerabilis
1716 1428 1748 1488 in

80 1515 212 1580 Christo
235 1517 345 1600 Hugo,
368 1516 466 1580 frater
489 1520 654 1602 episcope,
678 1523 741 1585 tuis
764 1522 856 1587 iustis
878 1521 1154 1605 postulationibus
1176 1519 1353 1583 clementer
1375 1518 1545 1580 annuimus
1568 1525 1601 1580 et
1620 1513 1656 1600 ²),
1679 1534 1748 1596 pre·

80 1605 264 1670 decessoris
279 1607 381 1668 nostri
398 1606 500 1669 felicis
517 1611 673 1672 memorie
689 1611 901 1675 INNOCENTII
917 1633 1004 1694 pape
1019 1609 1163 1692 vestigiis
1178 1608 1370 1683 inherentes,
1394 1605 1556 1688 prefatam
1572 1603 1749 1679 ecclesiam,

81 1695 113 1755 in
139 1714 207 1777 qua
229 1705 361 1758 auctore
386 1695 449 1758 deo
472 1716 604 1777 preesse
627 1699 814 1776 dinosceris,
838 1701 898 1765 sub
923 1701 1011 1764 beati
1030 1701 1115 1762 Petri
1139 1708 1172 1761 et
1195 1707 1306 1760 nostra
1328 1695 1534 1778 protectione
1557 1692 1749 1775 suscipimus

80 1795 113 1846 et
130 1784 292 1866 presentis
307 1785 418 1866 scripti
434 1785 605 1868 privilegio
621 1790 866 1853 communimus.
905 1790 1083 1854 Statuimus
1099 1789 1193 1862 enim,
1217 1795 1260 1862 ut,
1282 1804 1504 1867 quascumque
1518 1783 1749 1865 possessiones,

81 1892 290 1954 quecumque
321 1872 411 1936 bona
441 1875 474 1937 in
506 1878 727 1954 monasteriis,
759 1879 919 1953 ecclesiis,
949 1879 1071 1953 castris
1101 1876 1193 1950 villis,
1217 1875 1314 1950 silvis,
1343 1873 1455 1948 vineis,
1487 1873 1579 1935 terris
1603 1870 1696 1934 cultis
1718 1879 1751 1932 et

80 1962 221 2037 incultis,
254 1963 409 2026 domibus
440 1983 497 2027 seu
521 1963 592 2027 aliis
623 1966 720 2030 rebus
752 1968 869 2030 eadem
890 1966 1085 2031 Vulterrana
1108 1965 1244 2029 ecclesia
1276 1965 1309 2026 in
1339 1963 1575 2044 presentiarum
1607 1961 1688 2023 iuste
1718 1969 1753 2022 et

80 2051 228 2133 legitime
259 2052 417 2133 possidet,
448 2051 541 2115 firma
572 2053 632 2117 tibi
666 2057 794 2136 tuisque
825 2056 1066 2120 successoribus
1097 2065 1130 2117 et
1161 2054 1284 2118 illibata
1306 2059 1529 2135 permaneant.
1574 2050 1610 2113 In
1634 2048 1752 2130 quibus

80 2140 144 2203 hec
167 2141 310 2223 propriis
333 2141 485 2204 duximus
508 2143 725 2223 exprimenda
739 2146 922 2209 vocabulis:
947 2145 1122 2209 cenobium
1145 2143 1269 2206 scilicet
1291 2142 1394 2204 sancti
1410 2139 1497 2216 Iusti,
1522 2139 1751 2201 monasterium

81 2230 125 2293 de
141 2227 285 2305 Cerret0,
310 2230 542 2293 monasterium
559 2231 600 2294 de
615 2232 782 2297 Puliciano
807 2254 880 2297 cum
897 2235 1035 2299 ecclesia
1050 2233 1155 2296 sancti
1171 2231 1318 2305 Mariani,
1342 2228 1537 2304 Mucchium‚
1561 2224 1751 2309 Spongiam,

82 2317 264 2393 Cononem,
287 2316 452 2394 Serenam,
477 2321 626 2396 Masium,
650 2321 786 2399 Sarium,
810 2325 981 2387 ecclesiam
1003 2323 1107 2387 sancti
1130 2321 1296 2396 Dalmatii,
1321 2317 1492 2382 ecclesiam
1515 2326 1627 2380 sancte
1650 2315 1752 2378 Marie

84 2408 126 2470 de
142 2417 258 2471 monte
273 2402 441 2484 Scudario,
466 2407 628 2486 Corniam,
646 2412 842 2488 Morronam,
866 2413 1098 2476 monasterium
1115 2411 1218 2473 sancti
1235 2403 1404 2493 Cassliani]
1421 2409 1454 2470 in
1471 2404 1604 2480 Carisio,
1620 2404 1753 2487 plebem

84 2497 190 2560 sancti
207 2496 389 2561 Geminiani
414 2507 447 2561 et
470 2498 630 2579 capellam
652 2502 755 2564 sancti
772 2497 940 2584 Stephani,
964 2501 1098 2584 plebem
1122 2500 1163 2562 de
1178 2499 1275 2574 Nera,
1298 2496 1430 2578 plebem
1454 2496 1576 2558 montis
1590 2493 1751 2568 Vultrarii,

85 2585 220 2666 plebem
243 2587 346 2648 sancti
369 2585 496 2666 lpoliti,
526 2587 659 2668 plebem
683 2590 724 2653 de
745 2589 897 2664 Castello,
920 2590 1038 2666 Scode,
1061 2589 1207 2664 Pernine,
1231 2586 1363 2669 plebem
1386 2586 1489 2649 sancti
1513 2583 1598 2659 Iusti,
1621 2582 1752 2664 plebem

86 2675 128 2737 de
152 2675 257 2748 Molli,
281 2675 322 2736 de
346 2673 469 2750 Monte,
494 2675 536 2738 de
559 2677 669 2750 Tocle,
693 2679 735 2742 de
758 2679 959 2756 Multiciano,
984 2680 1026 2741 de
1048 2678 1223 2759 Lugriano,
1247 2676 1290 2739 de
1313 2674 1467 2750 Cluslino,
1490 2673 1623 2755 plebem
1646 2671 1750 2734 sancti

84 2763 187 2839 Pauli,
211 2764 254 2827 de
276 2763 387 2839 Lame,
413 2765 454 2828 de
477 2765 552 2840 Yto,
585 2766 626 2828 de
649 2766 833 2844 Sorsciano,
862 2768 1031 2832 ecclesiam
1056 2767 1176 2830 montis
1199 2764 1379 2840 Scalocchi,
1409 2763 1451 2826 de
1475 2769 1588 2825 monte
1610 2761 1750 2835 Donico,

85 2853 128 2916 de
152 2851 281 2928 Casula,
305 2853 346 2915 de
368 2851 513 2928 Publico,
538 2854 579 2918 de
603 2856 729 2932 Morba,
754 2858 795 2919 de
819 2856 984 2934 Comesse,
1008 2858 1049 2919 de
1071 2855 1273 2933 Lustiniano,
1303 2854 1345 2917 de
1368 2852 1539 2927 Micciano,
1564 2851 1606 2912 de
1628 2848 1750 2924 Silano,

85 2941 128 3004 de
144 2941 320 3022 Querceto,
344 2942 386 3004 de
402 2940 536 3018 Casellc,
561 2943 602 3007 de
617 2945 754 3022 Yslaito,
775 2947 816 3010 de
833 2946 958 3022 casale,
981 2946 1023 3008 de
1039 2943 1153 3008 Casale
1168 2942 1289 3020 Iustuli,
1313 2943 1354 3006 de
1369 2942 1529 3015 Paratino,
1546 2940 1588 3004 de
1604 2937 1750 3012 Casallia,

85 3032 128 3094 de
152 3031 282 3106 Strid0,
314 3031 355 3092 de
386 3031 446 3093 Pat
470 3081 477 3094 .
500 3079 507 3092 .
532 3081 538 3094 .
563 3033 604 3108 io,
638 3035 679 3097 de
701 3034 784 3097 Rivo
816 3035 900 3112 alto,
930 3035 1090 3116 capellam
1122 3033 1163 3096 de
1186 3033 1314 3107 Rocca,
1345 3031 1478 3114 plebem
1509 3030 1551 3093 de
1573 3029 1675 3102 Pana,
1709 3027 1751 3090 de

84 3119 264 3196 UrciaticO,
287 3120 329 3183 de
352 3116 507 3198 Gabreto,
532 3121 574 3185 de
598 3123 742 3199 Fabrica,
768 3125 810 3188 de
832 3124 982 3200 Pecoioli,
1006 3124 1049 3187 de
1070 3124 1161 3199 Pino,
1193 3123 1234 3186 de
1255 3121 1344 3185 Villa
1367 3139 1494 3202 magna,
1527 3118 1569 3179 de
1591 3117 1750 3198 Rignano,

85 3210 128 3272 de
151 3209 292 3284 Toiano,
316 3208 357 3270 de
381 3208 515 3286 Coiano,
540 3211 581 3273 de
604 3223 718 3275 sancto
740 3213 877 3295 Regulo,
906 3214 947 3277 de
971 3212 1103 3288 Clanne,
1128 3211 1296 3274 ecclesiam
1320 3211 1423 3273 sancti
1437 3207 1589 3282 Victoris,
1619 3203 1752 3287 plebem

85 3298 127 3360 de
150 3299 327 3380 Pisignano
351 3306 384 3359 et
406 3298 448 3362 de
471 3298 563 3362 Colle
581 3298 617 3385 b)‚
642 3321 723 3382 quas
746 3303 896 3366 nimirum
920 3302 1034 3385 plebes
1058 3321 1132 3364 cum
1154 3300 1289 3382 capellis
1312 3309 1345 3362 et
1368 3298 1471 3373 rebus,
1503 3296 1545 3359 ad
1569 3296 1656 3376 ipsas
1679 3313 1751 3374 per·

84 3387 274 3462 tinentibus,
286 3388 564 3468 quemadmodum
575 3389 768 3454 Vulterrane
780 3391 916 3455 ecclesie
927 3391 1002 3454 iuris
1014 3409 1084 3454 esse
1096 3399 1282 3464 noscuntur,
1292 3388 1352 3451 tibi
1367 3388 1495 3468 tuisque
1511 3382 1752 3447 successoribus

84 3476 326 3540 confirmamus.
371 3475 609 3541 Nichilominus
632 3479 862 3544 confirmamus
876 3481 972 3543 vobis
991 3476 1018 3562 c)
1042 3479 1206 3542 civitatem
1220 3477 1433 3540 Vulteranam
1460 3471 1752 3555 compertinentiis

83 3566 159 3640 suis,
177 3575 324 3629 montem
336 3562 543 3641 Vultrarium,
566 3578 716 3631 sanctum
728 3569 966 3646 Geminianum,
983 3566 1182 3650 Ulignanum
1201 3564 1239 3650 d),
1258 3566 1466 3640 Pulicianum,
1480 3562 1697 3643 Catignanum
1716 3559 1752 3646 e),

84 3654 314 3731 Ganibassum,
338 3654 422 3718 colle
446 3655 592 3732 Musculi,
620 3667 767 3721 montem
790 3659 933 3722 Acutum
957 3678 1030 3721 cum
1054 3655 1180 3739 capella
1211 3657 1296 3718 intus
1325 3655 1442 3736 posita,
1478 3651 1638 3726 casulam,
1662 3651 1751 3715 Men-

83 3746 220 3818 tianum,
253 3753 398 3807 montem
421 3740 586 3822 Alcinurn,
608 3747 788 3824 Frosinam,
813 3747 999 3822 Cluslinum,
1023 3745 1230 3821 Monterium,
1254 3744 1418 3819 Fosinam,
1442 3741 1574 3816 Saxum,
1605 3749 1752 3802 montem

84 3831 218 3897 Cerbuli
248 3843 281 3896 et
311 3832 466 3914 quicquid
489 3833 571 3898 iuste
593 3837 769 3917 possidetis
792 3837 825 3899 in
849 3837 929 3899 locis
952 3835 1083 3899 inferius
1112 3834 1237 3916 positis,
1270 3833 1421 3896 videlicet
1444 3829 1581 3905 Gerfalc,
1612 3829 1751 3905 Travali,

84 3922 208 4004 Stagia,
240 3921 429 3997 Castilione,
462 3933 575 3987 monte
604 3923 742 4001 Castelli,
773 3923 870 4001 Licia,
902 3922 1023 4000 Silano,
1047 3924 1233 4005 Rignanum
1260 3921 1379 3996 villam,
1407 3919 1579 3993 Sarazan0,
1602 3917 1751 3994 Libian0,

85 4011 260 4085 Micciano,
284 4011 420 4087 Bibone,
445 4010 626 4088 Casalliam,
651 4013 788 4089 Gellum,
813 4012 1001 4091 Gabretum,
1024 4014 1160 4087 Lanera,
1183 4011 1323 4075 Lemcle
1361 4008 1506 4072 Termini
1522 4015 1631 4071 autem
1651 4007 1751 4088 ipsius

84 4101 297 4182 episcopatus
319 4101 370 4162 his
393 4099 511 4164 finibus
535 4102 767 4184 distinguntur:
790 4104 833 4167 ab
856 4103 935 4165 Elsa
957 4123 1060 4184 usque
1079 4100 1109 4187 s)
1133 4101 1175 4164 ad
1198 4120 1286 4164 mare
1309 4109 1343 4163 et
1363 4119 1384 4162 a
1405 4095 1602 4182 terminos),
1625 4096 1680 4176 qui
1703 4105 1753 4159 est

13 4273 14 4276 Ἴ
85 4190 179 4252 iuxta
202 4188 382 4264 Sitichium,
406 4197 440 4253 et
462 4190 504 4254 ab
528 4190 602 4267 alio,
633 4192 687 4273 qui
716 4200 766 4254 est
789 4211 892 4274 prope
915 4187 1116 4266 Sufficillum,
1141 4199 1174 4254 et
1195 4190 1238 4252 ab
1262 4189 1326 4266 ino,
1350 4187 1405 4271 qui
1429 4197 1479 4250 est
1500 4206 1605 4270 prope
1627 4184 1751 4248 Tocchi

85 4288 119 4342 et
142 4277 273 4354 Sancta,
297 4279 379 4341 sicut
394 4286 464 4342 erat
486 4281 651 4362 usquead
673 4291 821 4344 sanctum
838 4280 1028 4345 Cassianum
1052 4281 1084 4345 in
1101 4280 1212 4345 Carisi.
1257 4277 1470 4360 Quecumque
1493 4287 1641 4359 preterea
1663 4274 1752 4337 bona

86 4367 204 4430 eadem
236 4366 373 4430 ecclesia
400 4369 433 4430 in
465 4368 606 4432 futurum
638 4371 850 4434 concessione
881 4369 1090 4451 pontificum,
1129 4369 1301 4451 largitione
1338 4386 1449 4448 regum
1478 4366 1530 4429 vel
1558 4363 1751 4448 principum,

86 4455 258 4520 oblatione
280 4455 424 4520 fidelium
447 4478 503 4520 seu
519 4457 589 4520 aliis
605 4458 696 4521 iustis
715 4459 831 4536 modis,
855 4465 1021 4542 prestante
1045 4457 1189 4534 domin0,
1213 4458 1335 4540 poterit
1348 4456 1494 4538 adipisci,
1517 4454 1612 4517 vobis
1627 4454 1753 4535 integra

86 4565 221 4609 manere
236 4545 448 4609 decernimus.
486 4546 574 4609 Nulli
590 4567 668 4629 ergo
691 4549 827 4611 omnino
850 4547 1020 4611 hominurn
1043 4548 1148 4622 liceat,
1170 4546 1331 4629 prefatam
1354 4545 1523 4608 ecclesiam
1548 4591 1554 4605 .
1580 4590 1587 4605 .
1609 4590 1617 4605 .
1642 4543 1752 4606 usibus

87 4635 290 4698 omnimodis
319 4635 503 4716 profutura,
542 4633 631 4698 salva
660 4636 746 4699 sedis
776 4637 957 4719 apostolice
989 4637 1190 4700 auctoritate.
1243 4632 1279 4698 Si
1313 4655 1379 4716 qua
1407 4633 1564 4716 igitur..
1589 4681 1596 4694 .
1621 4630 1752 4695 Cunctis

87 4734 197 4787 autem
222 4773 230 4786 .
256 4773 263 4786 .
288 4772 295 4786 .
318 4724 493 4788 inveniant.
537 4721 656 4788 Amen.
679 4723 768 4787 Am.
791 4721 911 4789 Amen.
934 4759 977 4772 -

301 4807 356 4896 (R)
377 4813 451 4895 Ego
473 4812 665 4877 Alexander
687 4813 846 4878 catholice
868 4814 1004 4878 ecclesie
1027 4813 1201 4895 episcopus
1224 4832 1264 4875 ss.
1287 4809 1349 4896 (M)

301 4897 322 4982 †
344 4902 418 4983 Ego
441 4901 614 4966 Hubaldus
637 4902 821 4966 Hostiensis
845 4905 1019 4985 episcopus
1041 4923 1082 4966 ss.
1104 4897 1150 4986 (9)

301 5021 345 5034 -
373 4991 393 5071 †
424 4991 497 5073 Ego
527 4990 690 5055 lohannes
730 4993 891 5074 presbiter
924 4991 1096 5055 cardinalis
1126 4999 1311 5053 sanctorum
1343 4987 1497 5052 Iohannis
1528 5000 1561 5054 et
1590 4987 1679 5053 Pauli
1703 4985 1751 5051 tit.

512 5080 677 5143 Pamachii
701 5101 743 5144 ss.

89 5215 144 5221 —--
161 5213 510 5222 -ass-—m-—n-

247 5277 274 5336 a)
293 5289 305 5323 s
324 5281 347 5323 et
365 5275 417 5339 auf
430 5271 495 5324 eim
507 5276 630 5336 grossum
649 5275 739 5332 Ramr,
758 5285 883 5337 werwcgm
900 5279 995 5323 ersteres
1012 5269 1103 5323 nalem
1122 5275 1183 5332 0,(13
1206 5285 1254 5324 von
1270 5267 1334 5323 lr'nls
1351 5269 1414 5323 naci
1432 5271 1507 5322 reclus
1520 5269 1635 5339 gestreckt
1650 5269 1687 5333 r‘st,
1709 5287 1752 5324 um

88 5346 131 5397 dm
149 5347 233 5395 Rom
251 5361 282 5394 au
294 5345 376 5408 fitltm
448 5345 475 5409 b)
495 5347 539 5394 das
556 5360 573 5393 o
590 5361 636 5394 aus
654 5360 668 5393 e
685 5343 806 5409 korrigr'rr,
824 5342 904 5392 trister
921 5345 973 5394 dm
991 5361 1014 5404 e,
1032 5345 1129 5395 welches
1146 5361 1192 5394 arcs
1209 5360 1225 5393 ο
1242 5345 1357 5410 horrigr'rt
1372 5344 1421 5394 sein
1439 5343 1531 5404 mure,
1554 5345 1638 5394 Raror
1653 5360 1701 5395 von
1718 5348 1751 5410 le,

88 5417 262 5483 ersprdnglr'ch
278 5418 327 5465 also
345 5416 451 5479 Cellole,
471 5418 515 5466 das
532 5417 564 5465 K
562 5416 676 5480 irclldorf
687 5413 770 5464 Celloli
785 5414 843 5464 oder
853 5415 946 5466 Cellorr'.
982 5415 1033 5466 Ein
1047 5416 1192 5482 gednuktcr
1209 5417 1318 5480 Ruspect
1333 5415 1430 5474 extitirt,
1448 5418 1552 5481 wormes
1562 5417 1609 5467 alle
1626 5418 1751 5467 modemm

91 5489 148 5538 Orte
161 5495 273 5554 gennem!
288 5488 350 5546 sind
368 5489 405 5538 die
422 5503 452 5537 su
476 5489 581 5538 Volterra
595 5487 704 5554 grhlem,
723 5501 746 5535 er
763 5483 821 5535 sind
838 5489 884 5535 m
967 5497 991 5550 c)
1010 5488 1062 5553 auf
1072 5490 1157 5538 Rasur
1232 5487 1261 5549 d)
1278 5488 1301 5538 U
1319 5488 1370 5552 ores
1383 5489 1467 5537 Ranrr
1544 5491 1569 5552 e)
1587 5489 1644 5538 oder
1660 5489 1752 5554 Cctng·

88 5575 179 5610 nanum
197 5561 232 5610 ἐκ
250 5559 394 5625 glom'girt
463 5560 586 5624 slaisque
657 5563 684 5624 g)
704 5557 842 5607 attermino.
863 5596 914 5602 -.-
932 5562 967 5623 ,1)
986 5558 1061 5624 Hugo
1078 5559 1103 5607 d
1120 5562 1232 5625 Agriane,
1251 5559 1354 5624 Bbchof
1365 5574 1413 5608 von
1435 5559 1547 5618 Voltcrra,
1570 5561 1753 5620 rita-rien·

88 5633 162 5698 vrrgl.
190 5631 340 5693 Ammonio,
372 5631 467 5681 Vescovr'
491 5632 518 5680 dr'
548 5631 652 5680 Vulterra
680 5638 699 5679 1.
730 5631 795 5688 105,·
832 5628 861 5678 G.
889 5629 1014 5690 Leontini,
1044 5631 1207 5680 Illustrnsr'one
1234 5631 1296 5680 della
1326 5631 1459 5679 cattedrale
1484 5631 1511 5679 di
1541 5631 1646 5681 Volterra
1664 5639 1692 5696 p.
1711 5635 1751 5694 55,

93 5706 149 5763 120,
169 5706 231 5762 221,
250 5705 311 5762 252,
330 5703 388 5752 310.
