4142 6366
1687 329 1749 406 24t

824 505 889 582 Nr.
917 511 1004 584 243.

70 637 263 704 Alexander
288 639 353 703 III
373 638 514 702 schreibt
536 638 609 702 dem
635 638 847 723 Bambapitel
869 663 929 705 von
955 643 1052 718 Pisa,
1086 665 1124 706 er
1147 643 1230 707 habe
1254 643 1328 706 dem
1357 640 1487 708 Kloster
1512 642 1580 709 San
1606 645 1752 710 Russere

70 727 133 807 (D.
158 729 257 815 Pisa)
282 738 495 812 aegretragen,
526 729 600 792 dem
619 730 897 812 stattgesundenen
925 729 1112 815 Vergleicbe
1138 733 1367 816 entspreelzend
1402 732 1532 815 Abgabe
1553 756 1594 799 zu
1625 735 1750 815 sablen,

326 816 574 901 widrigenfalls
588 827 740 882 ersterem
755 820 817 885 das
826 841 933 903 ganze
947 823 1088 905 stritte'ge
1107 821 1310 886 Gmndstie'ck
1325 821 1447 903 eufalle
1465 825 1503 902 ¹).

656 939 867 1000 neo-1176
881 936 958 1010 Jua
971 938 1001 1001 5.
1035 937 1176 1021 Anagm'.

236 1053 429 1117 Alexander
452 1053 635 1136 episcopus,
660 1073 771 1115 servus
794 1073 960 1117 servorum
985 1055 1046 1130 dei,
1071 1054 1197 1119 dilectis
1220 1054 1302 1132 filiis,
1327 1054 1458 1118 Villano
1479 1055 1752 1137 archipresbitero

71 1154 106 1204 et
131 1141 313 1224 cainonicis
335 1144 467 1216 Pisanis
496 1142 634 1206 salutem
658 1153 690 1205 et
713 1143 931 1223 apostolicam
952 1145 1227 1209 benedictionem.
1272 1145 1431 1208 Volentes
1459 1145 1563 1221 vobis,
1594 1153 1752 1226 tanquam

71 1231 206 1295 devotis
235 1243 269 1296 et
299 1228 509 1316 spelcialibus
542 1232 678 1295 ecclesie
707 1231 797 1307 filiis,
830 1233 862 1295 in
895 1233 963 1297 iure
991 1244 1099 1297 vestro
1132 1235 1337 1316 propensiori
1368 1233 1586 1298 sollicitudine
1616 1245 1649 1298 et
1677 1255 1753 1298 cura

70 1322 201 1398 adesse,
227 1323 353 1386 dilectis
376 1321 449 1384 filiis
472 1322 600 1398 nostris,
624 1321 738 1385 abbati
762 1330 796 1384 et
819 1321 970 1386 fratribus
986 1325 1090 1387 sancti
1106 1324 1251 1400 Ruxorii,
1275 1323 1410 1386 firmiter
1432 1344 1491 1406 per
1505 1325 1626 1406 scripta
1641 1335 1753 1387 nostra

69 1413 292 1494 precipiendo
309 1413 543 1488 mandavimus
561 1420 596 1474 ut
612 1432 715 1493 usque
731 1412 774 1474 ad
790 1414 978 1493 proximum
995 1413 1112 1476 festum
1129 1413 1364 1496 purificationis
1379 1413 1477 1476 beate
1494 1415 1595 1476 Marie
1612 1433 1752 1488 censum,

71 1522 177 1582 quem
199 1502 295 1564 vobis
318 1523 379 1584 pro
403 1501 632 1578 transactione,
658 1521 722 1582 que
746 1502 911 1564 intervos
934 1509 967 1564 et
990 1503 1080 1585 ipsos
1105 1504 1192 1566 facta
1207 1512 1265 1578 est,
1290 1502 1420 1580 debent,
1444 1503 1514 1566 sine
1538 1503 1753 1566 diminutione

70 1591 189 1672 aliqua
218 1592 359 1654 reddant
388 1601 423 1654 et
445 1591 487 1654 de
510 1600 620 1654 cetero
645 1591 770 1671 absque
794 1590 859 1652 ulla
882 1592 1033 1655 molestia
1063 1603 1098 1655 et
1129 1592 1321 1656 difficultate
1352 1592 1550 1674 persolvant.
1596 1591 1695 1673 Quod
1726 1593 1753 1655 si

71 1701 182 1762 usque
201 1681 243 1744 ad
260 1693 389 1763 tempus
406 1680 484 1743 illud
500 1700 567 1742 non
585 1680 728 1755 fecerint,
753 1699 827 1742 cum
843 1681 876 1742 in
893 1681 965 1763 ipsa
980 1683 1199 1745 transactione
1216 1682 1428 1758 contineatur,
1453 1681 1552 1762 quod,
1576 1682 1602 1744 si
1620 1680 1753 1762 quando

72 1769 232 1833 monachi
256 1771 410 1834 adversus
432 1771 688 1833 transactionem
713 1770 808 1832 istam
830 1771 940 1833 venire
968 1772 1209 1853 temptaverint,
1241 1792 1283 1834 ex
1313 1781 1392 1834 tunc
1415 1790 1474 1832 vos
1506 1777 1612 1832 totam
1635 1778 1754 1833 terram

72 1860 174 1936 illam,
199 1880 298 1943 super
321 1881 386 1942 qua
409 1860 631 1922 controversia
654 1868 742 1921 mota
766 1858 878 1935 fuerat,
904 1860 1013 1940 quiete
1037 1871 1070 1923 et
1094 1861 1194 1923 libere
1216 1860 1375 1936 habeatis,
1404 1859 1499 1922 vobis
1522 1859 1655 1941 plenam
1678 1880 1753 1923 con·

72 1951 224 2014 cedimus
252 1949 448 2026 facultatem,
483 1959 518 2011 ut
540 1949 719 2012 secundum
743 1957 891 2010 tenorem
915 1951 1036 2032 scripti,
1068 1951 1189 2012 exinde
1212 1949 1288 2012 facti
1320 1959 1353 2011 et
1384 1949 1577 2012 auctoritate
1605 1947 1754 2012 Romane

71 2039 214 2102 ecclesie
231 2039 384 2116 roborati,
402 2038 498 2101 liceat
513 2038 617 2114 vobis,
634 2037 878 2119 possessionem
894 2039 1008 2120 ipsam,
1025 2039 1142 2102 nullius
1158 2038 1419 2102 contradictione
1434 2039 1485 2101 vel
1506 2035 1511 2123 Ι
1532 2038 1754 2120 appellatione

71 2128 241 2206 obstante,
266 2129 459 2192 auctoritate
482 2137 595 2190 nostra
617 2128 745 2190 intrare.
770 2162 812 2174 -
835 2127 912 2191 Dat.
936 2127 1099 2211 Anagnie,
1123 2143 1162 2192 111
1185 2129 1271 2192 Non.
1295 2126 1375 2191 lulii.

240 2244 282 2297 Or.
300 2244 334 2292 im
352 2243 463 2292 Arebe'aio
485 2241 619 2306 Capitolare
636 2258 666 2290 aee
686 2241 755 2292 Pisa.

239 2316 309 2382 Perg.
328 2314 387 2375 nal,
412 2315 447 2364 br.
468 2315 556 2374 odili,
580 2316 640 2380 long
664 2315 733 2374 0,26,
758 2320 833 2363 eaden
856 2314 935 2372 abab
958 2315 1157 2380 umgesrlelagen‚
1190 2315 1267 2365 durch
1291 2313 1348 2363 uwel
1373 2315 1464 2365 Lbeber
1483 2315 1541 2379 geht
1564 2313 1602 2362 die
1624 2329 1679 2362 resa
1703 2312 1759 2362 und

67 2391 135 2456 gelbe
155 2389 341 2446 Ser'densclerrur,
370 2386 527 2438 auderdus
544 2386 673 2451 Bleiriegel
692 2388 774 2452 nbngt.
811 2385 922 2450 Faltemg
946 2386 991 2434 der
1014 2387 1114 2436 Breuni.
1151 2387 1199 2436 Die
1227 2386 1343 2436 Urhmde
1366 2389 1410 2437 bat
1432 2387 1510 2436 decret
1534 2384 1693 2450 Feuettr'gkn't
1714 2401 1756 2450 ge-

70 2463 148 2522 tr'tten,
167 2461 201 2510 sie
216 2463 302 2526 getan
319 2477 348 2509 ne
366 2461 412 2508 den
429 2459 538 2518 seltener,
558 2474 596 2507 ano
613 2458 657 2507 der
673 2457 807 2507 er'nleitende
824 2456 903 2507 Nanee
920 2457 960 2507 des
979 2457 1076 2522 Papstes
1092 2459 1119 2508 in
1138 2458 1283 2508 Mimesbeln
1297 2459 1452 2524 gerelin'eben,
1479 2457 1598 2508 arerent
1613 2457 1651 2506 die
1670 2456 1754 2506 Plem-

70 2535 163 2600 br'nucg
182 2532 228 2584 mit
245 2532 314 2582 Seide
328 2533 438 2598 gescnae.

822 2813 888 2890 Nr.
919 2819 1007 2890 244.

71 2951 261 3018 Alexander
276 2949 340 3014 Ill
357 2945 496 3013 verlee‘bt
517 2948 591 3010 dem
614 2946 826 3031 Damkapitel
842 2969 903 3011 von
923 2947 1066 3030 Bologna
1089 2946 1145 3010 die
1168 2947 1355 3029 Besngm'ss,
1370 2967 1476 3029 gegen
1499 2944 1553 3010 die
1576 2945 1754 3009 Bewolener

71 3064 137 3106 ven
155 3041 324 3106 Medicina
340 3039 399 3121 (D.
417 3037 574 3120 Bologna)
591 3056 652 3099 aar
667 3035 836 3120 Erlegung
848 3036 909 3102 der
922 3036 1114 3122 sebaldigen
1131 3034 1273 3100 Zelenten
1288 3037 1351 3099 mit
1363 3035 1423 3099 der
1437 3035 1752 3099 Excommune'eate'on

71 3131 290 3215 varengeben,
321 3151 392 3194 was
421 3149 459 3193 er
483 3125 565 3190 anab
592 3126 662 3206 aus
682 3125 804 3190 andere
830 3125 1183 3211 Sprengelangebbrige
1208 3124 1382 3204 ausdelent,
1416 3125 1534 3190 welche
1563 3123 1670 3189 Gn'ter
1695 3125 1752 3189 des

601 3213 751 3299 Kape'tels
766 3217 935 3281 unerlaubt
947 3215 1181 3281 zurtcttalten
1198 3217 1237 3302 ²).

624 3349 1021 3433 1160-1176A1qast6.
1059 3347 1199 3430 anagni.

236 3470 430 3536 Alexander
452 3468 636 3550 episcopus,
661 3487 772 3529 servus
794 3487 960 3529 servorum
984 3467 1046 3542 dei,
1071 3465 1198 3528 dilectis
1215 3464 1296 3541 filiis,
1320 3463 1460 3526 Alberto
1478 3462 1749 3545 archipresbitero

71 3575 106 3628 et
130 3565 298 3626 canonicis
321 3561 480 3633 Bononie,
512 3557 650 3620 salutem
683 3566 716 3618 et
739 3556 955 3638 apostolicam
985 3555 1261 3618 benedictionem.
1307 3554 1395 3615 Dum
1426 3563 1533 3616 vestre
1564 3553 1749 3616 devotionis

71 3654 296 3717 constantiam
319 3661 353 3714 et
375 3648 451 3712 fidei
476 3647 636 3710 fervorem
660 3645 867 3722 attendimus,
893 3665 957 3726 que
980 3645 1022 3707 ad
1045 3653 1188 3706 vestrum
1210 3643 1376 3725 pertinent
1399 3642 1611 3704 commodum
1628 3653 1660 3705 et
1674 3662 1748 3723 pro-

73 3744 207 3818 fectum,
232 3741 347 3804 libenti
371 3740 482 3802 animo
513 3735 743 3818 prosequimur
769 3744 803 3798 et
826 3734 1022 3797 desideranti
1046 3734 1154 3796 studio
1178 3751 1420 3813 promovemus.
1466 3730 1547 3794 lnde
1569 3741 1627 3808 est,
1659 3731 1749 3812 quod

71 3833 173 3894 vobis
205 3830 398 3893 auctoritate
422 3824 606 3909 apostolica
629 3823 843 3905 indulgemus,
874 3833 910 3886 ut
940 3822 1090 3886 homines
1120 3822 1162 3884 de
1192 3821 1329 3903 plebatu
1353 3820 1517 3883 Medicine
1548 3821 1591 3883 ad
1621 3820 1749 3882 debitas

72 3921 222 3984 decimas
245 3919 340 3982 vobis
363 3915 606 4000 persolvendas,
631 3923 663 3976 et
678 3910 899 3975 Rambaldum
922 3922 956 3975 et
977 3912 1134 3975 Ioannem
1149 3911 1344 3973 Palmerium
1360 3909 1523 3993 precipue,
1549 3929 1589 3972 ne
1606 3909 1750 3972 decimas

73 4013 165 4094 ipsas
188 4010 285 4072 vobis
313 4008 476 4082 auferant,
508 4002 683 4066 districtius
714 4000 961 4084 compellendos
992 4000 1177 4063 facultatem
1210 3999 1346 4064 liberam
1377 3997 1535 4062 habeatis.
1581 3997 1616 4062 Si
1640 4007 1750 4060 autem

72 4101 211 4164 monitis
232 4099 347 4162 vestris
370 4096 577 4178 acquiescere
607 4091 778 4166 noluerint,
812 4100 879 4153 tam
911 4111 976 4166 eos,
1008 4110 1107 4172 quam
1131 4089 1212 4152 alios
1235 4089 1386 4152 homines
1408 4090 1506 4152 vestri
1529 4089 1748 4170 episcopatus,

73 4194 131 4275 qui
156 4192 248 4255 bona
270 4199 376 4252 vestra
399 4183 571 4249 manifeste
594 4191 627 4244 et
650 4181 760 4243 illicite
797 4180 944 4243 detinent
975 4187 1009 4242 et
1038 4200 1077 4242 ea
1107 4179 1244 4243 reddere
1274 4179 1397 4255 nolunt,
1429 4179 1593 4259 exquisito
1617 4197 1749 4239 assensu

71 4281 225 4365 episcopi
247 4279 355 4354 vestri,
378 4274 601 4339 indubitanter
624 4265 947 4356 excom(m)unicetis.
971 4304 1014 4314 -—
1037 4269 1113 4332 Dat.
1137 4268 1299 4352 Anagnie,
1323 4280 1386 4331 VIII
1408 4267 1456 4330 Id.
1480 4266 1631 4350 Augusti.

240 4395 349 4458 ‘flingen
368 4389 492 4455 Absclm'ft
509 4388 549 4437 des
569 4386 635 4435 Cart.
655 4385 697 4433 del
715 4384 819 4449 Capr'tble
837 4383 865 4433 dl
880 4383 933 4434 San
952 4382 1039 4433 Pietra
1052 4391 1078 4448 p.
1099 4387 1123 4443 l,
1142 4383 1176 4432 im
1194 4381 1307 4432 Arebe'en'a
1325 4381 1352 4430 dl
1368 4381 1451 4440 Stato,·
1468 4382 1530 4431 narb
1549 4381 1753 4431 Kallenbrrenner

74 4466 206 4518 Pabstnrk.
226 4465 253 4514 S.
273 4469 315 4526 49,
332 4463 372 4513 des
389 4462 463 4512 Libro
481 4461 541 4509 delle
557 4460 615 4508 Asse
624 4457 676 4522 sol.
695 4457 712 4506 2
730 4457 796 4524 (war
812 4459 862 4506 mir
878 4455 1079 4522 mgenglicn),
1097 4455 1130 4504 im
1149 4453 1262 4505 Arcana
1282 4453 1415 4518 capitolare
1431 4469 1462 4502 ru
1479 4453 1595 4519 Belegna.

822 4739 889 4814 Nr.
918 4743 1006 4815 245.
1099 4789 1103 4809 .

73 4881 265 4954 Alexander
285 4879 349 4946 III
373 4876 514 4945 schreibt
536 4895 579 4939 an
603 4872 666 4938 das
690 4870 821 4936 Kloster
845 4871 1056 4950 Marmelesa,
1079 4892 1116 4935 er
1139 4871 1221 4934 habe
1246 4870 1301 4934 die
1328 4871 1422 4954 Burg
1453 4869 1560 4934 Tebali
1584 4869 1752 4934 mebreren

395 4968 502 5035 Edlen
516 4963 726 5040 liberalem,
748 4961 826 5026 aber
839 4961 929 5025 nicht
940 4961 996 5025 die
1012 4959 1136 5025 Kirclee
1151 4958 1239 5025 Sant'
1255 4959 1436 5024 Eleuthero.

585 5080 797 5152 noo-1176
816 5075 1000 5161 September
1012 5079 1064 5141 17.
1104 5075 1244 5161 Anagni.

239 5219 431 5286 Alexander
460 5217 644 5300 episcopus,
676 5233 787 5278 servus
816 5231 983 5276 servorum
1013 5211 1079 5288 dei,
1111 5211 1238 5276 dilectis
1267 5211 1350 5288 filiis,
1382 5208 1517 5273 Aimoni
1541 5218 1575 5273 et
1597 5209 1753 5272 universis

76 5315 232 5380 fratribus
257 5309 445 5374 monasterii
469 5309 510 5370 de
534 5303 736 5369 Marmuloso
753 5300 787 5388 ³),
816 5301 955 5364 salutem
979 5312 1012 5365 et
1039 5301 1256 5384 apostolicam
1284 5299 1558 5364 benedictionem.
1605 5297 1688 5362 Cum
1711 5317 1754 5360 ex

243 5505 268 5571 1)
293 5504 370 5570 Vergl.
390 5502 427 5553 die
448 5501 506 5551 Ure.
527 5514 574 5549 von
594 5498 777 5548 rrae-1169.
864 5496 890 5558 2)
915 5495 992 5562 Vergl.
1011 5495 1049 5547 die
1070 5495 1130 5545 Urk.
1149 5511 1204 5546 vom
1223 5499 1238 5545 t
1260 5495 1389 5545 December
1407 5494 1590 5544 nor-1169.
1665 5495 1692 5556 3)
1712 5491 1755 5541 leb

75 5579 146 5630 werke
170 5578 240 5629 nieht
263 5575 410 5642 amgebm,
437 5589 480 5622 une
508 5572 610 5621 welcten
631 5569 677 5619 Ort
702 5583 726 5618 es
742 5567 793 5617 sicli
818 5565 871 5618 tier
886 5566 999 5629 bandelt,·
1022 5569 1083 5634 jerit
1101 5568 1184 5633 findet
1208 5567 1258 5617 sich
1282 5568 1336 5618 kein
1363 5566 1509 5616 Maenalon
1530 5563 1600 5614 metr
1624 5563 1650 5612 in
1667 5563 1755 5612 ltalbn

75 5651 228 5703 meletense
253 5649 335 5714 naenig
356 5648 394 5698 ein
417 5644 577 5706 Marinuloso,
598 5641 644 5692 wie
666 5641 716 5692 sien
739 5639 803 5690 aurft
815 5641 876 5688 lesen
890 5639 962 5690 liesse.
1000 5639 1055 5689 Der
1074 5639 1221 5689 bekanerteste
1238 5640 1337 5690 elaten
1355 5638 1482 5704 klingende
1497 5637 1543 5686 Ort
1556 5636 1587 5685 ist
1604 5635 1755 5686 Marianam

75 5722 285 5790 Albanergebirge.

130 5816 450 5870 mertun-nultum
476 5813 532 5854 Acts
545 5813 588 5853 111.
1521 5799 1553 5852 31
