4142 6366
1664 357 1725 425 215

63 531 156 610 quod
181 529 252 612 ipsi,
275 551 386 594 eorum
410 529 531 594 auxilio
556 539 589 593 et
604 531 809 612 protectione
832 531 942 606 adiuti,
966 531 998 592 in
1021 537 1132 593 nostra
1153 535 1188 592 et
1208 528 1296 593 beati
1311 529 1397 593 Petri
1412 529 1539 595 valeant
1553 530 1729 596 devotione

62 619 245 682 consistere
275 628 308 682 et
339 619 498 701 prefatam
521 627 640 682 terram
664 620 705 682 ad
730 627 876 683 nostrum
900 619 1094 699 obsequium
1125 625 1158 682 et
1180 617 1368 682 fidelitatem
1400 627 1519 684 tenere.
1566 616 1728 700 Quocirca

62 727 221 790 rogamus
251 710 458 790 prudentiam
490 716 579 772 tuam
610 717 710 788 atque
740 729 925 784 monemus,
962 708 1111 790 quatinus
1141 708 1309 790 predictos
1338 707 1487 772 consules
1519 728 1729 772 commonere

62 816 158 860 cures
182 805 217 858 et
238 798 413 861 studiosius
437 796 610 873 exhortari,
640 805 675 861 ut
698 799 956 880 prenominatam
980 806 1098 860 terram
1122 816 1141 859 a
1163 797 1352 860 Pisanorum
1380 797 1626 880 impugnatione
1653 819 1729 880 pro·

61 893 187 968 tegant,
217 895 446 950 manuteneant
468 885 600 950 viriliter
623 895 720 968 atque
743 887 929 961 defendant,
960 886 1013 960 ita,
1041 886 1130 965 quod
1154 887 1186 948 in
1207 881 1362 972 alterlius]
1392 885 1571 950 dominium
1600 887 1729 950 minime

61 977 171 1056 possit
190 973 217 1060 8)
240 976 414 1050 transferri,
437 976 496 1038 sed
520 977 551 1038 in
575 983 686 1038 nostra
709 975 837 1050 debeat,
861 983 959 1058 prout
980 973 1179 1048 dictumest,
1203 972 1360 1037 fidelitate
1376 974 1498 1057 plenius
1521 977 1728 1059 conservalri.

60 1062 229 1130 Volumus
245 1073 363 1140 autem,
379 1073 414 1128 ut
429 1062 493 1128 hoc
508 1084 609 1148 penes
625 1072 658 1127 te
672 1065 800 1129 interim
814 1065 973 1128 habeatur
987 1070 1158 1127 secretum.
1174 1099 1217 1112 ·-
1232 1062 1307 1126 Dat.
1322 1063 1484 1141 Laterani,
1499 1076 1549 1127 xv
1562 1063 1616 1128 Kl.
1632 1063 1728 1127 Febr.

229 1180 272 1230 Or.
291 1178 393 1244 (Sciret)
413 1181 447 1229 irre
464 1179 578 1229 arctim
595 1178 622 1227 di
639 1179 707 1228 State
723 1195 753 1228 ru
774 1179 866 1229 Genua.

228 1252 297 1316 Perg.
315 1250 376 1311 Μ,
401 1253 435 1300 br.
455 1252 541 1310 0,228‚
569 1251 631 1316 lang
647 1253 732 1310 qma,
757 1259 831 1300 metere
856 1249 923 1300 nicht
946 1249 1142 1316 unrgesclrlegerr,
1169 1249 1277 1316 Faltrerrg
1301 1249 1357 1298 und
1377 1249 1539 1316 Phembr’rreng
1563 1249 1607 1300 der
1630 1250 1729 1310 Sekrefr,

60 1323 237 1444 {22⁷AE
251 1323 377 1389 Blerkrr'egel
389 1325 505 1372 veriorem.
542 1323 598 1371 Das
615 1323 710 1371 Datum
727 1321 816 1372 schebet
831 1323 1006 1388 nactgeeragen
1022 1338 1053 1371 su
1069 1323 1127 1381 seire,
1150 1337 1174 1371 es
1196 1319 1257 1370 steht
1280 1327 1353 1370 etwas
1369 1322 1440 1387 tiefer
1454 1322 1492 1370 als
1509 1322 1553 1371 der
1568 1322 1673 1372 Κακίαν
1688 1323 1732 1371 der

807 1786 874 1860 Nr.
901 1788 989 1861 208.

61 1915 252 1980 Alexander
266 1917 332 1982 III
341 1917 464 1982 erkldrt
483 1915 609 1982 Cie‘cr'lia
623 1918 676 1981 als
691 1917 1074 2091 '‘ihtffdssffffsswml]
1086 1915 1248 1981 Aebtr'ssin
1262 1916 1319 1980 des
1336 1914 1481 1981 Klosters
1500 1914 1602 1982 Senta
1617 1916 1732 1981 Maria

745 2028 779 2070 eo
803 2017 854 2070 ota
893 2027 905 2070 z
949 2027 1028 2070 evea
1078 2056 1084 2068 .

587 2139 797 2201 1167-1169
819 2135 948 2203 October
961 2142 991 2203 9.
1023 2138 1189 2202 Benevent.

220 2279 412 2344 Alexander
435 2280 622 2363 episcopus,
652 2298 764 2342 servus
787 2300 953 2344 servorum
977 2281 1046 2358 dei,
1075 2280 1195 2344 dilecte
1224 2280 1258 2342 in
1281 2277 1411 2344 Christo
1442 2277 1508 2342 filie
1531 2273 1674 2363 C(ecilie)
1692 2277 1730 2363 b),

63 2369 167 2433 electe
191 2378 306 2432 sancte
329 2369 433 2434 Marie
455 2368 632 2432 Theodote
653 2367 679 2452 c)
696 2368 729 2454 ²),
753 2369 889 2432 salutem
914 2379 947 2434 et
969 2370 1183 2452 apostolicam
1204 2370 1209 2449 Ι
1229 2368 1500 2432 benedictionem.
1545 2368 1598 2431 Ex
1618 2367 1731 2430 litteris

62 2459 262 2522 venerabilis
292 2459 397 2522 fratris
435 2460 536 2522 nostri
589 2453 769 2542 .G(aldini),
800 2457 1054 2522 Mediolanensis
1094 2456 1331 2539 archiepiscopi
1348 2455 1389 2542 ³),
1425 2457 1606 2540 apostolice
1644 2458 1732 2521 sedis

62 2547 172 2630 legati,
201 2549 243 2611 ad
268 2567 328 2611 nos
350 2548 555 2621 transmissis,
588 2545 782 2629 accepimus,
803 2548 807 2624 Ι
828 2549 927 2629 quod,
951 2569 1023 2611 cum
1048 2548 1135 2611 idem
1159 2545 1422 2629 archiepiscopus
1445 2555 1479 2609 te
1497 2544 1526 2631 b)
1549 2555 1582 2611 et
1627 2545 1677 2609 .D.
1695 2545 1732 2632 b),

64 2637 244 2701 monialem
260 2635 286 2722 4)
312 2636 430 2720 prefati
454 2636 651 2711 monasterii,
683 2656 743 2719 pro
767 2657 873 2712 causa,
896 2657 960 2718 que
982 2639 1066 2701 inter
1088 2657 1148 2700 vos
1165 2634 1195 2721 b)
1218 2637 1260 2700 de
1283 2635 1442 2699 electione
1472 2634 1607 2699 ecclesie
1629 2645 1733 2698 verte·

64 2727 170 2800 batur,
196 2727 287 2789 iuxta
311 2727 452 2789 mandati
476 2725 576 2788 nostri
598 2733 747 2789 tenorem
771 2735 844 2788 ante
867 2746 903 2789 se
926 2734 1141 2790 convocasset
1171 2726 1269 2788 etde
1292 2745 1388 2788 causa
1411 2726 1481 2807 ipsa
1505 2725 1677 2806 diligenter
1700 2731 1734 2787 et

8 2875 12 2885 ,
63 2816 207 2879 sollicite
229 2817 444 2898 cognovisset,
467 2816 599 2878 tandem
623 2815 789 2879 inveniens
811 2815 875 2878 iam
899 2817 1019 2879 dictam
1060 2816 1110 2879 .D.
1149 2815 1302 2879 damnate
1320 2813 1350 2900 d)
1365 2815 1522 2876 memorie
1538 2809 1734 2897 Oct(aviani)

64 2905 277 2968 maledictam
301 2903 409 2978 fuisse,
432 2925 504 2969 eam
528 2905 681 2986 deposuit
704 2913 738 2966 et
753 2905 925 2969 ecclesiam
940 2907 982 2969 de
998 2905 1183 2968 Albonanis
1203 2903 1239 2988 e),
1261 2906 1345 2966 sicut
1359 2902 1468 2965 eidem
1485 2900 1733 2984 archiepiscopo
1760 2942 1762 2946 -

63 2989 351 3080 signifilcavilmus,
380 2993 425 3056 illi
448 2994 610 3058 concessit
628 2990 667 3078 f).
714 2993 764 3056 Te
786 2991 921 3080 veros),
953 2994 1029 3057 licet
1052 3014 1072 3056 a
1094 2993 1262 3057 sororibus
1289 2994 1368 3054 satis
1391 2993 1598 3055 concorditer
1629 2991 1733 3054 electa

65 3082 165 3147 fuisse
189 3083 371 3146 decernetis
390 3079 428 3166 b),
453 3084 529 3163 quia
551 3091 661 3147 tamen
677 3082 814 3146 testibus
839 3133 845 3146 .
869 3131 876 3145 .
901 3131 907 3144 .
933 3132 939 3146 .
963 3079 1248 3169 [comlprobatum
1271 3082 1463 3145 auctoritate
1479 3089 1512 3144 et
1527 3082 1734 3164 suggestione

65 3173 327 3236 scismaticorum
350 3171 544 3235 electionem
573 3172 615 3236 de
645 3179 679 3234 te
703 3171 821 3236 factam
846 3173 952 3248 fuisse,
983 3172 1025 3236 ab
1048 3172 1176 3236 abbatis
1198 3171 1488 3235 amministratione
1511 3190 1638 3233 cessare
1661 3191 1734 3253 pre·

65 3265 165 3344 cepit,
188 3259 358 3324 sororibus
380 3262 443 3324 tuis
466 3262 623 3325 mandans
646 3261 781 3324 firmiter
804 3270 837 3325 et
863 3263 1041 3343 iniungens,
1071 3269 1107 3324 ut
1129 3261 1271 3341 aliquam
1296 3279 1468 3341 personam
1492 3260 1653 3334 idoneam,
1686 3258 1733 3323 di-

64 3359 207 3414 scretam
231 3359 265 3412 et
287 3348 458 3414 honestam
474 3351 670 3414 unanimiter
692 3350 856 3432 eligerent.
900 3349 1038 3414 Sorores
1053 3369 1131 3412 vero
1155 3349 1273 3432 prefati
1298 3350 1494 3424 monasterii,
1518 3351 1549 3411 in
1564 3358 1598 3411 te
1613 3351 1735 3431 pariter

66 3441 309 3515 convenientes,
332 3441 363 3501 in
386 3440 585 3503 abbatissam
613 3459 705 3503 suam
729 3441 945 3502 communiter
967 3447 1000 3502 et
1015 3438 1220 3502 concorditer
1235 3437 1402 3520 elegerunt
1418 3445 1459 3513 et,
1481 3445 1517 3501 ut
1532 3439 1732 3512 electionem,

66 3529 107 3591 de
124 3537 160 3592 te
176 3528 307 3604 factam,
323 3529 597 3604 confirmaremus,
613 3550 632 3591 a
648 3529 743 3592 nobis
758 3529 948 3610 suppliciter
963 3536 997 3591 et
1012 3529 1132 3592 devote
1148 3529 1212 3591 suis
1227 3526 1339 3590 litteris
1355 3526 1569 3609 postularunt
1599 3524 1734 3602 Verum,

66 3617 145 3680 licet
169 3617 306 3681 multum
331 3619 456 3699 prefate
479 3636 608 3682 sorores
631 3639 651 3681 a
674 3620 791 3680 semita
813 3617 1011 3681 rectitudinis
1036 3626 1069 3680 et
1091 3619 1234 3681 veritatis
1260 3615 1508 3692 declinaverunt,
1540 3636 1601 3678 nos
1624 3623 1734 3679 tamen

66 3709 142 3789 paci
158 3715 192 3770 et
208 3706 308 3788 quieti
325 3727 435 3770 earum
460 3716 593 3789 patema
612 3705 639 3792 i)
662 3709 829 3789 cupientes
851 3707 1069 3770 sollicitudine
1092 3705 1265 3789 providere
1289 3713 1322 3769 et
1344 3705 1387 3767 ad
1412 3704 1582 3768 consilium
1605 3711 1638 3767 et
1660 3725 1734 3788 sug·

66 3798 252 3878 gestionem
277 3795 428 3878 prelibati
452 3795 689 3879 archiepiscopi
713 3797 744 3859 in
766 3794 827 3860 hac
850 3816 885 3860 re
908 3797 1100 3878 dispensare
1122 3795 1280 3870 volentes,
1303 3793 1493 3858 electionem
1518 3801 1606 3857 tuam
1631 3802 1734 3857 ratam

67 3895 99 3947 et
132 3884 259 3948 firmam
290 3882 449 3949 habemus
480 3894 513 3949 et
543 3905 615 3949 eam
647 3887 841 3950 auctoritate
873 3885 1053 3968 apostolica
1085 3883 1330 3958 confirmamus,
1369 3883 1553 3946 discretioni
1588 3891 1645 3946 tue
1676 3903 1736 3965 per

66 3973 252 4057 apostolica
276 3975 396 4057 scripta
419 3970 643 4060 mandalntes]
674 3975 824 4054 quatinus
847 3978 992 4056 regimen
1014 3974 1160 4038 eiusdem
1182 3973 1313 4036 abbatie
1337 3975 1558 4035 incunctanter
1581 3991 1734 4046 assumas

67 4073 98 4126 et
131 4064 175 4126 ad
213 4063 453 4127 observantiam
478 4066 648 4127 monastici
680 4064 814 4140 ordinis,
845 4063 1006 4146 religionis
1036 4071 1069 4126 et
1099 4062 1279 4126 honestatis
1309 4061 1468 4124 ferventer
1498 4061 1665 4137 intendas,
1702 4068 1736 4124 et

66 4153 110 4216 ita
136 4153 271 4234 negotia
301 4152 436 4216 ecclesie
466 4153 645 4234 prudenter
676 4161 708 4216 et
736 4154 875 4216 discrete
904 4159 1097 4235 pertractes,
1118 4150 1123 4237 Ι
1144 4152 1234 4232 quod
1264 4171 1323 4232 per
1357 4149 1559 4231 prudentiam
1591 4157 1624 4213 et
1650 4148 1735 4212 solli·

67 4242 246 4304 citudinem
262 4249 350 4304 tuam
367 4242 545 4325 spiritualia
560 4249 594 4306 et
604 4241 795 4324 temporalia
806 4238 960 4328 valea(n)t
973 4244 1144 4326 percipere
1158 4236 1380 4325 incremenlta.
1395 4275 1439 4286 -
1455 4238 1530 4302 Dat.
1546 4239 1735 4316 Beneventi,

68 4343 118 4396 vu
134 4330 214 4394 Idus
230 4327 366 4394 Octubr.

233 4443 277 4494 Or.
297 4441 400 4508 (Sekret)
419 4445 453 4494 ν’νι
470 4444 585 4495 Archivr'o
603 4447 759 4496 distarem
778 4445 900 4495 Mae'laruf.

232 4515 303 4579 Perg.
322 4515 381 4576 rial,
408 4517 444 4566 br.
469 4517 555 4578 0326,
582 4519 643 4583 lang
660 4519 747 4580 0,205,
771 4526 845 4567 untur
869 4517 936 4567 nicht
961 4517 1151 4584 umgesrhfugen,
1176 4516 1284 4583 Faltrerrg
1309 4517 1365 4566 ured
1389 4514 1551 4581 Plumbinnrg
1573 4516 1617 4565 der
1635 4514 1734 4572 Sekretn

68 4585 252 4709 καὶέπὶ
276 4587 398 4636 mittelsterr
424 4588 533 4638 Lb'clrern
559 4590 603 4638 der
628 4589 722 4638 rechten
748 4589 807 4639 Seite
834 4587 910 4657 iring!
935 4589 973 4639 dfe
999 4589 1164 4654 Hmrfscferwr
1188 4589 1233 4637 mit
1255 4589 1308 4638 dem
1334 4588 1464 4654 Bleisr‘egel.
1505 4586 1646 4652 Argfschrifl
1670 4583 1737 4636 rrieM

201 4673 239 4709 ar.

247 4801 493 4810 -ι-α--ω--α--ι

229 4891 255 4956 a)
273 4888 377 4952 possint.
457 4889 484 4954 b)
503 4889 555 4952 aas
568 4890 653 4938 Rasur
728 4893 752 4956 c)
770 4889 889 4940 Thodme
967 4891 994 4954 d)
1014 4890 1122 4955 decepte
1202 4893 1228 4954 el
1245 4891 1303 4940 oder
1318 4890 1457 4940 Albonams
1538 4888 1558 4952 f)
1577 4887 1664 4938 illico
1688 4888 1741 4954 aret

68 4961 154 5012 Ram
268 4965 296 5024 gl
320 4959 380 5009 steht
402 4959 460 5010 euvei
485 4963 539 5010 mal
649 4959 677 5024 h)
702 4961 843 5024 decereris,
867 4963 912 5011 das
936 4963 1014 5011 rweite
1037 4979 1049 5011 r
1073 4963 1125 5028 aas
1147 4964 1232 5012 Ram
1341 4962 1360 5021 i)
1380 4967 1492 5025 paterno.
1520 4998 1572 5006 -
1598 4961 1635 5026 ,1)
1657 4959 1735 5025 Vergl.

69 5034 104 5082 ἄν
134 5031 196 5083 Ure.
222 5047 279 5080 verr
303 5035 320 5080 4
341 5031 409 5095 Jurri
435 5033 508 5082 1192.
623 5043 649 5096 2)
667 5032 745 5082 Saeve
770 5031 854 5082 Maria
882 5033 998 5084 madata
1022 5033 1053 5083 ist
1076 5035 1112 5083 eie
1138 5031 1275 5082 clarissima
1301 5033 1384 5097 puella
1407 5047 1455 5082 verr
1480 5031 1548 5080 Paul
1575 5030 1734 5095 Wernefried.

69 5105 123 5153 Dar
147 5103 248 5154 Klorter
270 5104 313 5168 lag
328 5103 382 5166 aus
398 5103 441 5152 der
456 5102 568 5153 istlicfun
586 5103 646 5152 Ser'le
662 5104 706 5153 der
722 5104 799 5164 stadt,
818 5106 879 5166 dore,
903 5121 940 5154 wo
956 5103 1007 5153 sict
1017 5107 1079 5171 jetrt
1095 5106 1132 5154 die
1149 5105 1260 5154 Strassm
1278 5103 1413 5154 Menocchrb
1429 5104 1484 5153 und
1502 5102 1612 5152 Penterta
1627 5102 1735 5152 haren.

70 5175 105 5224 Er
121 5175 216 5225 aberit
238 5173 316 5224 πάλιν
337 5173 405 5223 mehr
427 5189 481 5223 verre
507 5177 571 5224 altere
589 5175 665 5233 Barce,
689 5191 774 5225 ausser
791 5177 856 5228 einer
873 5173 998 5242 Imcfn'fl,
1022 5177 1108 5226 welche
1134 5175 1183 5225 sich
1207 5177 1260 5240 aus
1275 5173 1391 5225 Theodote
1415 5175 1510 5234 berieht,
1533 5173 1688 5238 arestewahrr
1702 5175 1735 5222 r're

71 5247 169 5296 Palm
187 5245 337 5310 Melarpr‘na.
374 5246 413 5295 Im
434 5247 465 5294 17
488 5247 672 5310 Jaerlnmderee
689 5247 732 5295 kae
749 5261 807 5297 marr
824 5265 858 5297 arr
876 5248 946 5297 Stelle
963 5248 1007 5297 der
1023 5250 1087 5297 aden
1104 5247 1198 5297 Kr'rche
1214 5248 1263 5297 eine
1279 5261 1337 5296 neree
1350 5247 1445 5314 ζώων,
1467 5253 1539 5295 mie
1555 5245 1607 5295 dem
1629 5244 1736 5311 gleicferr

70 5319 171 5378 Nmen,
197 5319 243 5366 das
266 5317 363 5366 Klosur
384 5319 416 5367 ist
431 5333 486 5366 uere
504 5319 628 5368 Seminare
646 5321 796 5383 umgesealtet
812 5320 937 5385 (Anguem
955 5318 995 5368 des
1012 5319 1096 5369 Herm
1117 5318 1199 5368 Cerere
1219 5315 1317 5386 Curetis).
1401 5321 1428 5384 3)
1451 5317 1578 5377 Gnldrims,
1596 5315 1741 5382 Enbirches

70 5404 114 5438 von
132 5389 258 5449 Mar'loeed,
279 5391 458 5439 neu-1177.
567 5393 593 5451 4)
619 5389 694 5455 Vergl.
714 5391 751 5440 die
772 5389 832 5442 Urk.
849 5406 903 5440 verre
927 5393 956 5440 17
976 5389 1032 5440 Mai
1049 5391 1227 5441 ruta-1183.
