4126 6366
318 331 384 416 ³46

315 528 419 591 sancti
442 527 610 592 Theosoni
629 526 666 616 ει),
691 526 862 594 ecclesiam
885 536 998 593 sancte
1022 525 1125 594 Marie
1149 527 1191 594 de
1214 525 1339 608 Monte,
1364 525 1537 594 ecclesiam
1559 538 1673 593 sancte
1689 523 1792 592 Marie
1816 525 1860 592 de
1876 523 1990 604 Casali,

315 619 488 682 ecclesiam
511 621 615 684 sancti
639 616 820 684 Salvator-is
850 619 892 682 de
915 618 999 682 valle
1024 619 1159 698 Cuiano,
1183 621 1233 684 ius
1257 621 1348 702 quod
1370 619 1501 683 habetis
1525 621 1557 682 in
1581 619 1719 683 ecclesia
1742 621 1847 682 sancti
1872 619 1991 701 Angeli

316 709 358 772 de
373 709 478 783 Valle,
501 709 672 772 ecclesiam
695 711 800 773 sancti
816 709 901 772 Petri
926 709 969 771 de
998 711 1095 772 casali
1120 711 1259 786 Fusculi,
1284 710 1456 773 ecclesiam
1478 710 1582 772 sancti
1598 705 1795 785 Sebastiani,
1820 709 1992 772 ecclesiam

314 799 419 860 sancti
443 797 575 861 Martini
600 799 642 862 de
665 799 834 874 Mistrano,
865 798 1037 862 ecclesiam
1061 801 1164 862 sancti
1188 799 1317 863 Nicolai
1343 799 1385 862 de
1408 797 1546 874 Donori,
1578 798 1749 861 ecclesiam
1777 800 1883 862 sancti
1905 799 1993 861 Petri

315 888 358 950 de
380 885 560 964 Casenano,
592 888 765 952 ecclesiam
796 888 899 950 sancti
922 888 1088 951 Laurentii
1121 889 1163 952 de
1185 888 1362 970 Agullano,
1394 889 1566 951 ecclesiam
1596 888 1699 952 sancti
1723 886 1879 950 Iohannis
1897 885 1928 972 b)
1952 887 1995 950 de

313 975 454 1053 lacense,
479 977 651 1040 ecclesiam
674 978 777 1041 sancti
800 977 886 1040 Petri
911 977 953 1040 de
970 975 1121 1054 Collecle,
1146 979 1318 1042 ecclesiam
1341 978 1445 1041 sancti
1461 977 1540 1040 Titii
1564 978 1606 1041 de
1621 977 1797 1054 Arborata,
1821 977 1995 1042 ecclesiam

314 1067 418 1130 sancti
440 1065 576 1130 Andree
607 1067 649 1130 de
670 1066 824 1142 Vasaria,
855 1067 904 1130 ius
936 1066 1027 1148 quod
1057 1066 1186 1130 habetis
1216 1069 1249 1131 in
1279 1067 1418 1132 ecclesia
1447 1067 1551 1130 sancti
1575 1064 1711 1130 Andree
1739 1068 1782 1130 de
1804 1067 1995 1142 [avenaria

313 1157 486 1220 ecclesiam
509 1157 611 1219 sancti
635 1156 746 1220 lacobi
770 1156 812 1219 de
835 1156 981 1231 Laserra,
1012 1155 1061 1218 ius
1089 1157 1180 1238 quod
1211 1155 1340 1221 habetis
1371 1157 1403 1219 in
1435 1157 1573 1220 ecclesia
1601 1166 1715 1219 sancte
1737 1153 1937 1230 Anatholie3
1961 1157 1996 1218 iu

314 1247 508 1328 episcopatu
538 1245 725 1309 Noceriano
745 1242 767 1331 ¹)
799 1246 970 1309 ecclesiam
1001 1246 1103 1308 sancti
1133 1245 1244 1310 Savini
1278 1246 1320 1310 de
1350 1246 1436 1309 valle
1464 1245 1649 1322 Sumareia,
1684 1246 1856 1309 ecclesiam
1887 1246 1995 1309 sancti

313 1334 482 1398 Benedicti
505 1336 547 1397 de
571 1335 690 1418 Caprili
715 1356 789 1398 cum
813 1337 879 1399 suis
902 1331 1120 1417 pertinentiis;
1152 1336 1184 1398 in
1209 1337 1403 1418 episcopatu
1426 1333 1660 1419 Auximano')
1683 1335 1856 1398 ecclesiam
1879 1345 1996 1398 sancte

313 1424 488 1488 Petronille
512 1424 554 1488 de
577 1435 691 1488 monte
713 1433 826 1489 sancte
850 1425 963 1501 Marie,
997 1433 1030 1486 et
1062 1425 1112 1488 ius
1143 1425 1234 1507 quod
1264 1423 1393 1488 habetis
1423 1425 1457 1487 in
1486 1425 1557 1488 aliis
1588 1425 1733 1488 ecclesiis
1757 1425 1903 1488 eiusdem
1929 1424 1995 1488 loci

313 1532 388 1577 cum
418 1513 572 1577 omnibus
602 1514 806 1597 pertinentiis
835 1514 1095 1596 supradictarum
1126 1515 1353 1591 ecclesiarum
1384 1515 1417 1577 in
1448 1515 1643 1596 episcopatu
1667 1511 1934 1598 Camerinensi')
1962 1523 1997 1576 et

312 1603 551 1667 Auximanensi
583 1612 694 1680 terras,
723 1603 828 1680 silvas,
858 1604 979 1680 vineas,
1011 1621 1093 1683 quas
1122 1603 1167 1669 ibi
1199 1603 1338 1680 habetis,
1366 1613 1468 1667 terras
1492 1623 1625 1686 quoque
1647 1614 1682 1667 et
1703 1603 1824 1679 vineas,
1854 1622 1938 1685 quas
1962 1604 1996 1666 in

312 1693 479 1757 Nucerino
512 1692 707 1776 episcopatu
744 1694 872 1756 tenetis.
926 1693 1014 1758 Sane
1045 1694 1212 1756 novalium
1242 1703 1440 1769 vestrorum,
1481 1712 1546 1774 que
1576 1693 1719 1775 propriis
1750 1692 1902 1756 manibus
1937 1700 1996 1754 aut

312 1783 498 1865 sumptibus
521 1783 641 1858 colitis,
673 1783 741 1846 sive
764 1784 806 1845 de
830 1784 1035 1847 nutrimentis
1058 1783 1247 1846 animalium
1269 1792 1452 1846 vestrorum
1476 1782 1582 1844 nullus
1604 1782 1741 1845 omnino
1771 1783 1917 1845 decimas
1941 1781 1996 1844 vel

311 1873 472 1955 primitias
496 1894 515 1935 a
538 1871 634 1935 vobis
656 1882 853 1954 extorquere
876 1881 1044 1954 presumat
1063 1869 1099 1956 ο).
1145 1872 1259 1935 Liceat
1289 1891 1423 1953 quoque
1453 1870 1564 1948 vobis,
1595 1871 1732 1935 clericos
1753 1871 1806 1934 vel
1837 1871 1951 1946 laicos,
1975 1891 1997 1934 e

311 1963 423 2025 seculo
448 1961 616 2044 fugientes,
640 1960 762 2024 liberos
784 1969 818 2024 et
841 1961 1019 2039 absolutos,
1043 1962 1086 2025 ad
1110 1962 1359 2024 conversionem
1382 1961 1527 2043 recipere
1549 1967 1583 2024 et
1606 1961 1638 2023 in
1661 1971 1771 2024 vestro
1791 1961 1995 2024 monasterio

312 2050 438 2133 absque
461 2051 722 2115 contradictione
746 2049 856 2132 aliqua
878 2051 1024 2115 retinere.
1069 2049 1285 2114 Prohibemus
1308 2051 1449 2132 insuper,
1483 2059 1519 2112 ut
1550 2049 1626 2113 nulli
1652 2050 1784 2114 fratrum
1807 2061 1993 2114 vestrorum

311 2151 390 2222 post
419 2141 539 2205 factam
571 2141 604 2202 in
634 2140 753 2204 eodem
784 2140 859 2203 loco
890 2140 1131 2223 professionem
1162 2140 1211 2204 sas
1250 2140 1293 2203 sit
1337 2140 1463 2221 absque
1495 2139 1627 2202 abbatis
1656 2140 1705 2203 sui
1751 2139 1881 2202 licentia
1931 2140 1995 2202 nisi

312 2231 459 2294 arctioris
482 2230 649 2312 religionis
673 2229 811 2293 obtentu
836 2229 878 2292 de
906 2230 1025 2293 eodem
1057 2229 1133 2293 loco
1164 2229 1348 2308 discedere;
1380 2229 1605 2292 discedentem
1633 2249 1712 2292 vero
1743 2229 1870 2310 absque
1901 2247 1993 2292 com·

312 2321 458 2383 munium
490 2320 668 2383 litterarum
700 2320 852 2382 cautione
884 2318 990 2382 nullus
1020 2320 1140 2383 audeat
1169 2319 1316 2382 retinere.
1364 2317 1446 2382 Cum
1479 2326 1588 2381 autem
1611 2318 1765 2400 generale
1780 2319 1994 2381 interdictum

310 2415 395 2472 terre
426 2409 538 2486 suerit,
570 2409 666 2472 liceat
688 2409 801 2484 vobis,
834 2406 950 2472 clausis
981 2409 1100 2486 ianuis,
1134 2409 1274 2472 exclusis
1305 2408 1600 2471 excommunicatis
1632 2419 1665 2470 et
1696 2408 1890 2483 interdictis,
1924 2426 1995 2469 nou

311 2498 447 2579 pulsatis
471 2499 655 2581 campanis,
686 2518 862 2581 suppressa
884 2518 967 2561 voce
991 2498 1102 2562 divina
1132 2497 1241 2560 officia
1267 2497 1441 2560 celebrare.
1487 2495 1696 2578 Sepulturam
1728 2517 1862 2578 quoque
1890 2496 1996 2577 ipsius

311 2587 373 2650 loci
397 2587 534 2652 liberam
565 2607 636 2651 esse
668 2587 888 2663 decernimus,
919 2597 956 2650 ut
985 2607 1098 2651 eorum
1129 2587 1298 2650 devotioni
1331 2593 1364 2649 et
1393 2595 1540 2650 extreme
1562 2586 1738 2663 voluntati,
1772 2587 1827 2668 qui
1858 2607 1895 2649 se
1929 2585 1996 2648 illic

313 2677 441 2760 sepeliri
473 2677 740 2752 deliberaverint,
783 2677 844 2739 nisi
876 2677 960 2740 forte
998 2677 1274 2741 excommunicati
1311 2675 1363 2739 vel
1395 2674 1557 2738 interdicti
1592 2675 1673 2753 sint,
1704 2674 1810 2738 nullus
1840 2675 1994 2751 obsistat,

312 2768 403 2831 salva
439 2777 550 2831 tamen
589 2766 710 2829 iustitia
749 2765 875 2828 illarum
910 2766 1136 2841 ecclesiarum,
1169 2787 1189 2828 a
1220 2764 1338 2847 quibus
1368 2776 1571 2827 mortuorum
1604 2784 1745 2847 corpora
1774 2774 1994 2828 assumuntur.

312 2858 468 2921 Obeunte
490 2875 568 2920 vero
593 2865 633 2930 te,
665 2874 751 2917 nunc
774 2855 919 2918 eiusdem
943 2855 1006 2917 loci
1030 2856 1154 2919 abbate
1176 2855 1229 2918 vel
1247 2851 1276 2938 d)
1299 2864 1430 2917 tuorum
1454 2853 1605 2935 quolibet
1627 2874 1860 2930 successorum,
1885 2853 1994 2916 nullus

311 2946 357 3010 ibi
381 2944 529 3028 qualibet
551 2944 764 3026 surreptionis
787 2945 907 3007 astutia
936 2964 993 3006 seu
1016 2945 1173 3008 violentia
1205 2953 1423 3026 preponatur,
1455 2943 1514 3006 nisi
1546 2962 1644 3024 quem
1675 2944 1790 3006 fratres
1822 2943 1993 3006 communi

310 3055 471 3098 consensu
494 3033 545 3098 vel
570 3033 705 3096 fratrum
728 3053 804 3114 pars
828 3033 955 3096 consilii
988 3035 1126 3097 sanioris
1158 3033 1338 3096 secundum
1371 3031 1424 3094 dei
1458 3033 1610 3095 timorem
1641 3039 1674 3095 et
1704 3032 1792 3096 beati
1817 3031 1992 3096 Benedicti

310 3123 455 3206 regulam
477 3122 682 3206 providerint
704 3122 901 3203 eligendum.
946 3117 1162 3186 Decernimus
1186 3142 1281 3203 ergo,
1313 3131 1348 3184 ut
1380 3120 1457 3184 nulli
1488 3121 1625 3184 omnino
1656 3120 1827 3184 hominum
1859 3121 1909 3184 fas
1941 3121 1992 3195 sit,

309 3213 473 3295 prelatum
490 3210 721 3275 monasterium
746 3259 752 3274 .
777 3259 784 3273 .
807 3257 814 3272 .
839 3211 950 3275 usibus
973 3211 1172 3275 omnimodis
1188 3210 1365 3293 profutura,
1389 3209 1480 3273 salva
1493 3209 1581 3274 sedis
1598 3212 1780 3293 apostolice
1795 3209 1994 3274 auctoritate

309 3311 342 3365 et
373 3301 539 3365 diocesani
571 3300 721 3383 episcopi
752 3302 909 3364 canonica
940 3301 1071 3365 iustitia.
1125 3301 1159 3366 Si
1193 3321 1258 3382 qua
1290 3346 1328 3364 ..
1354 3347 1361 3362 .
1387 3298 1521 3363 Cunctis
1549 3309 1659 3363 autem
1693 3349 1700 3364 .
1732 3349 1739 3362 .
1772 3349 1780 3364 .
1812 3299 1994 3363 inveniant

307 3390 428 3454 Amen.
451 3391 541 3454 A·m.
564 3389 685 3452 Amen.
709 3422 754 3435 -—

520 3474 576 3563 (R)
598 3480 672 3560 Ego
696 3477 873 3560 Gregorius
897 3478 1059 3543 catholice
1083 3479 1220 3542 ecclesie
1244 3482 1421 3561 episcopus
1443 3499 1484 3542 ss.
1507 3472 1569 3563 (M)

522 3564 542 3652 †
566 3569 639 3650 Ego
663 3569 824 3632 Henricus
846 3566 1047 3632 Albanensis
1071 3568 1245 3652 episcopus
1268 3589 1308 3631 ss.

521 3654 542 3739 †
565 3657 639 3739 Ego
663 3656 780 3721 Paulus
804 3655 1012 3722 Prenestinus
1036 3659 1212 3740 episcopus
1235 3677 1276 3721 ss.
1663 3733 1665 3738 ,

522 3743 543 3829 †
565 3747 640 3828 Ego
662 3746 877 3811 Tbeobaldus
900 3748 1085 3811 Hostiensis
1108 3755 1141 3810 et
1164 3745 1377 3810 Velletrensis
1400 3746 1577 3828 episcopus
1600 3765 1641 3808 ss.
1664 3739 1711 3830 l)

521 3869 566 3880 -
587 3833 608 3919 †
630 3837 704 3917 Ego
727 3837 839 3900 Petrus
863 3836 904 3900 de
927 3837 1023 3900 Bono
1046 3837 1209 3919 presbiter
1231 3835 1404 3899 cardinalis
1427 3833 1473 3897 tit.
1497 3845 1609 3898 sancte
1633 3833 1782 3898 Susanne
1804 3851 1848 3894 ss.

522 3922 543 4007 †
566 3923 639 4006 Ego
663 3925 835 3989 Laborans
860 3926 1022 4008 presbiter
1043 3926 1216 3989 cardinalis
1239 3935 1352 3989 sancte
1373 3923 1478 3987 Marie
1497 3923 1720 3987 transtiberim
1739 3921 1786 3985 tit
1807 3919 1930 3985 calixti
1949 3939 1991 3982 ss.

522 4011 543 4097 †
565 4015 639 4096 Ego
664 4015 783 4078 Melior
804 4015 966 4097 presbiter
981 4015 1154 4079 cardinalis
1169 4026 1357 4078 sanctorum
1372 4011 1528 4076 Iohannis
1545 4022 1578 4077 et
1593 4012 1683 4076 Pauli
1699 4012 1748 4075 tit.
1764 4009 1934 4074 Pamachii
1949 4029 1992 4072 ss.

522 4100 543 4186 †
566 4104 640 4185 Ego
663 4103 850 4167 Adelardus
873 4104 921 4168 tit.
945 4105 1049 4167 sancti
1073 4101 1220 4167 Marcelli
1244 4103 1404 4186 presbiter
1427 4103 1601 4165 cardinalis
1624 4122 1664 4166 ss
1687 4097 1734 4186 (1)

521 4225 567 4238 -
587 4193 609 4273 †
632 4193 705 4274 Ego
728 4189 919 4277 Iac(inthus)
940 4202 1053 4257 sancte
1076 4193 1179 4256 Marie
1202 4194 1236 4256 in
1259 4190 1442 4273 Cosmidyn
1465 4191 1623 4255 diaconus
1646 4189 1820 4254 cardinalis
1842 4209 1886 4252 ss.

521 4279 542 4362 †
565 4279 639 4362 Ego
662 4281 836 4345 Gratianus
858 4291 1046 4345 sanctorum
1069 4281 1190 4347 Cosme
1213 4291 1247 4345 et
1269 4281 1422 4344 Damiani
1446 4281 1604 4345 diaconus
1627 4279 1799 4344 cardinalis
1820 4297 1864 4342 ss.
1887 4272 1935 4363 (2)

522 4371 543 4448 †
567 4369 640 4452 Ego
663 4369 823 4435 Radullus
845 4372 949 4434 sancti
973 4371 1105 4454 Georgii
1131 4370 1173 4435 ad
1195 4369 1317 4434 Velum
1340 4390 1474 4433 aureum
1498 4370 1654 4434 diaconus
1677 4367 1852 4432 cardinalis
1876 4387 1919 4430 ss.

468 4460 546 4522 Dat.
562 4460 717 4536 Ferrarie,
741 4480 800 4542 per
822 4479 956 4523 manum
971 4461 1090 4543 Moysi,
1105 4461 1336 4525 Lateranensis
1357 4461 1518 4535 canonici,
1534 4458 1659 4542 agentis
1674 4459 1781 4522 vicem
1795 4455 1991 4520 cancellarii.

309 4562 362 4612 1111
391 4548 478 4612 Non.
510 4548 689 4612 Novembr.
742 4549 925 4612 Indictione
956 4561 1058 4614 sexta.
1111 4550 1349 4614 Incamationis
1368 4546 1396 4635 e)
1434 4549 1602 4612 dominice
1640 4569 1728 4612 anno
1765 4556 1989 4610 MchxvaL

309 4638 523 4701 Pontificatus
545 4657 624 4701 vero
648 4638 762 4701 domni
786 4639 966 4704 GREGORII
988 4661 1045 4723 pp.
1068 4653 1132 4704 vn1
1155 4659 1243 4703 anno
1266 4641 1383 4722 primo.
1407 4673 1451 4683 -

473 4749 517 4802 Or.
537 4751 643 4817 (Urbim
668 4755 684 4802 9
704 4751 765 4802 Nov.
787 4754 874 4819 1188),
892 4753 926 4804 im
943 4753 1058 4804 Archr'vr'o
1076 4753 1103 4802 dr'
1119 4754 1186 4803 Staio
1203 4770 1233 4805 ru
1253 4753 1359 4804 Horma.

472 4823 544 4888 ferg.
563 4825 624 4884 r'tal.,
643 4824 678 4874 br.
698 4827 785 4886 0,487,
805 4825 867 4891 lang
883 4827 968 4885 nola,
988 4834 1063 4876 auten
1081 4827 1161 4886 0,028
1178 4825 1368 4892 unigorniam,
1388 4825 1468 4874 durch
1486 4825 1502 4872 2
1518 4823 1613 4874 Licher
1631 4821 1692 4888 girrg
1716 4822 1754 4872 die
1772 4822 1879 4882 Sciam,
1902 4821 1989 4870 mich

309 4893 355 4943 nni
371 4893 423 4943 dem
441 4893 568 4961 Bler'sr'egcl
581 4897 696 4955 vermen,
716 4895 826 4962 learning
842 4897 886 4946 der
903 4898 999 4951 Brdlera
1035 4898 1095 4947 Nur
1111 4897 1156 4947 das
1173 4897 1311 4963 Ringkrem
1328 4897 1419 4946 sclaria!
1434 4911 1483 4946 von
1500 4895 1633 4945 drorklerer
1648 4895 1724 4945 Dino
1742 4895 1855 4959 gemacht
1876 4909 1906 4942 su
1927 4893 1986 4950 saar,

310 4964 442 5030 Datimrrg
456 4980 512 5016 vom
529 4966 821 5031 Harprkltrpersclrrcibrr,
846 4969 891 5018 das
909 4969 935 5018 M
953 4971 995 5019 des
1012 4970 1090 5020 Moser
1107 4969 1138 5018 r'st
1155 4969 1199 5019 mit
1216 4968 1319 5019 andem
1336 4967 1411 5018 Dinte
1435 4967 1602 5033 cingaragen;
1625 4965 1663 5015 dir
1682 4965 1865 5032 Zeugmfimen
1889 4965 1988 5029 αῐὶῄῖαυ

309 5035 419 5086 maistam
435 5051 483 5086 von
501 5038 546 5088 der
558 5039 665 5106 gler'chm
685 5038 774 5090 Person
791 5041 938 5106 arugfitlrrt
953 5043 1011 5092 sein.

470 5321 931 5389 alDasrweiteoausekom'gr'rt
1018 5321 1078 5386 b)l
1101 5321 1189 5371 arrsA
1215 5323 1331 5390 kemgirt
1420 5320 1560 5386 clatouf
1580 5321 1666 5376 Rarur
1754 5319 1988 5389 Quaesitum

311 5394 620 5534 &melem-Ram.
638 5433 691 5440 ..-
711 5400 747 5462 ,1)
765 5395 859 5444 Ilsocera
878 5394 967 5458 (Pron.
985 5393 1066 5460 Rom).
1158 5397 1185 5458 2)
1207 5395 1288 5446 Osimo
1306 5395 1392 5461 (Pron.
1410 5395 1483 5459 Rom)
1502 5393 1595 5458 rossem
1612 5394 1720 5446 Ancona.
1814 5395 1841 5457 3)
1863 5389 1986 5440 cm
