4126 6356
1670 291 1728 366 193

56 467 241 550 Rigolicini,
273 477 368 551 prata
390 468 516 545 Resice,
547 467 689 542 Farnitu,
720 465 836 544 Cuzzu,
868 466 1006 544 Piscloli,
1036 464 1177 532 Serrone
1201 468 1382 532 Mattisredi
1415 479 1448 534 et
1478 473 1510 535 in
1541 471 1731 550 Cisternola,

58 557 222 633 Guaitam,
246 559 431 631 Barracum,
455 555 641 621 Fontanam
666 566 833 632 muratam,
858 567 975 622 terram
1000 559 1030 619 in
1055 556 1232 640 Malagoto,
1256 559 1471 640 Frusceptum
1496 569 1611 639 totum,
1635 563 1732 626 Frac-

57 647 186 720 tarinas,
210 655 314 709 terras
338 650 370 709 in
394 647 480 710 colle
503 649 545 710 de
569 647 666 722 Mela,
690 656 820 729 pratum
844 648 886 710 de
911 646 1105 720 Centoran0,
1130 647 1235 710 casale
1258 647 1300 710 de
1316 649 1520 732 Pizzolongo,
1545 650 1731 729 Marmorie,

57 736 272 812 Tracianum,
303 736 420 799 collem
451 738 494 799 de
518 735 606 812 Polo,
636 737 789 811 Pantana,
813 735 981 800 Summam
1005 734 1122 808 villam,
1155 735 1326 813 Scanzora,
1358 736 1475 802 vallem
1508 741 1550 803 de
1580 741 1732 818 Formali,

58 823 175 887 vallem
194 825 238 887 de
255 823 417 899 Cannella‚
442 833 543 888 terras
560 827 602 888 de
625 833 736 888 sancta
752 825 924 888 Felicitate
939 845 1012 887 curn
1029 825 1099 906 ipsa
1116 826 1262 902 ecclesia,
1279 825 1490 904 Farnitillum,
1514 827 1732 901 Falascosam,

58 914 271 977 Pomarolum
296 923 328 976 et
345 914 555 986 Calcinarum‚
580 917 610 977 in
634 923 742 976 castro
758 911 910 977 Sculcule
934 913 1102 977 ecclesiam
1127 915 1228 977 sancti
1252 913 1409 997 Stephani
1433 937 1505 980 cum
1530 922 1733 1000 pertinentiis

58 1004 134 1076 suis
156 1011 273 1076 terras,
289 1006 407 1078 vineas,
425 1011 531 1066 ortum
549 1012 582 1066 et
597 1003 699 1066 olivas
715 1005 747 1066 in
764 1004 881 1066 eodem
899 1011 1014 1080 castro,
1039 1005 1195 1084 quicquid
1212 1002 1339 1066 habetis
1355 1005 1385 1067 in
1403 1009 1534 1070 civitate
1550 1007 1733 1092 Anagnina,

58 1100 91 1154 et
113 1093 289 1155 ecclesiam
314 1094 415 1155 sancti
438 1092 578 1156 Romani
609 1113 681 1155 cum
715 1093 916 1173 pertinentiis
940 1094 1015 1155 suis.
1063 1090 1188 1155 Crisma
1211 1113 1298 1168 vero,
1330 1092 1437 1157 oleum
1468 1105 1627 1169 sanctum,
1657 1118 1734 1162 con·

57 1185 262 1244 secrationes
285 1180 433 1244 altarium
457 1202 515 1245 seu
539 1181 752 1254 basilicarum,
784 1183 1007 1244 ordinationes
1038 1181 1282 1254 monachorum,
1313 1186 1369 1262 qui
1400 1184 1441 1247 ad
1470 1205 1580 1248 sacros
1604 1186 1733 1250 ordines

58 1270 183 1333 fuerint
206 1272 433 1352 promovendi,
449 1291 468 1333 a
485 1272 660 1334 diocesano
675 1271 856 1352 suscipiatis
873 1272 1041 1352 episcopo,
1064 1271 1226 1349 siquidem
1242 1270 1421 1335 catholicus
1436 1274 1534 1337 suerit
1549 1283 1581 1338 et
1596 1277 1732 1358 gratiam

59 1361 246 1442 apostolice
268 1359 357 1422 sedis
379 1360 528 1424 habuerit
560 1369 593 1422 et
621 1379 659 1422 ea
682 1361 780 1442 gratis
810 1368 843 1421 et
872 1361 998 1441 absque
1027 1363 1186 1442 pravitate
1216 1361 1356 1424 voluerit
1387 1361 1559 1441 exhibere;
1592 1365 1733 1445 alioquin

58 1449 158 1512 liceat
179 1449 287 1522 vobis,
317 1447 524 1524 catholicum,
548 1470 645 1531 quem
671 1450 857 1523 malueritis,
888 1449 979 1511 adire
1010 1449 1194 1524 antistitem,
1226 1450 1281 1530 qui
1311 1451 1460 1515 nimirum
1494 1463 1604 1517 nostra
1635 1454 1734 1518 fultus

58 1538 265 1614 auctoritate,
290 1540 380 1620 quod
404 1539 596 1621 postulatur,
619 1538 795 1620 indulgeat.
843 1536 997 1601 Obeunte
1020 1546 1129 1600 autem
1160 1547 1201 1615 te,
1232 1559 1316 1602 nunc
1340 1542 1484 1605 eiusdem
1509 1543 1573 1606 loci
1604 1543 1735 1620 abbate,

58 1627 111 1689 vel
135 1635 268 1690 tuorum
293 1627 441 1706 quolibet
462 1647 696 1702 successorum,
728 1627 832 1690 nullus
863 1627 908 1690 ibi
933 1626 1079 1708 qualibet
1102 1629 1313 1710 surreptionis
1343 1633 1462 1694 astutia
1493 1652 1551 1694 seu
1581 1631 1736 1696 violentia

59 1725 279 1800 preponatur,
320 1718 380 1778 uisi
413 1737 510 1796 quem
543 1717 658 1780 iratres
692 1719 856 1780 communi
888 1736 1047 1779 consensu
1078 1715 1130 1778 vel
1161 1716 1296 1780 fratrum
1334 1739 1410 1800 pars
1443 1720 1567 1785 consilii
1602 1722 1735 1784 sanioris

58 1806 243 1868 secundum
268 1806 367 1869 deum
390 1814 423 1868 et
446 1807 535 1868 beati
558 1806 730 1868 Benedicti
754 1804 898 1888 regulam
928 1805 1127 1887 providerint
1158 1805 1353 1892 eligendum.
1400 1809 1616 1874 Decernimus
1648 1831 1735 1894 erga,

59 1905 96 1959 ut
110 1895 190 1957 nulli
206 1896 342 1958 omnino
359 1894 525 1958 hominum
551 1895 657 1970 liceat,
681 1895 843 1977 prefatum
869 1897 1123 1958 monasterium.
1148 1944 1154 1957 .
1180 1945 1186 1958 .
1212 1897 1321 1959 usibus
1343 1899 1540 1962 omnimodis
1555 1899 1735 1983 profutura,

59 1984 151 2047 salva
168 1984 198 2046 in
213 1985 404 2066 supradicta
419 1985 506 2047 beati
521 1984 662 2047 Romani
680 1985 817 2047 ecclesia
841 1983 1004 2065 Anagnini
1028 1984 1176 2066 episcopi
1193 1987 1350 2048 canonica
1367 1988 1486 2051 iustitia
1502 1997 1536 2051 et
1551 1989 1735 2072 apostolice

59 2075 149 2137 sedis
165 2076 371 2136 auctoritate.
402 2073 437 2137 Si
454 2093 518 2154 qua
534 2074 630 2155 igitur
647 2123 652 2136 .
669 2121 676 2134 .
695 2123 700 2136 .
717 2072 849 2137 Cunctis
862 2081 970 2136 autem
989 2123 995 2136 .
1013 2121 1019 2135 .
1036 2120 1043 2134 .
1060 2075 1232 2136 inveniant.
1264 2068 1383 2139 Am‘en.
1396 2113 1440 2123 —
1452 2076 1542 2140 A·m.
1558 2077 1677 2142 Amen.
1693 2113 1737 2125 -

294 2161 337 2242 R)
361 2162 435 2245 Ego
457 2162 621 2226 Adrianus
645 2161 806 2226 catholice
830 2161 965 2225 ecclesie
988 2163 1162 2245 episcopus
1184 2182 1226 2225 ss.
1248 2160 1310 2249 (M)

324 2251 397 2333 Ego
419 2251 586 2332 Hymarus
608 2250 810 2315 Tusculanus
834 2252 1011 2332 episcopus
1034 2271 1075 2312 ss.
1099 2249 1167 2336 (12)

280 2375 324 2387 -—
347 2338 367 2423 †
390 2342 464 2423 Ego
487 2341 586 2404 lulius
609 2341 772 2423 presbiter
795 2340 963 2404 cardinalis
986 2341 1033 2402 tit.
1056 2342 1157 2403 sancti
1180 2340 1325 2404 Marcelli
1349 2363 1389 2405 ss.

281 2427 301 2511 †
324 2429 397 2512 Ego
421 2430 596 2493 Hubaldus
618 2429 778 2512 presbiter
802 2429 973 2492 cardinalis
996 2432 1044 2491 tit.
1066 2439 1178 2492 sancte
1202 2429 1313 2493 Crucis
1337 2433 1369 2494 in
1392 2432 1565 2497 Ierusalem
1588 2455 1630 2497 ss.

325 2518 397 2600 Ego
423 2517 622 2582 Octavianus
645 2520 805 2601 presbiter
828 2518 996 2581 cardinalis
1020 2519 1066 2580 tit.
1090 2527 1202 2581 sancte
1226 2517 1346 2584 Cecilie
1369 2541 1410 2584 ss.

326 2608 400 2690 Ego
423 2608 580 2671 Astaldus
604 2609 764 2690 presbiter
788 2607 958 2670 cardinalis
982 2610 1030 2670 tit.
1055 2616 1167 2670 sancte
1190 2609 1299 2672 Prisce
1322 2630 1364 2673 ss.

281 2694 301 2779 †
325 2696 397 2779 Ego
422 2695 577 2760 Girardus
602 2698 764 2779 presbiter
786 2697 957 2760 cardinalis
981 2699 1028 2758 tit.
1049 2695 1076 2782 8)
1100 2699 1202 2760 sancti
1218 2695 1376 2779 Stephani
1400 2699 1430 2762 in
1448 2700 1538 2763 Celio
1562 2709 1674 2764 monte
1697 2722 1738 2764 ss.

281 2783 301 2867 †
324 2784 397 2868 Ego
414 2786 574 2851 lohannes
587 2786 747 2867 presbiter
760 2785 930 2849 cardinalis
946 2794 1132 2849 sanctorum
1145 2785 1297 2850 Iohannis
1315 2797 1347 2850 et
1360 2789 1447 2851 Pauli
1460 2793 1507 2852 tit.
1521 2789 1684 2853 Pamachii
1697 2811 1738 2854 ss.

282 2873 301 2958 †
325 2877 398 2957 Ego
421 2877 581 2940 lohannes
604 2875 766 2957 presbiter
789 2875 958 2938 cardinalis
981 2877 1029 2937 tit.
1053 2884 1240 2939 sanctorum
1263 2873 1405 2940 Silvestri
1429 2888 1463 2941 et
1486 2879 1614 2942 Martini
1637 2900 1679 2944 ss.

282 2962 302 3046 †
325 2964 398 3047 Ego
420 2965 636 3028 Ildebrandus
659 2965 819 3047 presbiter
841 2963 1011 3027 cardinalis
1033 2965 1163 3028 basilice
1187 2979 1237 3028 XII
1260 2965 1499 3048 Apostolorum
1523 2988 1564 3032 ss.

326 3055 399 3136 Ego
424 3053 531 3117 Guido
556 3054 719 3136 presbiter
741 3053 916 3117 cardinalis
939 3055 986 3115 tit.
1010 3053 1128 3116 Calixti
1152 3074 1193 3117 ss.
1217 3052 1263 3140 (1)

327 3142 400 3225 Ego
422 3145 588 3207 Bonadies
612 3144 771 3226 presbiter
795 3143 964 3206 cardinalis
987 3146 1036 3206 tit.
1060 3146 1161 3206 sancti
1186 3141 1361 3226 Grisogoni
1385 3165 1426 3206 ss,

326 3231 399 3314 Ego
422 3232 581 3295 Albertus
604 3233 765 3314 presbiter
788 3231 956 3295 cardinalis
979 3235 1027 3295 tit.
1051 3235 1154 3296 sancti
1178 3232 1344 3296 Laurentii
1367 3235 1399 3296 in
1422 3235 1546 3297 Lucina
1568 3255 1610 3297 ss

329 3322 401 3402 Ego
426 3320 613 3384 Guilielmus
637 3323 797 3402 presbiter
820 3321 989 3384 cardinalis
1012 3322 1057 3384 tit.
1081 3324 1182 3384 sancti
1207 3322 1292 3384 Petri
1316 3323 1357 3384 ad
1380 3322 1521 3387 Vincula
1543 3344 1585 3388 ss.

283 3445 327 3455 —
351 3408 371 3493 †
395 3410 467 3493 Ego
493 3408 595 3474 Oddo
618 3411 774 3474 diaconus
798 3407 806 3494 ll
830 3410 1003 3473 cardinalis
1026 3412 1074 3472 tit.
1098 3413 1201 3474 sancti
1227 3409 1358 3494 Georgii
1380 3431 1422 3474 ss.

284 3497 304 3581 †
328 3499 401 3581 Ego
424 3500 584 3564 Rodulius
608 3500 764 3562 diaconus
788 3499 961 3563 cardinalis
984 3508 1097 3562 sancte
1120 3499 1222 3563 Lucie
1245 3501 1275 3563 in
1300 3501 1402 3582 Septa
1425 3500 1501 3565 solis
1524 3522 1566 3566 ss.

284 3586 305 3670 †
328 3588 401 3671 Ego
424 3591 513 3653 Boso
537 3589 693 3652 diaconus
717 3589 888 3652 cardinalis
911 3597 1095 3651 sanctorum
1122 3589 1242 3653 Cosme
1266 3598 1299 3653 et
1320 3589 1472 3654 Damiani
1497 3612 1536 3654 ss.

284 3674 305 3760 †
328 3680 401 3760 Ego
426 3678 585 3759 Cinthyus
608 3679 765 3741 diaconus
789 3677 958 3741 cardinalis
981 3679 1082 3741 sancti
1105 3677 1241 3742 Adriani
1265 3699 1306 3740 ss.

284 3764 305 3848 †
328 3766 401 3850 Ego
425 3767 625 3830 Raimundus
648 3768 805 3831 diaconus
829 3765 1000 3830 cardinalis
1023 3776 1135 3829 sancte
1159 3768 1261 3831 Marie
1282 3769 1313 3830 in
1336 3767 1400 3830 Via
1422 3768 1487 3832 lata
1510 3790 1551 3832 ss
1575 3764 1621 3854 (7)

231 3855 308 3918 Dat.
324 3857 486 3934 Laterani,
509 3877 569 3940 per
591 3876 723 3919 manum
745 3856 896 3930 Rolandi‚
921 3865 1032 3942 sancte
1048 3856 1194 3942 Romane
1219 3855 1354 3941 ecclesie
1378 3858 1548 3938 presbiteri
1571 3857 1743 3922 cardinalis

65 3953 100 4007 et
123 3943 317 4008 cancellarii.
354 3961 379 4010 11
399 3946 476 4009 ldus
492 3947 578 4009 Maii.
616 3945 796 4009 indictione
819 3959 877 4009 VII.
924 3945 1154 4008 incarnationis
1177 3948 1341 4032 dominice
1365 3967 1451 4009 anno
1476 3959 1621 4011 MCLVIII.
1660 3949 1743 4011 Pon·

66 4033 212 4097 tificatus
236 4036 449 4100 verodomni
473 4035 633 4100 ADRIANI
656 4055 713 4117 pp.
737 4050 790 4098 1111
813 4055 898 4098 anno
921 4049 981 4099 1111.
1005 4070 1049 4080 —

235 4150 279 4199 Or.
296 4151 352 4199 und
366 4150 491 4216 Abschrist
507 4151 546 4198 des
562 4150 705 4199 Bullarium
722 4165 782 4200 saec.
801 4149 872 4198 XIV.
884 4157 911 4213 p.
934 4153 991 4208 124,
1010 4150 1043 4199 im
1063 4149 1177 4198 Archivia
1199 4149 1331 4213 capitolare
1349 4167 1378 4198 nt
1397 4152 1506 4217 Arragan.

233 4222 304 4288 strg.
323 4223 383 4282 ital„
411 4224 447 4276 br.
467 4224 535 4282 0,59,
560 4224 620 4286 lang
637 4223 706 4282 offa,
733 4228 808 4270 auten
827 4223 903 4280 0,019
928 4222 1119 4286 eingeschabgm,
1147 4221 1223 4268 durch
1243 4221 1259 4268 2
1276 4221 1369 4270 L'a'cber
1391 4221 1449 4288 geht
1472 4225 1509 4272 die
1530 4241 1584 4274 rasa
1606 4225 1662 4273 und
1679 4225 1745 4290 gelde

68 4293 262 4354 Seidenschnnm
289 4295 360 4343 darm
382 4295 438 4344 Blei
458 4297 572 4343 varlaren.
610 4292 719 4358 Faltung
740 4294 784 4341 der
806 4294 902 4342 Bullen.
939 4293 1076 4357 Ringkrma
1099 4293 1189 4341 scheint
1211 4292 1327 4342 dunklere
1343 4294 1419 4342 Dinte
1441 4297 1479 4343 als
1500 4295 1559 4345 Um·
1584 4298 1639 4345 und
1658 4295 1744 4345 Unter-

68 4363 166 4428 scitust.
198 4367 327 4430 Datr'rung
342 4367 410 4415 wahl
422 4382 470 4415 van
487 4367 589 4414 andem
599 4365 679 4413 Hand
693 4367 731 4413 als
748 4365 792 4413 der
809 4364 983 4428 Haantka'rper,
1004 4366 1048 4413 das
1066 4365 1088 4412 R
1106 4364 1215 4412 Ralaads
1238 4365 1310 4413 dan'n
1327 4365 1510 4432 nachgetragen.
1536 4370 1592 4416 Das
1603 4373 1617 4431 †
1629 4383 1675 4416 var
1692 4368 1744 4416 dem

70 4437 201 4486 Damam
222 4437 290 4486 odda
307 4453 355 4486 van
372 4438 472 4488 kellaer
488 4438 570 4497 Dina,
589 4437 624 4486 bei
639 4436 738 4500 lr'aduls
751 4437 782 4484 ist
798 4441 813 4499 †
831 4437 888 4502 Ego
906 4451 954 4484 van
971 4437 1100 4485 dunklmr
1114 4437 1170 4483 und
1184 4436 1251 4484 wohl
1265 4435 1328 4484 auch
1346 4435 1489 4488 schmererer
1506 4439 1585 4488 Hand
1596 4439 1744 4504 geschrieben

69 4511 107 4628 Y
125 4509 172 4557 das
189 4507 306 4628 ὣόζᾳεὲιίι
323 4510 519 4575 derSrgninmg.
561 4509 637 4558 Unter
660 4508 705 4556 den
726 4507 857 4558 [lesbium
875 4509 906 4556 ist
922 4509 959 4556 tin
982 4507 1007 4556 T
1002 4508 1053 4556 Im'l
1065 4523 1113 4556 aon
1131 4508 1183 4556 dem
1201 4508 1336 4556 nataliciam
1356 4508 1477 4559 Schreiber
1494 4511 1650 4576 ausgfia'drt,
1669 4511 1746 4560 sicher

87 4581 109 4628 ie
126 4586 204 4628 erstm
235 4579 308 4630 eim.

819 4797 885 4874 ΝΥ.
916 4802 1001 4876 180.

71 4931 231 5001 Hadrian
256 4927 280 4997 I
286 4929 315 4998 V
333 4931 518 5017 deaastragt
535 4932 590 4999 die
611 4931 707 4998 aaa
733 4953 793 4997 van
823 4931 998 4997 Cittadella
1022 4931 1092 4996 and
1111 4931 1178 4996 San
1200 4931 1405 5011 Bartalamea,
1429 4930 1483 4994 die
1506 4931 1746 5015 Streitigkeiten

119 5024 283 5088 zwisalten
298 5024 371 5088 dem
388 5023 451 5087 Aba
463 5044 523 5088 van
539 5025 638 5089 Santa
653 5023 784 5103 Stefana
799 5020 838 5087 a'i
856 5023 986 5087 Genava
1002 5020 1071 5085 uad
1082 5020 1143 5085 den
1158 5019 1441 5086 Damkanam'kem
1456 5021 1639 5105 beizulegea
1659 5021 1691 5110 ²).

712 5139 969 5213 1158Juni14.
1000 5137 1102 5201 Satri.

234 5253 398 5321 Adrianus
422 5258 605 5339 episcopus,
628 5276 739 5320 servus
761 5276 928 5318 servorum
953 5255 1016 5333 dei,
1041 5254 1168 5317 dilectis
1185 5252 1267 5329 filiis,
1291 5253 1334 5316 de
1351 5250 1525 5317 Civitatula
1543 5251 1568 5340 ²)
1591 5262 1626 5317 et
1641 5256 1745 5318 sancti

73 5343 300 5412 Bartholomei
317 5344 343 5431 ⁸)
372 5345 561 5422 abbatibus,
594 5345 730 5409 salutern
761 5353 795 5408 et
824 5343 1038 5427 apostolicam
1070 5343 1343 5407 benedictionem.
1396 5342 1536 5420 Causas,
1569 5363 1633 5423 que
1663 5346 1747 5407 inter

235 5525 262 5587 a)
285 5521 510 5586 Uebergesckn‘eben.
530 5561 582 5568 ..
601 5523 637 5584 .1)
661 5521 738 5586 Vargl.
758 5519 795 5568 al'e
817 5520 877 5574 Urk.
895 5537 950 5569 vam
968 5521 1001 5570 21
1021 5517 1077 5568 Mai
1093 5519 1271 5568 arca-1146.
1345 5522 1371 5568 2l
1390 5518 1446 5569 Das
1463 5518 1601 5567 bekanntere
1621 5517 1747 5568 Cr'ttadella

74 5595 117 5645 iar:
142 5595 208 5645 Cam.
228 5596 272 5644 nel
292 5593 381 5650 Vetula,
395 5601 466 5657 praa.
486 5593 513 5641 di
532 5593 637 5642 Paaova.
675 5593 741 5642 Hier
763 5592 830 5641 wird
850 5592 894 5640 das
913 5589 1118 5642 Aemonaa'scle:
1143 5589 1245 5638 circand.
1265 5605 1277 5639 e
1294 5590 1377 5646 mand.
1400 5590 1428 5638 ali
1443 5589 1544 5638 Novnra
1561 5590 1666 5654 gement!
1688 5591 1745 5640 sein.

76 5675 101 5731 3)
119 5667 157 5716 Er
173 5667 243 5716 vird
252 5665 278 5715 S.
290 5663 454 5714 Barihalamei
470 5664 509 5729 (de
525 5664 630 5730 Fussala)
648 5681 696 5713 aran
714 5663 798 5713 Genua
811 5665 916 5729 gamain!
932 5664 990 5724 stin,
1006 5669 1072 5712 sans!
1086 5669 1146 5711 etaaa
1156 5661 1182 5711 S.
1199 5661 1362 5710 Barthalamei
1377 5661 1559 5710 Vallisaamdrase
1576 5676 1624 5710 uon
1636 5661 1745 5712 Novaro.

133 5777 154 5806 v.
167 5763 459 5816 Pilum-Hartman,
475 5761 531 5804 Aeta
544 5763 586 5804 111.
1506 5752 1538 5810 25
