4142 6366
318 367 384 450 236

317 557 524 620 observantia
546 554 773 638 permansuris,
803 565 841 614 1N
863 564 940 616 ΡΡΜ.
963 588 1007 598 -
1031 551 1193 634 Quotiens
1223 551 1300 615 illud
1323 572 1342 615 a
1365 553 1461 616 nobis
1492 550 1622 631 petitur,
1656 543 1747 626 quod
1778 538 1930 644 religioni
1962 546 1998 600 et

316 645 479 709 honestati
504 645 678 709 convenire
702 643 887 716 dinoscitur,
913 644 1022 704 animo
1039 662 1100 705 nos
1116 643 1212 705 decet
1227 642 1342 704 libenti
1363 640 1544 704 concedere
1568 646 1601 701 et
1622 633 1805 718 petentium
1823 629 1997 693 desrdenrs

316 754 494 816 congruum
519 734 674 815 impertiri
699 733 896 812 suffragium.
918 739 922 814 Ι
942 732 1138 812 Eapropter,
1170 730 1279 794 dilecti
1304 733 1336 794 in
1361 730 1494 792 domino
1519 727 1584 800 filii,
1614 724 1730 788 vestris
1761 721 1852 782 iustis
1881 729 1996 800 postu·

314 822 490 886 lationibus
522 822 698 886 clementer
729 821 899 884 annuimus
931 829 963 883 et
998 821 1040 882 ad
1073 821 1242 901 exemplar
1272 820 1542 902 predecessorum
1574 827 1774 885 nostrorum,
1805 809 1896 872 bone
1929 826 1997 908 me:

315 914 418 975 morie
448 912 649 986 Alexandri,
679 909 824 984 Urbani,
851 910 943 972 Lucii
977 920 1010 972 et
1033 919 1146 972 sancte
1169 911 1404 972 recordationis
1428 908 1529 990 patris
1561 917 1595 968 et
1618 899 1859 986 predecessoris
1888 903 1996 959 nostri

313 1002 461 1083 Eugenii,
485 1001 711 1064 Romanorum
736 997 937 1082 pontificum,
962 1001 1118 1062 canonice
1134 999 1201 1061 vite
1225 999 1384 1075 ordinem,
1409 1017 1508 1080 quam
1531 995 1669 1077 professi
1686 991 1772 1064 estis
1796 987 1996 1051 auctoritate

314 1091 415 1153 nostri
440 1091 597 1172 privilegii
625 1090 873 1152 communimus
920 1089 1065 1151 Presenti
1097 1089 1195 1170 igitur
1225 1089 1358 1151 decreto
1389 1089 1568 1157 statuimus,
1601 1091 1636 1147 ut
1666 1081 1787 1146 nemini
1811 1079 1995 1141 viventium

315 1181 418 1254 liceat,
447 1199 507 1242 vos
531 1190 565 1242 et
586 1197 789 1242 successores
813 1187 939 1240 vestros
962 1179 1071 1240 avite
1094 1179 1254 1240 canonice
1278 1172 1534 1262 c[omm]unione
1558 1174 1745 1245 distrahere,
1778 1190 1861 1233 neve
1895 1169 1995 1230 alicui

313 1280 457 1332 vestrum
486 1280 562 1350 post
594 1267 833 1350 professionem
857 1265 995 1329 liberum
1018 1268 1068 1341 sit,
1102 1267 1401 1349 acongregatione
1433 1265 1601 1328 discedere
1631 1271 1664 1326 et
1692 1261 1816 1325 latioris
1843 1264 1895 1325 vie
1920 1279 1996 1339 pre·

314 1366 410 1440 rupta
432 1359 558 1422 sectari.
604 1357 713 1437 Quam
738 1356 782 1418 ob
806 1376 874 1418 rem
899 1355 1110 1432 decernimus,
1136 1365 1170 1418 nt
1193 1357 1219 1418 si
1244 1377 1286 1419 ex
1309 1356 1404 1417 vobis
1434 1348 1633 1440 q[uisqu]am
1657 1373 1677 1414 a
1700 1353 1874 1433 proposito
1898 1347 1996 1409 aber-

314 1447 438 1521 raverit,
463 1448 504 1509 ad
529 1447 758 1528 corrigendum
782 1465 856 1507 eum
880 1451 913 1506 et
936 1446 1118 1507 secundum
1142 1445 1349 1526 disciplinam
1374 1445 1483 1526 regule
1516 1442 1757 1506 cohercendum
1775 1437 1811 1522 ἱ),
1842 1442 1912 1516 tibi,
1949 1435 1995 1498 fili

314 1537 497 1618 preposite,
530 1536 582 1599 vel
606 1533 633 1618 ει)
664 1535 906 1598 successoribus
936 1535 1000 1596 tuis
1033 1541 1066 1597 et
1104 1535 1234 1608 ceteris,
1265 1535 1320 1615 qui
1352 1532 1546 1615 prefuerint,
1578 1532 1666 1595 nulla
1696 1532 1817 1594 debeat
1845 1552 1996 1613 persona

313 1625 480 1688 obsistere.
527 1624 681 1690 Obeunte
711 1635 744 1687 te
772 1623 823 1686 vel
854 1624 969 1686 ceteris
998 1623 1155 1686 canonice
1178 1630 1284 1686 vestre
1308 1621 1504 1694 rectoribus,
1538 1620 1643 1684 nullus
1674 1620 1719 1683 ibi
1745 1619 1892 1703 qualibet
1915 1623 1995 1684 sub·

314 1715 472 1795 reptionis
502 1716 621 1779 astutia
652 1714 703 1776 vel
726 1713 884 1775 violentia
913 1722 1129 1794 preponatur,
1161 1713 1231 1785 nisi,
1262 1731 1361 1793 quem
1393 1712 1556 1794 regulares
1587 1712 1701 1773 fratres
1730 1711 1911 1774 secundum
1938 1715 1995 1776 dei

313 1807 465 1866 timorem
487 1801 538 1867 vel
565 1807 606 1867 de
629 1805 703 1878 suis,
736 1803 761 1865 si
786 1802 885 1864 talem
909 1803 994 1863 inter
1015 1821 1051 1864 se
1075 1803 1290 1884 reppererint,
1322 1801 1373 1864 vel
1407 1803 1449 1864 de
1478 1801 1599 1877 alienis,
1632 1800 1657 1862 si
1691 1803 1881 1881 oportuerit,
1914 1823 1994 1865 cum

313 1893 450 1955 consilio
483 1893 650 1975 episcopi,
682 1891 737 1973 qui
769 1891 927 1953 canonice
957 1889 1080 1954 electus
1109 1902 1143 1954 et
1172 1910 1233 1973 per
1261 1892 1445 1953 Romanam
1477 1890 1573 1953 fuerit
1607 1890 1779 1952 ecclesiam
1812 1891 1993 1966 ordinatus,

313 1982 477 2063 elegerint
524 1981 681 2057 Preterea,
708 1999 931 2062 quascumque
955 1979 1187 2061 possessiones,
1220 1998 1425 2061 quecumque
1448 1978 1539 2042 bona
1569 1981 1602 2041 in
1633 1979 1870 2061 presentiarum
1906 1983 1995 2045 iuste

312 2081 346 2133 et
378 2070 534 2133 canonice
568 2072 745 2154 possidetis
783 2078 839 2132 aut
868 2070 900 2131 in
932 2068 1076 2131 futurum
1105 2071 1318 2132 concessione
1350 2069 1559 2151 pontificum,
1591 2069 1763 2150 largitione
1794 2089 1906 2151 regum
1940 2073 1994 2134 vel

311 2160 505 2241 principum,
531 2160 700 2224 oblatione
724 2158 869 2221 fidelium
892 2177 949 2222 seu
965 2159 1036 2221 aliis
1061 2158 1151 2222 iustis
1167 2160 1273 2221 modis
1297 2159 1361 2220 deo
1385 2160 1530 2240 propitio
1554 2157 1701 2239 poteritis
1725 2158 1871 2240 adipisci,
1896 2159 1994 2222 firma

312 2249 407 2311 vobis
421 2251 602 2331 vestrisque
617 2248 868 2321 successoribus,
885 2249 939 2329 qui
957 2249 989 2309 in
1006 2248 1122 2310 eadem
1139 2247 1296 2330 religione
1311 2249 1558 2329 permanserint,
1574 2257 1608 2310 et
1623 2247 1747 2309 illibata
1764 2261 1993 2328 permaneant.

311 2338 347 2400 In
371 2338 489 2417 quibus
511 2339 573 2402 hec
596 2340 737 2421 propriis
761 2338 913 2401 duximus
937 2337 1152 2418 exprimenda
1175 2337 1359 2400 vocabulis:
1392 2336 1525 2420 plebem
1546 2337 1587 2399 de
1603 2337 1734 2399 Viliano
1753 2334 1782 2421 b)
1806 2356 1881 2400 cum
1896 2339 1993 2400 omni

312 2427 546 2504 decimatione,
579 2428 713 2510 plebem
745 2427 787 2490 de
817 2435 931 2489 sancto
955 2425 1108 2505 Quirico,
1140 2426 1288 2489 similiter
1318 2433 1352 2488 et
1382 2436 1507 2488 ceteras
1539 2425 1776 2494 decimationes
1806 2427 1874 2488 sive
1905 2427 1994 2490 infra

311 2517 476 2578 civitatem
507 2537 564 2580 seu
589 2528 690 2592 extra,
722 2516 764 2579 ab
796 2515 961 2596 episcopis
988 2515 1085 2577 vobis
1109 2535 1291 2591 concessas,
1323 2525 1355 2578 et
1386 2525 1535 2596 quartam
1559 2515 1747 2596 portionem
1771 2514 1993 2590 oblationum,

312 2625 393 2687 quas
416 2604 534 2668 letanie
558 2606 707 2682 offerunt,
731 2615 765 2668 et
789 2604 1024 2666 decimationes
1048 2605 1089 2667 de
1113 2603 1293 2686 Groppole,
1318 2615 1352 2667 et
1375 2605 1416 2666 de
1438 2603 1575 2678 Collina,
1599 2614 1632 2666 et
1655 2604 1816 2686 capellam
1839 2605 1992 2669 eiusdem

311 2694 384 2768 loci,
416 2695 576 2777 capellam
600 2695 702 2758 sancti
727 2693 905 2758 Salvatoris
928 2694 1025 2755 sitam
1049 2694 1081 2755 in
1109 2705 1205 2775 porta
1229 2691 1397 2765 Guidonis,
1429 2693 1589 2775 capellam
1620 2695 1723 2756 sancti
1747 2695 1924 2770 Leonardi,
1959 2705 1993 2758 et

310 2783 472 2866 capellam
494 2795 608 2847 sancte
624 2785 727 2847 Marie
751 2785 783 2846 in
799 2783 904 2863 burgo
921 2782 1067 2845 eiusdem
1084 2794 1189 2864 porte,
1214 2782 1375 2864 capellam
1391 2795 1505 2845 sancte
1523 2783 1626 2846 Marie
1642 2783 1674 2845 in
1691 2783 1795 2865 burgo
1812 2783 1991 2858 Guittradi,

310 2873 471 2955 capellam
486 2875 590 2936 sancti
606 2874 732 2948 Vitalis,
756 2883 788 2934 et
804 2872 974 2934 ecclesiam
999 2872 1040 2933 de
1055 2871 1224 2934 Vicofario
1248 2873 1280 2934 in
1301 2884 1397 2953 porta
1412 2872 1551 2934 Lucensi
1572 2869 1607 2956 θ),
1632 2880 1665 2934 et
1687 2873 1858 2935 ecclesiam
1881 2877 1992 2937 saneta¹

309 2961 408 3025 Blasii
432 2982 506 3024 cum
530 2963 622 3025 terris
645 2963 761 3044 positis
785 2963 817 3023 in
840 2959 941 3041 Aqua
963 2962 1079 3035 vivola,
1109 2971 1142 3022 et
1165 2963 1196 3023 in
1220 2961 1356 3038 Vizano,
1386 2973 1419 3024 et
1450 2963 1482 3023 in
1505 2961 1697 3042 Falagrano,
1721 2973 1755 3024 et
1783 2962 1815 3023 in
1838 2961 1990 3038 Barzani,

310 3063 343 3114 et
366 3052 398 3114 in
422 3051 609 3127 Glandaria,
640 3053 724 3115 sicut
746 3051 879 3113 easdem
898 3047 927 3132 d)
950 3058 1051 3112 terras
1070 3046 1099 3133 d)
1133 3050 1225 3113 dedit
1252 3051 1425 3123 Gerardus,
1457 3050 1540 3113 filius
1571 3051 1720 3124 Baronci,
1752 3061 1786 3113 et
1814 3051 1990 3116 Rolandus

310 3161 384 3202 cunr
407 3141 552 3216 Davizo,
582 3161 703 3222 genero
734 3161 802 3214 suo,
835 3139 1133 3202 ecclesiam'sancti
1158 3138 1292 3202 Andree
1315 3159 1390 3203 curn
1413 3141 1617 3221 pertinentiis
1640 3141 1713 3214 suis,
1745 3140 1919 3204 ecclesiam
1946 3144 1989 3205 de

309 3229 514 3310 Faltugnano
538 3249 612 3292 cum
634 3229 839 3311 pertinentiis
862 3229 936 3290 suis.
975 3227 1188 3291 Decemimus
1217 3249 1304 3310 ergo,
1336 3240 1372 3291 ut
1402 3231 1479 3292 nulli
1511 3230 1647 3291 omnino
1679 3228 1846 3292 hominurn
1877 3231 1987 3308 liceat,

309 3320 450 3382 eandem
474 3319 665 3382 canonicam
689 3328 811 3382 temere
834 3317 1025 3399 perturbare
1049 3327 1105 3380 aut
1128 3318 1196 3380 eius
1220 3319 1445 3400 possessiones
1469 3318 1593 3381 auferre
1617 3316 1668 3380 vel
1684 3319 1811 3381 ablatas
1835 3322 1986 3396 retinere,

309 3409 454 3470 minuere
477 3427 534 3470 seu
558 3407 758 3488 quibuslibet
781 3405 1012 3470 vexationibus
1035 3407 1182 3488 fatigare,
1205 3409 1264 3470 sed
1281 3407 1406 3470 illibata
1421 3408 1533 3470 omnia
1549 3417 1582 3470 et
1605 3408 1732 3489 integra
1751 3421 1989 3473 conserventur

307 3498 422 3560 vestris
442 3491 468 3579 e)
499 3507 532 3559 et
560 3517 688 3571 eorum,
721 3517 782 3579 pro
814 3515 953 3577 quorum
982 3496 1220 3577 gubernatione
1251 3507 1286 3559 et
1307 3498 1545 3559 sustentatione
1569 3516 1726 3560 concessa
1755 3507 1838 3572 sunt,
1870 3501 1987 3563 usibus

308 3585 509 3649 omnimodis
532 3586 709 3667 profutura.
755 3585 805 3648 Ea
828 3585 979 3647 nimirum
1003 3585 1172 3666 diligentia
1194 3605 1337 3667 curaque
1360 3585 1518 3660 adhibita,
1546 3606 1587 3648 ne
1610 3607 1718 3649 rerum
1741 3590 1928 3668 augmentis
1952 3591 1984 3652 in

309 3675 493 3740 libertatem
509 3676 615 3738 earnis
630 3685 664 3738 et
678 3675 827 3739 velamen
844 3674 966 3737 malitie
982 3673 1171 3750 abutamini,
1190 3669 1245 3760 [et]
1262 3695 1304 3738 ne
1320 3695 1455 3756 quoquo
1480 3676 1581 3738 modo
1598 3694 1651 3738 res
1664 3695 1783 3758 augere
1797 3684 1831 3738 et
1845 3676 1986 3740 fratrum

309 3765 458 3829 debeatis
482 3784 651 3827 numerum
675 3765 875 3839 imminuere,
908 3762 966 3826 sed
990 3773 1100 3826 tantus
1130 3765 1362 3827 canonicorum
1394 3785 1547 3828 numerus
1578 3777 1795 3840 conservetur,
1825 3777 1990 3847 quantum

308 3854 370 3916 loci
402 3854 499 3918 vestri
532 3853 669 3917 facultas
699 3855 769 3936 pati
799 3872 898 3935 posse
921 3853 1093 3926 videbitur,
1126 3872 1168 3915 ne
1198 3853 1364 3935 religionis
1398 3865 1431 3916 et
1462 3855 1582 3917 servitii
1617 3854 1720 3917 debiti
1753 3855 1990 3921 detrimentum

308 3943 445 4006 ecclesia
468 3944 618 4024 patiatur,
651 3944 741 4006 salva
764 3943 796 4005 in
821 3942 974 4004 omnibus
998 3941 1179 4023 apostolice
1206 3943 1293 4005 sedis
1320 3944 1513 4006 auctoritate
1545 3952 1578 4006 et
1601 3944 1805 4007 Pistoriensis
1835 3947 1989 4029 episcopi

307 4033 467 4096 canonica
490 4033 619 4095 iustitia.
664 4033 736 4094 Vos
760 4033 857 4113 igitur
888 4039 1028 4111 oportet,
1060 4032 1214 4112 regularis
1247 4033 1314 4094 vite
1346 4032 1604 4096 institutionibus
1636 4033 1808 4114 diligenter
1838 4035 1990 4099 insistere

307 4131 341 4183 et
364 4123 396 4184 in
421 4121 575 4184 omnibus
599 4121 781 4203 apostolice
804 4121 892 4182 sedis
916 4114 1072 4205 dec[reta]
1095 4141 1231 4196 servare,
1265 4130 1300 4184 ut
1329 4132 1408 4202 post
1430 4123 1496 4185 vite
1524 4123 1685 4202 presentis
1709 4124 1884 4204 angustias,
1918 4125 1988 4206 opi·

307 4212 432 4274 tulante
457 4209 607 4286 domino,
640 4210 682 4273 ad
710 4229 850 4291 superne
881 4208 1093 4272 beatitudinis
1115 4210 1254 4290 gloriam
1278 4212 1448 4292 pervenire
1472 4211 1671 4274 mereamini.
1718 4211 1821 4287 Sane,
1853 4214 1880 4275 si
1915 4215 1989 4296 quis

308 4300 340 4362 in
357 4301 534 4363 crastinum
556 4299 822 4380 archiepiscopus
844 4307 900 4359 aut
915 4297 1100 4379 episcopus,
1117 4299 1295 4381 imperator
1310 4308 1365 4362 aut
1382 4321 1449 4377 rex,
1474 4299 1628 4374 marchi0,
1652 4320 1773 4368 comes.
1790 4303 1987 4378 vicecomes,

307 4389 407 4451 iudex
430 4399 486 4452 aut
509 4387 677 4463 castaldio,
711 4396 766 4450 aut
788 4406 930 4469 persona
954 4387 1108 4467 quelibet,
1141 4384 1286 4474 [ma]gna
1308 4389 1360 4452 vel
1384 4410 1493 4471 parva,
1527 4389 1621 4452 huius
1644 4389 1802 4471 privilegii
1827 4393 1987 4472 paginam

306 4479 420 4554 sciens,
453 4487 568 4540 contra
597 4496 670 4539 eam
702 4488 825 4539 temere
847 4477 957 4538 venire
981 4478 1205 4558 temptaverit,
1236 4479 1381 4541 secundo
1406 4480 1544 4542 tertiove
1574 4480 1789 4554 commonita,
1821 4481 1882 4543 nisi
1916 4503 1986 4563 pre·

306 4568 529 4648 sumptionem
552 4585 645 4628 suam
676 4561 804 4650 [di]gna
835 4565 1059 4628 satisfactione
1092 4568 1278 4642 correxerit,
1309 4569 1482 4648 potestatis
1512 4567 1713 4649 honorisque
1743 4569 1791 4630 sui
1823 4570 1987 4652 dignitate

305 4667 416 4718 careat
448 4674 603 4735 reamque
644 4674 680 4718 se
711 4654 823 4717 divino
855 4655 975 4717 iudicio
1007 4656 1147 4718 existere
1179 4656 1221 4719 de
1251 4669 1439 4738 perpetrata
1471 4657 1643 4738 iniquitate
1674 4670 1870 4738 cognoscat,
1910 4670 1946 4722 et
1968 4680 2010 4720 a.

305 4745 525 4808 sacratissimo
550 4763 689 4826 corpore
714 4765 753 4806 ac
775 4745 933 4826 sanguine
958 4743 1009 4806 dei
1035 4753 1068 4806 et
1091 4745 1225 4820 domini,
1255 4747 1472 4828 redemptoris
1496 4747 1598 4808 nostri
1622 4744 1694 4808 lesu
1718 4745 1846 4822 Christi,
1880 4750 1987 4812 aliena

306 4832 372 4909 fiat,
403 4841 502 4916 atque
527 4834 559 4895 in
583 4843 733 4896 extremo
762 4833 912 4896 examine
938 4833 1083 4896 districte
1108 4833 1222 4896 ultioni
1246 4835 1423 4898 subiaceat.
1470 4834 1603 4898 Cunctis
1627 4847 1745 4910 autem,
1777 4837 1887 4900 eidem
1911 4839 1985 4900 loco

306 4943 365 4984 sua
396 4923 465 4985 iura
496 4923 716 4998 servantibus,
749 4923 790 4985 sit
823 4943 890 5004 pax
923 4922 1046 4984 domini
1078 4923 1179 4985 nostri
1211 4924 1282 4986 Iesu
1306 4921 1440 5000 Christi,
1473 4926 1638 5007 quatinus
1663 4935 1696 4986 et
1719 4925 1772 4987 hic
1790 4923 1821 5008 i)
1845 4927 1986 4990 fructum

306 5011 394 5074 bone
425 5011 563 5074 actionis
594 5013 779 5094 percipiant
809 5021 843 5074 et
872 5011 960 5094 apud
991 5012 1173 5074 districtum
1204 5014 1346 5075 iudicem
1368 5013 1495 5095 premia
1523 5023 1634 5076 eteme
1657 5015 1748 5095 pacis
1773 5015 1950 5078 inveniant.
1978 5048 1981 5095 3

305 5099 425 5164 Amen.
450 5100 540 5164 A-m.
565 5096 685 5164 Amen.
710 5135 754 5146 -

519 5185 574 5274 (R)
598 5189 671 5271 Ego
695 5188 888 5252 Alexander
911 5189 1072 5252 catholice
1096 5191 1232 5253 ecclesie
1256 5191 1432 5274 episcopus
1455 5212 1496 5254 ss.
1519 5187 1582 5276 (M)

563 5279 636 5360 Ego
660 5279 834 5341 Hubaldus
857 5279 1044 5341 Hostiensis
1067 5280 1244 5362 episcopus
1266 5301 1307 5342 ss.

519 5275 540 5448 ἶ
563 5365 636 5449 Ego
661 5367 844 5431 Bemardus
868 5365 1055 5430 Portuensis
1078 5377 1112 5432 et
1133 5379 1248 5432 sancte
1269 5368 1388 5432 Rufine
1412 5370 1588 5451 episcopus
1611 5391 1652 5432 ss.

519 5451 540 5540 †
563 5457 637 5540 Ego
661 5457 846 5522 Gualterius
868 5454 1070 5520 Albanensis
1094 5457 1270 5540 episcopus
1292 5479 1333 5521 ss.

465 5666 492 5730 a)
517 5667 566 5716 Vm
589 5668 663 5716 ndum
691 5669 725 5718 br's
749 5667 790 5717 vel
817 5668 870 5731 nus
881 5669 967 5718 Rasur
982 5683 1030 5718 von
1051 5667 1180 5717 dunklerer
1197 5669 1272 5719 Dinte
1342 5671 1369 5724 bl
1390 5669 1421 5718 Vi
1440 5671 1494 5734 auf
1505 5671 1589 5718 Ramr
1659 5673 1683 5726 c)
1703 5669 1818 5720 anense
1891 5670 1921 5736 d)
1938 5671 1989 5737 aus

306 5739 391 5788 ΚΜ
407 5751 456 5788 von
472 5739 602 5792 auderem
619 5739 695 5793 Dino
766 5749 792 5805 e)
810 5756 838 5790 ur
855 5741 945 5792 vestris
963 5739 1087 5790 thaeilvmise
1104 5739 1156 5806 auf
1168 5741 1253 5790 Rasur
1269 5742 1326 5792 und
1339 5757 1390 5791 von
1406 5742 1510 5792 andem
1527 5743 1602 5794 Dran
1673 5741 1694 5806 f)
1714 5757 1727 5792 c
1745 5747 1798 5806 auf
1809 5747 1901 5794 Rarus.
