4126 6366
328 357 393 420 324

326 538 433 591 vestre
463 526 572 589 divina
595 525 715 588 debeat
738 523 848 586 officia
871 522 1044 598 celebrare,
1068 532 1102 583 et
1125 521 1318 584 cimiterium
1348 521 1447 582 etiam
1478 519 1521 582 ad
1544 539 1628 601 opus
1651 531 1795 584 vestrum
1825 531 1859 584 et
1885 521 2020 583 familie

325 626 432 679 vestre
455 615 551 678 vobis
581 613 683 677 libera
706 612 748 676 sit
778 610 925 675 facultas.
972 610 1193 675 Concedimus
1216 611 1324 686 etiam,
1357 619 1392 672 ut
1424 608 1679 673 tintinnabulum
1703 610 1746 673 ad
1769 610 2020 673 convocandos

327 706 441 768 iratres
465 712 499 766 et
523 703 679 767 familiam
702 711 846 765 vestram
870 701 902 763 in
927 699 1036 781 aliqua
1059 709 1152 782 parte
1168 698 1296 774 domus,
1320 698 1405 761 sicut
1429 700 1462 761 in
1486 701 1703 762 instrumento
1725 700 1814 762 bone
1845 700 2019 762 memorie

327 789 547 877 .R(aimundi),
565 791 733 874 quondam
748 788 1208 872 Arelatensisarchiepiscopi
1222 784 1255 871 ¹),
1279 797 1312 850 et
1345 783 1568 872 .G(odesredi),
1591 788 1792 851 Avionensis
1808 789 1970 871 episcopi
1984 785 2019 870 ¹),

325 885 540 964 cognovimus
570 880 744 957 contineri,
782 879 878 943 liceat
907 879 1002 942 vobis
1037 877 1168 941 habere.
1220 876 1436 940 Prohibemus
1466 877 1607 958 insuper,
1638 897 1680 940 ne
1710 877 1827 959 aliquis
1856 899 1921 941 vos
1959 885 2019 940 aut

326 972 461 1034 domum
491 979 632 1034 vestram
662 967 817 1033 indebitis
848 967 1076 1031 exactionibus
1106 965 1158 1029 vel
1188 965 1259 1029 aliis
1289 963 1448 1028 molestiis
1472 967 1639 1048 inquietet,
1670 966 1762 1029 salvo
1786 987 1886 1030 censu
1912 968 2019 1028 unius

325 1061 407 1125 libre
437 1081 525 1136 cere,
562 1078 660 1140 quem
691 1057 828 1121 ecclesie
856 1056 1076 1120 Avinionensi
1106 1054 1243 1119 debetis.
1289 1054 1377 1118 Nulli
1415 1075 1493 1137 ergo
1524 1056 1660 1119 omnino
1696 1056 1866 1120 hominum
1899 1055 2018 1130 liceat,

325 1151 410 1215 hanc
434 1150 588 1233 paginam
612 1155 723 1211 nostre
746 1146 970 1229 protectionis,
994 1145 1261 1220 confirmationis,
1285 1145 1509 1207 concessionis
1533 1155 1565 1208 et
1582 1144 1813 1227 prohibitionis
1830 1145 2018 1226 infringere

325 1239 376 1302 vel
393 1241 421 1303 ei
439 1259 518 1302 ausu
533 1237 707 1301 temerario
723 1237 894 1299 contraire.
920 1234 955 1299 Si
972 1236 1044 1317 quis
1062 1244 1171 1298 autem
1188 1234 1251 1297 hoc
1262 1243 1459 1316 attemptare
1468 1235 1713 1317 presumpserit,
1730 1231 2017 1318 indi'gnaltionem

326 1328 562 1410 omnipotentis
586 1326 639 1389 dei
662 1336 696 1388 et
718 1326 891 1388 beatorum
907 1325 992 1388 Petri
1014 1335 1048 1388 et
1063 1323 1163 1400 Pauli,
1187 1322 1414 1406 apostolorum
1430 1323 1508 1401 eius,
1531 1344 1568 1387 se
1584 1326 1711 1388 noverit
1726 1324 1944 1387 incursurum.
1973 1359 2017 1368 -

325 1418 402 1481 Dat.
426 1417 568 1492 Verone,
592 1431 617 1477 11
641 1414 718 1478 Idus
741 1414 917 1477 Decembr.

488 1527 788 1594 Original-Nacbbr'ldrmg
804 1527 838 1576 ιἰιε
855 1524 970 1576 Arcbc'm'o
989 1526 1084 1592 Segrete
1101 1525 1141 1574 des
1164 1525 1276 1576 Vate'rms
1294 1541 1323 1574 εει
1342 1527 1411 1574 Rem.

486 1602 556 1667 Pcrg.
576 1601 636 1661 ital,
655 1600 690 1648 br.
711 1601 799 1659 0,267‚
817 1601 879 1665 lang
896 1600 982 1658 6311,
1001 1605 1076 1648 mere
1091 1596 1159 1647 nicee
1174 1599 1365 1663 umgescblagen,
1384 1596 1494 1662 Fabung
1510 1597 1554 1646 ἄεν
1570 1597 1655 1664 Lbnge
1670 1598 1734 1648 nacb
1751 1613 1799 1648 vore
1820 1598 1896 1658 lim,
1922 1601 2018 1660 recres,

324 1674 350 1724 in
368 1673 411 1722 der
426 1671 506 1732 Mitte,
524 1672 580 1722 und
595 1673 640 1721 der
655 1673 726 1737 lange
744 1669 824 1734 Sleerf
836 1669 925 1720 ιείεᾶεν
941 1669 968 1719 ιἰε
992 1670 1036 1718 ἄεν
1053 1667 1124 1717 Meter
1141 1669 1279 1735 gebrocbeet
1315 1669 1364 1718 Die
1388 1668 1482 1733 Scbn'fl
1503 1669 1563 1717 stebt
1586 1668 1649 1718 links
1668 1671 1737 1729 0‚02,
1760 1671 1834 1720 reebts
1855 1673 1943 1731 o,025
1965 1687 2018 1720 ven

324 1746 367 1794 ἄεν
385 1744 466 1794 Κανιιε
483 1745 513 1793 ab
531 1743 587 1792 und
601 1743 660 1809 rer'gt
671 1743 764 1792 Breven
776 1757 787 1790 s
800 1741 857 1790 ιειιᾶ
871 1747 901 1804 st,
920 1741 977 1789 aber
987 1740 1014 1790 in
1025 1740 1069 1789 ἄεν
1080 1739 1212 1808 Oberlc'e'nge
1220 1741 1370 1805 gescbeeer'fle
1381 1739 1398 1788 d
1410 1739 1466 1789 rand
1473 1739 1542 1788 stare
1552 1741 1639 1790 berorae
1652 1740 1800 1806 Masiesbeln.
1824 1741 1864 1791 Se‘e
1875 1743 2020 1806 mespricle

324 1817 368 1866 der
385 1815 436 1864 Zeit
451 1817 507 1865 und
521 1815 604 1865 bbnelt
620 1815 665 1864 ἄεν
681 1813 725 1863 ἄεν
740 1813 850 1873 Kamler',
868 1829 894 1862 re
912 1813 1044 1862 decenum
1058 1811 1154 1878 genergt
1176 1812 1227 1862 sein
1251 1813 1344 1871 bbnnte,
1369 1811 1401 1861 sie
1415 1811 1472 1875 fllr
1493 1811 1602 1876 orr'girral
1622 1829 1653 1861 εει
1676 1814 1764 1872 belem,
1789 1828 1899 1880 reegegen
1917 1815 2017 1880 jedecb

324 1889 396 1938 neben
412 1888 457 1936 der
472 1887 613 1936 besmrderen
630 1885 835 1951 Scbriftsbrbeeng
852 1885 895 1934 ἄεν
916 1884 1039 1933 Umstand
1058 1883 1155 1947 sprr'cbt,
1182 1883 1239 1932 dese
1260 1884 1298 1932 dr'e
1319 1883 1436 1932 Urbunde
1453 1891 1529 1932 uertere
1552 1885 1619 1934 nich!
1642 1885 1823 1950 umgescblagen
1847 1886 1905 1936 ιεειᾶ
1923 1887 2017 1950 plrae-

324 1961 372 2010 hire
388 1959 425 2018 ιἰι,
443 1960 504 2010 norb
518 1973 625 2024 gnuesen
642 1973 673 2006 εει
690 1957 741 2006 sein
764 1957 860 2008 scber'nt.
897 1955 975 2004 Fallet
991 1971 1051 2004 nean
1069 1969 1099 2014 es,
1124 1955 1209 2004 derben
1231 1954 1282 2004 sr'eb
1306 1955 1369 2004 bride
1393 1954 1498 2016 Hblftm
1522 1955 1627 2006 simlieb
1649 1971 1732 2021 genere
1759 1957 1801 2006 ἄεν
1826 1957 1911 2022 [berge
1935 1960 2016 2018 nach,

323 2031 407 2081 womr't
422 2038 498 2081 ιιειιεει
521 2029 574 2080 ker'n
594 2029 738 2095 Pergameae
756 2029 810 2093 file
832 2029 877 2077 das
904 2027 1105 2093 Umgescblagene
1130 2027 1205 2088 bleibt,
1231 2027 1281 2076 eine
1305 2026 1426 2092 emsertr'ge
1453 2026 1572 2076 Urburede
1595 2029 1646 2076 alre
1673 2029 1908 2078 mmabrscbeinlr'cb
1934 2030 2016 2079 ειεένᾶ.

324 2103 403 2153 Lr'nbs
420 2103 476 2152 εεειᾶ
494 2103 580 2151 Rechts
605 2101 664 2151 sind
684 2101 751 2150 niele!
776 2099 827 2149 er'ne
850 2099 956 2150 socrdem
981 2103 997 2148 2
1025 2098 1296 2149 Parcere-serarium
1316 2113 1425 2164 geregen.
1462 2099 1518 2148 Der
1540 2099 1625 2149 Inbalt
1647 2100 1688 2149 ἄει
1712 2099 1888 2165 Srbnststibcbs
1913 2101 1950 2150 r'st
1974 2102 2017 2150 ein

323 2176 421 2234 soleber,
440 2174 485 2222 wie
501 2188 528 2222 εν
544 2179 610 2223 sores!
622 2171 772 2238 gewbbnlr'clr
788 2171 815 2221 ιἰι
833 2170 989 2236 bellensem
1004 2171 1107 2237 gegeben
1123 2169 1195 2220 wird.

1070 2347 1138 2425 Nr.
1166 2352 1255 2425 366.

335 2457 444 2524 Urban
461 2457 527 2522 III
540 2465 707 2521 verseattet
727 2456 803 2522 dem
818 2453 898 2520 Abte
919 2477 980 2520 ven
1000 2455 1212 2520 Chiaravalle
1232 2455 1293 2537 (D.
1317 2454 1458 2538 Milone)
1477 2475 1583 2540 gegen
1605 2454 1667 2520 den
1688 2452 1865 2520 theilwee'se
1887 2457 1924 2520 in
1948 2457 2015 2522 der

329 2547 525 2612 Lombardee'
536 2544 958 2630 herrschendgewordenen
973 2545 1112 2625 Braucb,
1134 2544 1213 2609 dass
1231 2546 1298 2626 fie'r
1320 2543 1377 2608 ilen
1399 2545 1452 2608 ein
1470 2542 1677 2608 Gere'cbtseid
1698 2545 1761 2608 mit
1774 2543 1907 2629 Zeugen
1929 2546 2016 2610 oder

945 2633 1199 2700 Bewee'sstr‘e'cken
1207 2641 1335 2718 genebge
1351 2634 1390 2712 ³).

845 2742 1059 2805 1185-1186
1072 2739 1249 2804 December
1263 2743 1314 2804 13.
1355 2737 1489 2803 Verona.

489 2859 660 2923 URBANUS
684 2858 869 2940 episcopus
893 2877 1005 2920 servus
1028 2877 1196 2921 servorum
1220 2859 1281 2934 dei,
1306 2857 1427 2922 dilecto
1451 2855 1518 2919 filio
1543 2907 1574 2919 ..
1599 2857 1710 2920 abbati
1735 2856 1958 2921 Carevallensi
1975 2853 2013 2940 ¹),

328 2949 467 3012 salutem
497 2957 530 3010 et
560 2947 778 3028 apostolicam
808 2946 1082 3010 benedictionem.
1128 2947 1259 3029 Equum
1284 2958 1332 3010 est
1363 2955 1396 3009 et
1425 2943 1623 3030 conlsonum
1645 2947 1772 3022 rationi,
1803 2955 1838 3010 ut
1861 2968 1910 3025 ea,
1945 2968 2014 3028 que

329 3039 362 3101 in
391 3056 567 3119 gravamen
597 3035 824 3118 religiosorum
853 3037 996 3098 virorum
1026 3046 1140 3099 contra
1169 3037 1245 3100 iuris
1276 3036 1524 3117 honestatisque
1555 3036 1695 3098 sormam
1725 3036 1870 3099 indebite
1900 3037 2011 3118 requi·

328 3135 448 3202 runtur,
470 3123 475 3210 Ι
496 3125 642 3188 districte
664 3134 815 3189 vetentur
837 3133 878 3201 et,
903 3145 943 3187 ne
967 3124 1009 3187 de
1032 3133 1142 3189 cetero
1166 3135 1402 3208 attemptentur
1425 3145 1445 3186 a
1465 3144 1641 3206 quoquam,
1666 3125 1868 3188 auctoritatis
1892 3134 2012 3188 nostre

330 3213 535 3279 obstaculum
559 3224 755 3296 opponatur.
801 3213 891 3276 Mala
920 3213 1083 3295 siquidem
1113 3216 1319 3278 consuetudo
1349 3216 1382 3278 in
1407 3213 1603 3294 quibusdam
1633 3215 1781 3296 partibus
1804 3214 2011 3278 Lombardie

329 3303 471 3381 inolevit,
503 3303 602 3384 quod,
633 3303 709 3366 licet
733 3303 872 3385 questio,
897 3323 960 3384 que
984 3305 1067 3365 inter
1090 3304 1218 3386 aliquos
1236 3305 1349 3386 agitur,
1373 3303 1513 3367 testibus
1537 3302 1588 3366 vel
1612 3303 1834 3368 instrumentis
1859 3302 2011 3384 legitime

329 3395 371 3457 ab
402 3393 556 3456 alterutra
585 3402 678 3475 parte
708 3392 874 3474 probetur,
920 3392 1108 3474 probationi
1138 3401 1250 3456 tamen
1280 3414 1347 3456 non
1377 3391 1534 3468 creditur,
1571 3393 1633 3455 nisi
1663 3393 1706 3455 ab
1737 3402 1848 3454 actore
1879 3411 1919 3454 ac
1953 3413 2009 3455 reo

329 3502 427 3565 super
448 3481 566 3544 eadem
596 3481 793 3563 probatione
823 3481 1004 3545 iuramenta
1032 3491 1226 3564 prestentur,
1258 3503 1321 3564 que
1349 3483 1482 3564 quidem
1506 3481 1720 3558 consuetudo,
1751 3489 1874 3563 quanto
1899 3482 2009 3563 magis

329 3572 442 3634 obviat
475 3570 610 3646 rationi,
651 3579 745 3633 tanto
786 3579 837 3632 est
878 3569 1064 3652 diligentius
1106 3571 1279 3635 abolenda.
1333 3571 1406 3634 Hac
1446 3570 1543 3651 igitur
1574 3570 1836 3634 consideratione
1869 3571 2009 3633 rationis

329 3660 470 3737 inducti,
512 3659 673 3742 presentis
706 3659 819 3741 scripti
851 3660 973 3742 pagina
1004 3658 1156 3722 duximus
1189 3659 1417 3736 statuendum,
1460 3667 1495 3720 ut
1533 3661 1748 3723 iuramentum
1778 3669 1888 3736 tuum,
1933 3680 2008 3723 cum

328 3750 467 3813 idoneos
495 3759 598 3812 testes
628 3749 679 3812 vel
710 3748 807 3812 aliam
838 3749 1068 3831 probationem
1099 3749 1280 3831 legitimam
1310 3750 1513 3824 exhibueris,
1547 3749 1579 3811 in
1610 3749 1751 3830 negotiis
1780 3758 1836 3812 tue
1866 3748 2007 3812 ecclesie

327 3839 461 3902 minime
485 3838 672 3920 requiratur,
704 3838 764 3901 sub
796 3839 1060 3901 interminatione
1083 3839 1300 3903 anathematis
1325 3839 1519 3914 inhibentes
1550 3859 1591 3902 ne
1621 3838 1738 3919 aliquis
1762 3847 1878 3901 contra
1905 3849 2006 3903 statu·

327 3938 397 3991 tum
428 3936 575 3991 nostnrm
606 3927 738 3990 ulterius
768 3927 878 3990 venire
908 3938 1083 4009 presumat.
1132 3928 1208 3991 Hoc
1238 3938 1348 3992 autem
1378 3948 1445 3991 non
1476 3927 1582 3991 solum
1605 3937 1755 4011 tempore
1778 3937 1836 3990 tuo
1860 3939 1912 3991 set
1937 3949 2006 3991 suc·

328 4037 494 4080 cessonrm
519 4037 651 4098 quoque
674 4027 805 4079 tuorum
828 4017 1001 4079 statuimus
1026 4017 1276 4081 observandum.
1322 4017 1410 4081 Nulli
1434 4038 1514 4099 ergo
1537 4018 1673 4080 omniuo
1703 4016 1874 4080 hominum
1899 4016 2005 4094 liceat,

327 4106 413 4168 hanc
442 4107 598 4187 paginam
629 4115 740 4168 nostre
770 4106 1013 4168 constitutionis
1044 4115 1077 4168 et
1106 4107 1338 4189 prohibitionis
1375 4107 1550 4188 infringere
1579 4105 1630 4169 vel
1660 4105 1689 4168 ei
1721 4126 1801 4169 ausu
1830 4107 2005 4169 temerario

328 4195 498 4258 contraire.
544 4193 579 4258 Si
611 4196 682 4276 quis
720 4203 829 4257 autem
859 4194 924 4257 hoc
955 4204 1152 4277 attemptare
1182 4197 1432 4279 presumpserit,
1470 4195 1729 4276 indignationem
1766 4195 2004 4277 omnipotentis

328 4282 381 4346 dei
411 4294 445 4347 et
474 4284 647 4347 beatorum
676 4283 762 4346 Petri
792 4293 825 4345 et
856 4282 964 4358 Pauli,
995 4285 1222 4365 apostolorum
1249 4281 1254 4368 Ι
1280 4287 1366 4362 eius,
1398 4305 1434 4348 se
1467 4285 1594 4348 noverit
1627 4285 1837 4347 incursurum.
1862 4321 1906 4330 —
1930 4287 2003 4348 Dat

327 4373 470 4450 Verone,
493 4373 570 4438 Idus
594 4372 769 4436 Decembr.

491 4485 534 4536 Or.
553 4486 586 4536 εἰιε
604 4485 717 4537 Arcbivrb
734 4485 761 4534 ἄν·
778 4485 846 4535 State
863 4501 892 4535 ιιι
910 4484 1034 4535 Mallond.

490 4558 559 4623 Perg.
577 4557 637 4617 irat,
656 4558 691 4607 br.
710 4558 796 4618 0,212,
815 4558 876 4623 lang
893 4559 977 4617 0,168,
997 4564 1073 4608 metm
1085 4559 1163 4618 0,018
1180 4561 1371 4627 remgescblagen,
1389 4562 1468 4611 durch
1485 4559 1545 4610 »wei
1555 4559 1648 4612 Lbcber
1662 4558 1725 4625 gr'rrg
1742 4558 1781 4608 dr‘e
1792 4558 1901 4621 Schinae,
1920 4561 2003 4610 necle

327 4630 373 4681 met
388 4631 441 4680 dem
460 4629 584 4697 Blebr'egel
597 4631 714 4680 υενΙινεει-
751 4627 860 4694 Faltrmg
876 4629 920 4678 der
935 4629 1037 4679 Breven.

1072 4807 1139 4883 Nr.
1166 4810 1255 4883 367.

335 4912 444 4980 Urban
459 4912 526 4976 III
535 4908 677 4976 schreibt
690 4910 765 4975 dem
779 4910 859 4976 Abte
881 4931 942 4976 ven
956 4913 1025 4978 San
1041 4913 1128 4979 Siste
1143 4914 1182 4979 di
1196 4914 1365 4994 Piacenea,
1388 4935 1426 4978 er
1439 4913 1568 4978 erkle'e're
1590 4914 1654 4979 alle
1678 4911 1926 5000 Verlebmmgen
1940 4913 2003 4978 und

337 5001 609 5086 Verpacbtungen‚
641 4999 760 5065 welche
781 4999 842 5065 der
856 5001 997 5082 fn’e'bere
1018 5003 1083 5067 Abt
1104 5002 1281 5068 ΒεννιΙιανᾶ
1306 5003 1387 5067 olene
1418 5002 1650 5086 Zuste'mmung
1669 5003 1727 5068 des
1753 5001 1906 5089 Kapiteb
1936 5025 1998 5068 vcr-

868 5112 1060 5174 genemmen
1073 5091 1165 5174 babe,
1173 5093 1243 5174 se'e'r
1255 5091 1406 5176 urgr'e'lteg
1420 5092 1455 5173 ⁶).

828 5199 973 5278 1185-(
975 5200 1075 5276 1186)
1089 5197 1266 5262 December
1279 5201 1330 5263 15.
1370 5196 1501 5264 Verona.

488 5312 642 5377 Urbanus
666 5314 852 5396 episcopus,
883 5335 994 5378 servus
1018 5335 1184 5378 servorum
1208 5315 1279 5392 dei,
1309 5315 1431 5379 dilecto
1460 5315 1529 5379 filio
1562 5365 1567 5379 .
1599 5366 1605 5379 .
1637 5316 1749 5380 abbati
1780 5317 1886 5380 sancti
1911 5313 1995 5399 Syxti

327 5399 592 5477 Placentinensis,
625 5402 764 5467 salutem
796 5412 829 5466 et
862 5403 1080 5485 apostolicam
1112 5404 1387 5469 benedictionem.
1432 5404 1489 5467 Ad
1519 5404 1584 5468 hoc
1614 5425 1725 5468 sumus
1749 5405 1792 5468 ad
1816 5403 1995 5469 universalis

490 5543 515 5598 ι)
533 5539 666 5591 Ir'ar'mmd
680 5541 709 5590 de
726 5537 821 5600 Bolbe,
840 5539 985 5603 Enbr'scbes
1001 5557 1050 5592 von
1067 5543 1145 5601 Arles,
1167 5545 1347 5592 nus-1132.
1440 5545 1466 5610 2)
1489 5543 1612 5608 Gotlfrr'ed
1627 5543 1663 5602 II,
1690 5543 1796 5608 Biscbef
1813 5558 1863 5592 von
1886 5541 1993 5608 Aegaea

328 5611 543 5670 1173-111411).
652 5621 680 5678 3)
704 5613 782 5679 Vergl.
810 5612 875 5662 cuch
898 5611 935 5660 dr'e
956 5612 1074 5663 Urbrende
1090 5629 1146 5663 vom
1165 5616 1197 5663 13
1217 5613 1289 5663 Mbn
1311 5615 1453 5664 tretonae
1471 5631 1526 5664 vore
1543 5618 1578 5664 24
1597 5615 1729 5664 November
1749 5615 1823 5665 1181.
1915 5625 1941 5676 4)
1956 5611 1996 5660 Ate

273 5689 275 5692 '
326 5698 374 5732 vere
389 5682 543 5734 Cbr'eravalle
553 5699 609 5733 war
620 5684 716 5734 damelr
730 5685 863 5750 Jolamus.
937 5689 964 5748 5)
988 5684 1065 5752 Vergl.
1077 5685 1114 5734 die
1130 5685 1248 5736 Urbeerrde
1258 5701 1314 5736 veen
1326 5689 1342 5735 6
1354 5686 1463 5736 b’ebnear
1474 5688 1542 5737 1186
1554 5687 1674 5736 ιιειᾶεειιε
1685 5688 1702 5735 2
1713 5687 1789 5751 April
1797 5686 1995 5754 Μεθ’-(1181),·

327 5755 464 5818 Reperlen'o
480 5757 577 5822 diplom.
601 5757 737 5808 Cremonese
750 5763 776 5821 p.
796 5760 830 5806 81
850 5755 897 5806 Νν.
918 5757 976 5807 713.
