4090 6358
1059 495 1125 571 ΝΥ.
1157 501 1219 572 26.

304 624 476 689 Paschalis
492 623 538 687 II
555 623 703 706 bestnrigt
727 624 800 690 dem
816 623 896 689 Abte
922 625 1093 708 Gottfrr'ed
1110 651 1171 693 von
1205 627 1359 694 Vendrime
1382 627 1441 711 (D.
1471 625 1641 712 Chartres)
1665 627 1720 690 die
1743 625 1983 690 Besitatluimer

304 714 374 780 und
392 713 510 778 Rechte
528 714 631 778 seines
654 714 736 778 Rom
763 715 899 798 spcaiell
920 719 1135 783 unterstelllen
1161 718 1323 799 Klosters,
1353 719 1465 799 wafrir
1477 716 1627 801 jdhrlz’clz
1651 720 1696 780 12
1721 713 1829 781 Solt'di
1849 739 1892 780 an
1914 717 1982 782 den

773 805 1078 871 Lateranensisclzen
1094 809 1210 873 Falast
1222 831 1263 874 au
1278 807 1394 872 zallen
1408 808 1492 873 sind.

914 925 1000 987 1102
1016 923 1114 989 Miira
1128 928 1177 990 11.
1208 927 1363 990 Lateran.

463 1051 626 1116 Paschalis
650 1055 836 1138 episcopus,
865 1077 977 1121 servus
1001 1079 1168 1124 servorum
1193 1060 1254 1135 dei,
1287 1059 1411 1124 dilecto
1434 1057 1498 1122 filio
1523 1056 1691 1132 Gofiredo,
1722 1055 1983 1119 Vindocinensis

303 1145 490 1206 monasterii
514 1141 635 1217 abbati,
668 1146 802 1224 eiusque
830 1149 1075 1212 successoribus
1098 1150 1288 1234 regulariter
1310 1149 1553 1223 substituendis,
1576 1149 1609 1209 in
1633 1153 1840 1230 perpetuum.
1885 1145 1984 1210 Sicut

302 1234 418 1296 iniusta
458 1231 669 1314 poscentibus
705 1233 810 1297 nullus
845 1244 896 1299 est
937 1238 1129 1302 tribuendus
1165 1240 1314 1314 effectus,
1360 1239 1406 1301 sic
1443 1237 1586 1320 legitima
1620 1236 1872 1300 desiderantium
1912 1255 1983 1298 non

303 1331 353 1386 est
384 1321 565 1384 differenda
597 1323 722 1402 petitio.
768 1324 846 1388 Tuis
878 1327 993 1409 igitur,
1025 1327 1070 1391 fili
1103 1331 1135 1392 in
1169 1327 1299 1394 Christo
1335 1327 1524 1391 charissime
1560 1324 1730 1400 Gofirede,
1763 1325 1983 1407 petitionibus

303 1419 491 1486 annuentes,
513 1410 755 1476 Vindocinense
778 1415 983 1490 coenobium,
1016 1420 1068 1482 cui
1092 1418 1157 1481 deo
1179 1426 1313 1481 auctore
1342 1420 1375 1481 in
1398 1417 1552 1481 abbatem
1584 1435 1737 1499 praeesse
1767 1415 1983 1497 dignosceris,

303 1503 484 1585 praesentis
515 1500 639 1564 decreti
669 1505 865 1567 auctoritate
895 1508 1065 1570 munimus.
1112 1505 1212 1589 Quod
1243 1507 1398 1571 videlicet
1426 1505 1623 1570 coenobium
1653 1502 1838 1579 Gofiredus,
1870 1504 1984 1567 bonae

304 1591 488 1664 memoriae,
512 1588 760 1674 Andegavensis
784 1613 895 1656 comes
914 1593 948 1680 ¹),
973 1605 1005 1658 et
1020 1595 1146 1680 Agnes,
1169 1599 1380 1662 Pictaviensis
1397 1597 1563 1660 comitissa
1580 1591 1613 1677 ¹),
1636 1595 1670 1657 in
1686 1595 1754 1658 iure
1770 1614 1830 1656 suo
1845 1601 1983 1676 sumptu

303 1702 362 1745 suo
387 1700 448 1763 pro
472 1681 651 1743 animarum
675 1701 804 1746 suarum
828 1683 933 1747 salute
956 1693 1178 1749 constructum
1196 1685 1232 1768 θ),
1256 1705 1404 1750 summae
1420 1705 1458 1748 ac
1473 1685 1659 1748 individuae
1678 1683 1830 1746 trinitatis
1846 1684 1983 1746 nomine

304 1778 528 1834 consecratum
553 1769 652 1834 beato
675 1770 782 1847 Petro,
815 1774 1042 1854 apostolorum
1075 1777 1220 1860 principi,
1250 1786 1283 1840 et
1306 1783 1439 1839 sanctae
1471 1775 1537 1838 eius
1560 1775 1732 1837 Romanae
1764 1771 1924 1835 ecclesiae
1949 1773 1983 1834 in

303 1859 447 1923 alodium
480 1861 650 1943 proprium
681 1860 877 1925 obtulerunt
932 1865 976 1927 Et
1004 1885 1065 1928 nos
1094 1866 1205 1945 itaque
1241 1865 1422 1928 secundum
1461 1863 1751 1947 praedecessorum
1793 1868 1984 1924 nostrorum

304 1948 504 2032 apostolicae
537 1951 732 2027 memoriae,
763 1949 912 2034 Gregorii
943 1955 1074 2036 septimi
1105 1963 1139 2017 et
1170 1954 1293 2019 Urbani
1326 1954 1468 2030 secundi,
1500 1953 1727 2016 auctoritatem
1756 1950 1983 2035 praefatorum

305 2040 462 2102 comitum
485 2046 598 2101 votum
622 2047 655 2102 et
678 2039 881 2104 oblationem
905 2041 1080 2120 firmantes,
1112 2045 1295 2126 praefatum
1320 2045 1554 2107 monasterium
1577 2041 1640 2105 sub
1664 2041 1870 2125 protectione
1894 2040 1984 2102 sedis

304 2127 506 2210 apostolicae
529 2128 715 2211 specialiter
738 2149 931 2212 permanere
954 2141 988 2195 et
1003 2133 1045 2196 ab
1063 2135 1151 2197 omni
1167 2134 1244 2217 iugo
1261 2134 1393 2196 aliarum
1411 2152 1624 2216 personarum
1645 2133 1789 2194 immune
1805 2129 1984 2212 persistere

305 2237 457 2281 mansuro
480 2217 510 2278 in
534 2226 729 2299 perpetuum
753 2219 888 2284 decreto
912 2223 1086 2286 sancimus.
1133 2224 1195 2286 Per
1217 2225 1399 2306 praesentis
1424 2223 1519 2305 igitur
1543 2219 1704 2304 privilegii
1728 2219 1879 2302 paginam
1901 2238 1984 2302 apo·

304 2306 422 2369 stolica
452 2309 646 2370 auctoritate
674 2310 854 2384 statuimus,
888 2319 931 2386 ut,
963 2332 1221 2394 quaecunquea
1251 2313 1427 2396 praedictis
1459 2310 1633 2374 comitibus
1664 2309 1823 2373 ecclesiae
1852 2317 1984 2370 vestrae

305 2395 418 2459 oblata
441 2404 474 2458 et
497 2396 787 2478 praedecessorum
811 2406 998 2464 nostrorum
1028 2402 1201 2485 privilegiis
1234 2401 1426 2466 confirmata
1457 2409 1540 2476 sunt,
1570 2407 1604 2463 et
1635 2415 1848 2481 quaecunque
1878 2396 1982 2461 hodie

304 2485 391 2548 idem
416 2485 614 2548 coenobium
638 2487 796 2568 possidet,
819 2491 887 2552 sive
911 2492 942 2552 in
966 2491 1108 2554 futurum
1131 2493 1342 2556 concessione
1358 2491 1556 2574 pontificum,
1581 2488 1778 2552 liberalitate
1793 2488 1980 2570 principum

305 2575 356 2638 vel
373 2573 539 2638 oblatione
556 2575 699 2640 fidelium
716 2579 895 2642 animarum
920 2580 1086 2660 quaelibet
1101 2583 1224 2664 poterit
1239 2583 1385 2664 adipisci,
1409 2579 1502 2643 firma
1517 2579 1575 2642 tibi
1590 2580 1721 2660 tuisque
1736 2575 1982 2640 successoribus

305 2673 339 2727 et
368 2662 489 2726 illibata
518 2675 740 2746 permaneant.
793 2668 829 2730 In
860 2670 978 2747 quibus
1008 2668 1090 2733 haec
1128 2673 1271 2754 propriis
1300 2672 1369 2734 visa
1405 2677 1482 2732 sunt
1519 2667 1736 2752 exprimenda
1775 2665 1980 2730 nominibus:

305 2751 441 2816 ecclesia
464 2756 567 2817 sancti
592 2754 725 2838 Georgii
752 2757 783 2819 in
809 2755 961 2821 Oleronis
991 2759 1095 2823 insula
1125 2781 1197 2822 cum
1231 2780 1348 2843 magna
1380 2767 1474 2843 parte
1506 2757 1651 2821 eiusdem
1675 2755 1809 2831 insulae,
1839 2754 1982 2818 ecclesia

305 2843 423 2906 beatae
447 2843 570 2906 Mariae
594 2845 636 2907 de
659 2842 828 2928 Surgeriis,
851 2849 988 2912 ecclesia
1010 2849 1113 2912 sancti
1129 2847 1276 2931 Sepulcri
1300 2848 1343 2912 de
1359 2848 1583 2932 Balgenciaco,
1608 2846 1746 2909 ecclesia
1761 2845 1805 2910 de
1821 2843 1981 2920 Andreio,

306 2931 445 2995 ecclesia
470 2934 572 2996 sancti
597 2934 770 3010 Saturnini,
802 2955 885 3017 quae
916 2947 966 3000 est
995 2957 1095 3021 super
1117 2938 1270 3020 Ligerim,
1302 2939 1441 3001 ecclesia
1470 2938 1573 3000 sancti
1597 2935 1726 2998 Nicolai
1759 2936 1802 2998 de
1825 2932 1981 3010 Olerone,

306 3021 443 3085 ecclesia
465 3025 568 3084 sancti
592 3023 677 3086 Petri
701 3024 743 3087 de
768 3025 882 3088 Monte
913 3027 1014 3103 soleti,
1047 3037 1080 3090 et
1113 3028 1269 3107 quicquid
1293 3027 1459 3091 Robertus
1488 3026 1530 3089 de
1554 3026 1670 3088 Monte
1694 3025 1829 3090 Contrio
1852 3023 1983 3086 Vindo-

305 3110 429 3174 cinensi
451 3111 613 3175 coenobio
636 3113 773 3177 donavit
796 3122 828 3178 et
852 3115 919 3179 eius
943 3117 1024 3179 filius
1047 3115 1268 3181 Berthrandus
1292 3117 1334 3180 de
1357 3137 1417 3180 suo
1447 3117 1515 3179 iure
1538 3114 1712 3179 consensit.
1758 3113 1982 3195 Praecipimus

306 3202 415 3277 etiam,
446 3209 482 3262 ut
511 3203 615 3265 sancti
638 3200 814 3267 Salvatoris
842 3205 933 3269 iuxta
955 3205 1145 3289 Andegavis
1176 3227 1286 3269 muros
1319 3206 1458 3271 ecclesia
1487 3214 1596 3269 vestro
1629 3203 1791 3268 coenobio
1821 3213 1981 3283 tanquam

306 3291 403 3374 capiti
428 3292 612 3355 membrum
637 3313 769 3376 semper
790 3294 975 3371 adhaereat,
1007 3305 1041 3360 et
1071 3298 1140 3359 eius
1173 3299 1321 3360 universa
1344 3296 1517 3378 dispositio
1549 3295 1579 3356 in
1607 3303 1663 3357 tua
1685 3302 1885 3373 tuorumque
1907 3311 1981 3355 suc·

305 3400 472 3444 cessorum
504 3401 601 3444 manu
633 3382 760 3464 absque
790 3385 923 3448 alicuius
956 3386 1213 3449 contradictione
1243 3389 1405 3468 persistat.
1461 3385 1677 3447 Decernimus
1707 3403 1801 3466 ergo,
1833 3389 1869 3444 ut
1898 3381 1981 3444 nulli

306 3471 437 3533 omnino
461 3470 628 3535 hominum
651 3471 757 3550 liceat,
787 3475 970 3557 praefatum
995 3476 1191 3539 coenobium
1214 3483 1339 3540 temere
1362 3475 1554 3558 perturbare
1581 3481 1637 3536 aut
1659 3475 1728 3536 eius
1752 3473 1980 3555 possessiones

306 3559 443 3623 aufferre
472 3561 525 3623 vel
556 3561 682 3625 ablatas
710 3564 858 3642 retinere,
892 3567 1037 3628 minuere
1067 3565 1119 3628 vel
1150 3566 1328 3629 temerariis
1350 3564 1579 3629 vexationibus
1607 3563 1751 3645 fatigare,
1780 3561 1840 3624 sed
1872 3561 1983 3624 omnia

306 3651 431 3731 integra
461 3660 695 3714 conserventur
726 3673 848 3730 eorum,
879 3675 940 3736 pro
970 3674 1108 3736 quorum
1131 3657 1370 3718 sustentatione
1394 3663 1427 3718 et
1449 3652 1684 3737 gubernatione
1716 3669 1871 3714 concessa
1894 3657 1981 3725 sunt,

306 3739 415 3802 usibus
449 3740 645 3804 omnimodis
676 3741 856 3824 profutura.
912 3744 1084 3807 Praeterea
1117 3745 1305 3821 statuimus,
1347 3753 1383 3808 ut
1416 3743 1679 3825 Andegavensis‚
1713 3741 1914 3804 Pictavensis
1950 3747 1984 3802 et

304 3828 557 3893 Vindocinensis
595 3833 731 3894 comites
770 3834 859 3895 omni
888 3841 1040 3916 tempore
1076 3835 1141 3897 sint
1175 3834 1365 3898 defensores
1403 3842 1436 3897 et
1466 3833 1632 3897 adiutores
1664 3830 1811 3894 eiusdem
1842 3829 1908 3892 loci
1939 3830 1981 3892 ad

305 3917 466 3982 honorem
498 3919 698 4003 apostolicae
728 3921 824 3985 sedis.
878 3922 921 3985 Et
950 3925 976 3986 si
1008 3924 1080 4003 quis
1111 3933 1222 3987 contra
1260 3924 1367 3987 locum
1399 3921 1489 3985 illum
1522 3920 1705 3984 molestiam
1738 3920 1803 3983 litis
1833 3939 1896 4001 pro
1928 3919 1984 3982 ali·

307 4008 436 4091 quibus·
456 4010 553 4073 rebus
587 4009 706 4072 inferre
736 4010 893 4088 voluerit,
931 4012 1113 4076 nullatenus
1143 4015 1356 4088 consentiant,
1395 4021 1570 4092 antequam
1608 4009 1826 4092 apostolicam
1866 4008 1983 4071 sedern

306 4099 491 4174 consulant,
530 4101 606 4180 quia
638 4099 793 4181 quicquid
824 4101 892 4178 sine
922 4102 1040 4165 iudicio
1070 4110 1126 4166 aut
1157 4123 1315 4165 consensu
1352 4109 1464 4164 nostro
1498 4118 1671 4184 pervasum
1701 4098 1754 4162 vel
1787 4097 1982 4160 distractum

306 4186 404 4250 fuerit
434 4188 567 4251 alicuius
588 4189 716 4265 iudicio,
740 4191 864 4253 irritum
889 4191 957 4268 erit,
987 4211 1047 4254 nec
1078 4211 1191 4256 eorum
1224 4191 1362 4274 quilibet
1390 4191 1533 4273 aliquam
1566 4189 1772 4253 exactionem
1803 4187 1871 4250 sive
1903 4207 1983 4250 con-

306 4276 513 4340 suetudinem
527 4277 781 4342 Vindocineusis
798 4282 986 4344 monasterii
1009 4281 1107 4344 rebus
1123 4280 1250 4356 inferat,
1275 4301 1336 4345 nec
1353 4282 1385 4343 in
1400 4281 1445 4344 eis
1461 4279 1586 4360 aliquid
1601 4278 1777 4342 vendicare
1793 4284 1984 4359 praesumat

306 4374 437 4449 praeter
459 4367 674 4448 patrocinium
697 4369 813 4444 solum,
838 4372 928 4450 quod
953 4373 999 4434 eis
1022 4371 1064 4433 ad
1088 4370 1249 4434 honorem
1273 4369 1474 4454 apostolicae
1498 4369 1587 4432 sedis
1608 4367 1765 4431 exhibere
1781 4367 1982 4449 promissum

306 4463 366 4518 est.
420 4453 575 4519 Obeunte
606 4465 640 4519 te
669 4458 722 4521 vel
751 4466 882 4522 tuorum
914 4460 1063 4540 quolibet
1095 4479 1338 4536 successorum,
1370 4459 1475 4523 nullus
1506 4458 1553 4523 ibi
1585 4456 1732 4540 qualibet
1761 4454 1983 4539 subreptionis

305 4547 426 4608 astutia
448 4545 500 4608 vel
523 4545 676 4610 violentia
699 4556 928 4631 praeponatur,
951 4550 1010 4612 nisi
1035 4569 1133 4632 quem
1157 4550 1272 4613 fratres
1296 4551 1462 4613 communi
1485 4567 1645 4611 consensu
1668 4546 1721 4610 vel
1744 4546 1881 4609 fratrum
1905 4564 1983 4627 pars

307 4634 429 4698 consilii
452 4636 588 4700 sanioris
612 4638 791 4701 secundum
816 4638 869 4702 dei
891 4641 1043 4702 timorem
1060 4648 1093 4702 et
1113 4639 1200 4704 beati
1216 4639 1386 4703 Benedicti
1402 4638 1547 4721 regulam
1564 4636 1768 4699 decreverint
1784 4635 1983 4717 eligendum,

307 4745 372 4786 non
396 4732 506 4788 tamen
529 4728 600 4789 sine
624 4728 720 4790 trium
744 4727 903 4792 abbatum
926 4729 1071 4806 consilio,
1102 4748 1186 4809 quos
1214 4729 1430 4811 religiosiores
1453 4730 1486 4790 in
1509 4727 1621 4790 vicinis
1652 4725 1827 4809 provinciis
1857 4723 1982 4788 habere

307 4817 491 4898 contigerit.
530 4815 663 4880 Electus
686 4824 796 4880 autem
819 4818 923 4881 abbas
938 4839 958 4883 a
974 4817 1165 4882 Carnotensi
1181 4819 1208 4897 ι)
1232 4821 1392 4902 episcopo
1415 4817 1638 4892 benedicatur,
1661 4816 1752 4878 omni
1776 4813 1983 4897 professione

306 4905 358 4968 vel
383 4905 552 4968 cuiuslibet
574 4909 620 4969 rei
643 4910 814 4970 exactione
838 4907 1000 4991 deposita,
1022 4909 1048 4971 si
1071 4916 1182 4971 tamen
1206 4910 1293 4971 idern
1318 4910 1495 4991 episcopus
1511 4906 1777 4970 communionem
1794 4912 1827 4968 et
1842 4905 1982 4987 gratiam

307 4995 507 5078 apostolicae
530 4997 617 5059 sedis
640 4995 799 5073 habuerit,
828 4999 909 5061 etsi
934 4998 1172 5062 ordinationem
1198 4999 1302 5080 ipsam
1334 4996 1437 5079 gratia
1468 5015 1507 5058 ac
1537 4996 1607 5058 sine
1630 4995 1792 5077 pravitate
1825 4991 1982 5057 exhibere

306 5085 455 5160 voluerit,
478 5085 623 5166 alioquin
648 5087 690 5149 ad
713 5088 898 5150 Romanum
924 5087 1115 5169 pontificem
1139 5096 1313 5150 renovatur
1331 5090 1369 5167 ⁸).
1409 5085 1580 5149 Praeterea
1603 5084 1832 5167 praecipimus,
1855 5090 1892 5145 ut
1915 5091 1982 5145 tarn

305 5175 337 5238 in
360 5175 595 5238 Vindocinensi
627 5175 718 5252 loco,
749 5197 847 5259 quarn
879 5179 909 5239 in
945 5178 1112 5258 praedicta
1142 5197 1235 5240 secus
1267 5175 1473 5258 Andegavim
1503 5176 1606 5238 sancti
1637 5171 1815 5237 Salvatoris
1847 5172 1984 5236 ecclesia

306 5266 375 5328 sine
391 5264 530 5328 Romani
546 5266 710 5347 pontificis
724 5265 853 5330 licentia
868 5265 948 5330 nulli
966 5268 1124 5349 episcopo
1141 5265 1248 5342 liceat,
1271 5273 1471 5348 potestatem
1490 5264 1632 5345 aliquam
1648 5271 1705 5326 aut
1721 5263 1983 5327 dominationem

307 5373 461 5419 exercere
484 5361 540 5418 aut
568 5358 855 5420 excommunicare
882 5375 940 5420 seu
964 5357 1167 5431 interdicere,
1191 5356 1318 5418 etiamsi
1343 5354 1428 5418 sorte
1452 5353 1637 5437 contigerit,
1667 5353 1903 5418 Carnotensem
1929 5357 1984 5415 aut

467 5579 492 5643 a)
510 5579 670 5628 remoratur?
690 5580 842 5629 recurratur?
853 5617 905 5625 -.
920 5579 957 5642 .1)
980 5577 1100 5642 Gottsn'ed
1109 5578 1144 5638 II,
1164 5575 1313 5642 regierender
1332 5577 1402 5643 Graf
1414 5593 1462 5628 von
1480 5577 1570 5642 Anjou,
1590 5575 1776 5625 roro-1060.
1850 5575 1877 5638 a)
1897 5574 1982 5641 Agroes,

311 5650 411 5702 Tochter
435 5649 488 5701 Otto
520 5651 646 5700 Wilhclms
667 5665 715 5699 von
738 5651 864 5716 Burgund
884 5649 939 5698 und
967 5649 1060 5700 Wr'ttroe
1083 5650 1123 5700 des
1149 5649 1245 5715 Grajen
1269 5647 1383 5698 Wilhclm
1408 5650 1431 5698 V
1449 5665 1497 5699 von
1515 5645 1668 5714 Aqm‘trm'err,
1692 5645 1823 5698 sert1032
1856 5645 1983 5696 Gema-lli·

310 5721 442 5791 Gottfrieds
459 5723 495 5775 II.
603 5723 728 5792 3)1032.
802 5725 829 5788 4)
852 5721 972 5772 chartres.
