4142 6366
1590 367 1592 372 .
1688 345 1751 413 ²²7

76 519 194 596 etiam,
226 521 258 583 in
290 529 448 602 quantum
480 541 541 584 nos
571 521 851 602 comprehendere
883 522 1066 605 potuimus,
1098 521 1252 584 idoneum
1283 517 1447 603 dignitati,
1480 520 1616 584 ecclesie
1645 530 1752 584 vestre

75 610 275 672 canonicum
291 609 484 673 auctoritate
501 611 683 692 apostolica
699 610 932 686 constituimus,
957 620 991 674 et
1006 610 1067 691 ipsi
1084 611 1223 692 primam
1239 610 1452 691 prebendam,
1470 629 1569 691 quam
1585 611 1618 673 in
1634 610 1751 674 eadem

76 698 220 762 ecclesia
241 719 358 762 vacare
381 699 527 781 contigit,
556 701 617 781 ipsi
641 700 692 762 vel
725 701 777 762 alii
810 701 944 763 nomine
965 720 1023 763 suo
1044 695 1070 785 a)
1101 719 1148 776 ea,
1181 720 1245 781 qua
1276 699 1447 780 fungimur,
1478 708 1643 780 potestate
1675 719 1751 761 con·

76 789 246 852 cessimus.
292 789 399 864 Unde,
424 790 580 870 quoniam
612 790 653 851 de
676 791 757 852 tanti
781 789 840 851 viri
864 791 1030 852 consortio
1055 789 1182 852 debetis
1205 808 1272 850 non
1296 789 1458 850 immerito
1482 788 1657 871 plurimum
1679 807 1750 869 gra-

75 877 183 952 tulari,
215 878 387 960 presertim
417 897 491 940 cum
523 898 582 960 per
614 898 688 941 eum
719 878 855 941 ecclesie
888 887 994 942 vestre
1025 878 1257 959 magisterium,
1286 877 1376 959 quod
1407 877 1469 958 ipsi
1493 897 1552 958 per
1581 877 1751 940 ecclesiam

74 968 231 1030 videatur
253 967 409 1030 collatum
432 966 539 1043 fuisse,
565 968 763 1030 universitati
788 978 894 1030 vestre
910 988 969 1049 per
983 967 1167 1049 apostolica
1181 968 1303 1048 scripta
1319 966 1533 1048 precipiendo
1557 968 1752 1029 mandamus

76 1065 111 1118 et
134 1057 169 1118 in
199 1057 319 1119 virtute
349 1055 536 1118 obedientie
559 1057 764 1138 iniungimus,
796 1067 832 1119 ut
860 1078 943 1132 eum,
976 1077 1051 1120 cum
1080 1056 1122 1118 ad
1145 1076 1205 1119 vos
1227 1057 1360 1131 venerit,
1393 1055 1426 1117 in
1450 1055 1582 1118 fratrem
1612 1065 1645 1118 et
1675 1075 1751 1118 con·

75 1146 285 1218 canonicum,
315 1146 405 1207 omni
429 1146 695 1220 contradictione,
726 1146 882 1208 dilatione
913 1155 946 1209 et
976 1145 1198 1228 appellatione
1226 1144 1418 1227 postposita,
1448 1145 1611 1226 recipiatis
1641 1155 1683 1220 et,
1706 1143 1752 1206 illi

75 1245 204 1297 certum
234 1234 345 1297 locum
381 1235 414 1296 in
443 1234 544 1297 choro
575 1245 609 1297 et
638 1235 782 1316 capitulo
810 1235 1019 1316 assignantes,
1051 1236 1159 1316 ipsum
1182 1235 1224 1297 de
1248 1235 1354 1316 prima
1376 1233 1553 1315 prebenda,
1585 1253 1648 1316 que
1667 1231 1695 1318 b)
1719 1234 1751 1296 in

75 1324 218 1386 ecclesia
239 1334 348 1386 vestra
369 1342 486 1386 vacare
510 1323 687 1406 continget,
711 1326 903 1388 auctoritate
927 1335 1039 1388 nostra
1067 1323 1254 1398 investiatis,
1285 1332 1318 1386 et
1341 1323 1419 1398 aliis,
1451 1324 1477 1386 si
1502 1342 1565 1406 que
1589 1323 1696 1386 solent
1719 1323 1752 1385 in

75 1413 322 1494 prebendarum
364 1413 558 1476 investituris
593 1413 635 1476 de
666 1413 803 1476 ecclesie
833 1424 939 1478 vestre
969 1413 1219 1489 consuetudine,
1259 1411 1557 1492 sollempnitatibus
1587 1411 1751 1488 adhibitis,

75 1503 328 1565 concessionem
353 1509 497 1564 nostram
521 1503 708 1584 precipiatis
732 1503 773 1565 ab
799 1503 951 1566 omnibus
967 1501 1230 1583 irrefragabiliter
1245 1502 1419 1565 observari.
1457 1498 1492 1562 Si
1510 1511 1619 1564 autem
1636 1501 1752 1582 aliquis

74 1591 256 1674 episcopus
271 1591 323 1654 vel
339 1591 419 1654 alius
436 1591 591 1672 quislibet
606 1602 720 1654 contra
734 1590 799 1655 hoc
814 1593 924 1654 venire
948 1591 1181 1673 presumpserit
1203 1601 1236 1653 et
1252 1590 1464 1671 prebendam,
1488 1609 1562 1652 cum
1578 1591 1751 1662 vacaverit,

6 1677 7 1728 ἕ
74 1681 130 1742 alii
156 1682 340 1744 concedere
362 1681 415 1743 vel
438 1682 603 1762 assignare
626 1683 806 1756 tentaverit,
838 1682 906 1744 eius
936 1682 969 1743 in
999 1681 1061 1744 hac
1091 1690 1184 1762 parte
1216 1679 1338 1742 sactum
1369 1678 1473 1742 nullas
1496 1680 1579 1742 vires
1603 1680 1752 1761 optinere

72 1771 239 1845 volumus,
262 1770 322 1832 sed
346 1771 468 1833 irritum
493 1776 525 1833 et
547 1789 685 1832 vacuum
708 1791 840 1851 prorsus
862 1768 985 1845 haberi,
1010 1789 1117 1851 neque
1141 1769 1276 1832 donatio
1300 1769 1368 1831 sive
1384 1769 1562 1844 concessi0,
1587 1769 1664 1850 quia
1687 1769 1751 1830 iam

74 1857 118 1922 ab
144 1860 212 1922 alio
227 1859 323 1934 iacta,
348 1860 377 1921 ei
401 1860 433 1921 in
457 1858 521 1922 hoc
544 1859 816 1941 impedimentum
836 1860 958 1942 aliquid
974 1859 1043 1922 sive
1059 1868 1292 1921 nocumentum
1308 1858 1413 1939 possit
1428 1867 1582 1941 prestare.
1620 1856 1753 1920 lnterim

73 1968 155 2011 vero
182 1969 244 2011 vos
275 1949 427 2030 precibus
459 1950 578 2012 nostris
609 1949 759 2012 volumus
789 1959 944 2012 exoratos
974 1947 1103 2023 haberi,
1134 1957 1170 2010 ut
1198 1947 1428 2028 prenominato
1452 1943 1586 2030 D(avid)
1618 1947 1753 2027 aliquod

74 2037 271 2102 benefitium
295 2057 438 2100 annuum
461 2057 521 2118 pro
545 2037 634 2101 beati
649 2038 735 2100 Petri
759 2049 793 2100 et
813 2049 924 2102 nostra
939 2037 1119 2101 reverentia
1134 2046 1166 2099 et
1182 2044 1321 2118 optentu
1337 2036 1514 2098 litterature
1529 2044 1563 2098 et
1578 2036 1752 2117 probitatis

73 2147 133 2190 sue
163 2127 341 2189 liberaliter
370 2125 559 2190 concedatis
591 2137 641 2203 et,
676 2127 783 2190 donec
814 2127 1016 2210 prebendam
1045 2145 1162 2188 vacare
1193 2125 1381 2207 contigerit,
1413 2125 1597 2206 assignetis,
1632 2135 1667 2187 ut
1690 2145 1751 2187 nos

75 2216 248 2279 devotioni
271 2225 378 2279 vestre
402 2215 598 2297 multiplices
621 2217 749 2279 interim
780 2217 901 2298 gratias
932 2227 1101 2279 teneamur
1129 2214 1297 2278 exsolvere
1321 2223 1354 2278 et
1376 2234 1490 2296 preces
1514 2234 1553 2277 ac
1576 2215 1751 2295 petitiones

74 2316 213 2380 vestras,
241 2325 316 2367 cum
339 2306 569 2386 opportunitas
592 2327 628 2369 se
651 2305 814 2387 optulerit,
847 2305 1030 2388 promptius
1053 2314 1087 2368 et
1110 2303 1269 2366 efficatius
1292 2304 1457 2367 exaudire.
1502 2304 1538 2366 In
1569 2303 1633 2366 hoc
1664 2303 1751 2366 enim

74 2395 203 2476 aliquid
227 2394 423 2470 donationis,
448 2394 481 2456 in
504 2415 579 2458 eum
602 2394 696 2470 facte,
720 2395 990 2477 comprobabitur
1013 2393 1163 2456 inditium
1186 2400 1219 2456 et
1239 2394 1423 2456 necessitati
1440 2413 1497 2457 sue
1513 2391 1750 2475 qualecumque

75 2484 263 2547 subsidium
286 2483 479 2546 conferetur.

238 2596 363 2662 Alsckrr'st
379 2613 433 2646 vom
454 2597 487 2646 13
508 2595 602 2660 Jahrb,
620 2597 660 2645 des
682 2595 737 2646 cod.
762 2597 814 2645 Vat.
834 2599 903 2648 6024
916 2603 943 2662 p.
964 2599 1021 2657 152,
1040 2595 1067 2645 in
1083 2597 1127 2646 der
1143 2596 1207 2646 Bibl.
1231 2595 1347 2645 Vaticana
1370 2611 1401 2643 au
1419 2595 1496 2654 Rern·
1520 2595 1614 2644 dareris
1639 2591 1750 2646 Murum.

75 2669 179 2735 Bologn.
199 2667 296 2730 XLIII
308 2669 355 2720 Nr.
375 2673 400 2732 I,
419 2668 446 2717 in
463 2667 507 2718 der
523 2668 587 2718 Br‘hl.
606 2667 664 2716 dell’
686 2666 823 2719 Uur‘vcrsitr'r
839 2685 870 2718 su
888 2669 1003 2734 Bologna.

823 3006 889 3080 Nr.
918 3011 1006 3082 225.

74 3139 264 3202 Alexander
279 3138 345 3201 III
361 3138 512 3202 berichtet
532 3139 606 3202 dem
624 3136 734 3219 Kinr'g
745 3137 904 3202 Heinrich
920 3139 965 3203 II
984 3160 1044 3204 von
1059 3137 1225 3224 England,
1251 3141 1315 3203 urie
1330 3139 1438 3222 eisrig
1451 3137 1512 3201 der
1526 3135 1748 3201 Archidialron

214 3227 381 3310 Reginald
388 3249 449 3292 von
465 3226 634 3312 Saluium
649 3227 718 3291 und
731 3227 894 3309 Magister
907 3226 1025 3292 David
1036 3229 1123 3292 aeine
1138 3227 1262 3293 Sachen
1284 3237 1442 3292 vertreten
1456 3227 1559 3292 haben
1577 3229 1614 3313 ¹).

793 3345 875 3407 1171
890 3364 916 3407 c.
932 3343 1039 3428 April.

238 3458 430 3524 Alexander
452 3462 635 3543 episcopus,
665 3481 777 3524 servus
806 3479 974 3542 servorum
998 3460 1061 3536 dei,
1092 3460 1203 3524 illustri
1225 3459 1409 3542 Anglorum
1433 3462 1511 3541 regi.
1558 3458 1749 3540 Antequam

72 3550 211 3614 secundi
237 3552 336 3612 nuntii
359 3550 403 3613 tui
427 3551 468 3612 ad
500 3559 644 3613 nostram
675 3550 872 3632 presentiam
902 3551 1128 3622 accessissent,
1160 3550 1271 3612 dilecti
1302 3548 1357 3612 filii
1390 3551 1491 3611 nostri
1514 3546 1748 3634 R(eginaldus),

73 3639 324 3703 archidiaconus
340 3639 603 3712 saresberiensis,
628 3648 661 3702 et
676 3639 836 3703 Ricardus
859 3640 924 3702 Bar
937 3639 961 3719 ²)
985 3647 1019 3701 et
1041 3639 1195 3721 magister
1210 3636 1341 3722 D(avid)
1365 3646 1478 3700 nostro
1501 3659 1537 3700 se
1558 3641 1747 3721 conspectui

73 3737 308 3812 presentarunt
339 3737 380 3804 et,
411 3729 554 3792 iniuncto
584 3729 647 3792 sibi
678 3730 826 3810 negocio,
858 3748 998 3804 omnem,
1030 3747 1128 3807 quam
1153 3729 1271 3802 decuit,
1294 3747 1404 3790 curam
1436 3736 1469 3789 et
1497 3728 1746 3791 sollicitudinem

73 3818 296 3882 adhibuerunt
325 3827 359 3881 et
389 3818 478 3899 apud
509 3837 569 3880 nos
600 3817 674 3900 plus
707 3820 792 3881 iusto
825 3819 924 3880 etiam
956 3819 1149 3880 institerunt.
1201 3813 1315 3892 Unde,
1348 3819 1503 3896 quoniam
1534 3817 1605 3880 aliis
1635 3837 1747 3898 super·

72 3907 282 3970 venientibus
305 3916 346 3982 et,
377 3908 452 3989 quia
473 3907 504 3969 in
528 3907 657 3970 labores
679 3906 808 3970 illorum
832 3907 1027 3970 intrantibus
1051 3928 1098 3982 ea,
1128 3926 1192 3988 que
1222 3906 1318 3969 nobis
1351 3916 1604 3988 proposuerant,
1637 3905 1747 3969 locum

73 4015 286 4077 nequaquam
310 3995 485 4070 habebant,
517 3995 636 4078 prelati
659 3997 717 4060 viri
741 4016 804 4058 una
828 4015 901 4058 cum
926 3994 1005 4071 aliis,
1036 3995 1091 4075 qui
1123 4004 1291 4077 postremo
1314 4004 1477 4069 venerant,
1510 3994 1684 4077 diligentes
1715 4003 1748 4057 et

72 4087 216 4148 studiosi
232 4084 361 4147 suerunt
376 4093 409 4148 et
424 4085 567 4148 maxime
579 4084 724 4166 prefatus
736 4083 981 4148 archidiaconus
997 4093 1030 4146 et
1046 4085 1199 4167 magister
1211 4079 1353 4168 D(avid),
1366 4092 1541 4165 postquam
1554 4081 1746 4169 R(icardus),

73 4175 186 4237 socius
209 4172 348 4250 illorum,
378 4182 530 4237 anostra
562 4177 651 4237 curia
673 4183 860 4250 recesserat,
891 4194 956 4236 non
986 4173 1090 4236 solum
1122 4175 1205 4236 sicut
1235 4182 1268 4236 et
1298 4174 1398 4235 ceteri
1429 4172 1471 4236 ad
1502 4175 1745 4255 promotionem

74 4266 202 4345 negotii
227 4266 274 4326 tui
297 4284 371 4327 cum
395 4263 471 4338 aliis,
501 4263 560 4326 sed
585 4265 683 4326 etiam
706 4264 774 4326 sine
796 4261 855 4326 illis
878 4264 1000 4325 diserte
1019 4261 1047 4348 c)
1078 4283 1116 4326 ac
1143 4262 1280 4326 sollicite
1313 4262 1509 4325 laborarunt.
1554 4262 1688 4339 Verum,
1721 4263 1747 4324 si

4 4413 5 4418 ,
73 4354 119 4416 de
143 4353 206 4415 illis
229 4354 261 4415 in
285 4352 356 4415 aliis
378 4352 493 4415 litteris
516 4355 635 4415 nostris
660 4355 859 4416 mentionem
892 4372 958 4414 non
981 4352 1126 4429 lecimus,
1159 4354 1265 4416 mirari
1297 4371 1363 4414 non
1393 4351 1496 4414 debes
1527 4371 1587 4415 nec
1619 4352 1652 4414 id
1684 4352 1748 4414 alia

73 4442 193 4505 credas
224 4441 349 4504 ratione
380 4443 582 4518 ommissum,
614 4443 683 4517 nisi,
716 4444 793 4524 quia
814 4441 949 4504 secundi
973 4444 1075 4505 nuntii
1104 4441 1158 4516 tui,
1190 4461 1250 4524 pro
1281 4460 1331 4516 eo,
1362 4442 1452 4521 quod
1485 4461 1558 4503 cum
1590 4439 1651 4503 illis
1683 4461 1747 4503 non

73 4539 249 4607 venerant,
280 4533 371 4612 ipsos
403 4532 437 4593 in
468 4530 581 4593 litteris
609 4532 676 4592 suis
707 4530 863 4594 nolebant
896 4533 1038 4612 apponi,
1068 4532 1127 4594 sed
1158 4532 1240 4594 sicut
1262 4531 1398 4594 verbum
1429 4530 1550 4611 gratius
1580 4538 1614 4592 et
1645 4530 1747 4612 magis

72 4629 250 4701 acceptum
274 4619 455 4694 attulerant,
485 4621 533 4682 sic
556 4639 751 4702 responsum
774 4622 864 4702 regie
887 4620 1077 4684 sublimitati
1100 4619 1162 4684 soli
1186 4627 1354 4702 reportare
1376 4619 1540 4695 volebant,
1572 4617 1648 4681 licet
1671 4639 1750 4682 con·

72 4719 200 4772 stanter
230 4717 468 4791 proponerent,
508 4709 597 4789 quod
630 4729 687 4772 eos
722 4718 799 4791 post
831 4710 1007 4772 adventum
1038 4729 1132 4772 suum
1165 4710 1208 4773 de
1240 4709 1395 4772 mandato
1425 4709 1517 4790 regio
1548 4708 1748 4772 detinebant.

73 4797 189 4880 Quare
211 4819 271 4861 nos
293 4798 368 4861 fidei
392 4806 425 4861 et
447 4797 667 4872 sollicitudini,
697 4817 796 4879 quarn
829 4801 915 4861 circa
944 4799 1119 4862 iniunctum
1151 4799 1214 4862 sibi
1246 4807 1279 4862 et
1308 4799 1405 4861 sociis
1438 4817 1550 4860 eorum
1579 4799 1747 4880 negotium

72 4887 271 4964 habuerunt,
292 4887 526 4970 significatione
549 4889 748 4969 presentium
772 4889 995 4951 testimonium
1019 4890 1172 4951 duximus
1196 4885 1445 4970 perhibendum,
1478 4888 1649 4969 presertim
1673 4907 1748 4950 cum

74 4979 246 5059 indignum
272 4987 367 5053 esset,
391 4984 435 5052 ut,
458 4979 513 5058 qui
538 4979 570 5039 in
592 4974 642 5038 his
666 4997 732 5039 non
757 4979 863 5039 minus
888 4976 1063 5040 efficaciter
1085 4977 1154 5040 aliis
1178 4977 1374 5052 laborarunt,
1399 4977 1457 5039 sed
1482 4996 1555 5038 cum
1573 4977 1620 5039 eis
1637 4977 1748 5058 potius

72 5067 104 5129 in
128 5075 203 5129 toto
228 5069 362 5148 negotio
385 5085 488 5145 usque
511 5067 553 5129 ad
570 5066 851 5129 consumationem
867 5073 1034 5142 steterunt,
1058 5069 1218 5130 minorem
1234 5087 1253 5129 a
1269 5067 1358 5148 regia
1374 5065 1594 5129 munificentia
1608 5068 1746 5148 gratiam

73 5158 228 5238 optinere
252 5156 421 5219 deberent.

235 5270 358 5334 Abrchn'ft
382 5285 437 5318 vom
463 5269 495 5319 13
521 5269 614 5332 Jahrb.
640 5271 681 5318 des
702 5267 757 5317 Cori.
791 5269 842 5318 Vat.
863 5272 932 5319 6024
957 5277 982 5334 p.
1006 5270 1060 5330 153,
1086 5269 1113 5318 in
1132 5271 1174 5320 drr
1198 5270 1260 5319 Bibl.
1285 5269 1400 5319 Vaticana
1417 5285 1447 5319 su
1465 5272 1543 5329 Rom:
1568 5271 1660 5319 dormis
1679 5269 1747 5320 Mon.

73 5343 175 5408 Bologn.
195 5342 291 5391 XLIII
303 5342 350 5391 Nr.
371 5345 395 5402 6,
413 5341 439 5390 in
457 5341 501 5390 der
518 5341 581 5390 Bibl.
599 5341 659 5389 dell'
682 5337 820 5390 Unrircrsitii
836 5356 867 5389 su
886 5341 1002 5408 Bologna.

326 5457 499 5466 ——.-.-.--

234 5522 260 5585 a)
288 5520 337 5568 Vm
356 5519 404 5584 ipsi
422 5535 455 5568 arr
473 5517 645 5568 urrierstriclrm
716 5518 743 5580 b)
762 5519 934 5584 urspriingliri
952 5535 1027 5584 quam
1099 5520 1123 5582 c)
1143 5520 1260 5570 discerte.
1278 5558 1330 5565 -
1349 5521 1384 5582 a)
1405 5521 1448 5570 Da
1465 5520 1515 5570 sici
1537 5519 1597 5570 diere
1618 5519 1678 5570 ura
1698 5535 1749 5569 nur

73 5591 98 5640 in
116 5590 225 5651 Saurbli,
250 5593 343 5641 Annae.
369 5591 450 5656 Bolog.
470 5591 491 5649 I,
518 5590 551 5639 II
560 5598 585 5654 p.
605 5591 658 5640 269
682 5590 749 5639 nicht
770 5590 833 5638 arici
857 5590 883 5638 in
901 5590 988 5657 Migue
1011 5591 1080 5640 Patr.
1102 5590 1146 5640 CC
1157 5599 1183 5655 p.
1204 5593 1256 5643 738
1267 5593 1360 5659 findet,
1384 5593 1429 5641 wie
1449 5589 1529 5660 Jnffe',
1547 5595 1606 5658 Reg.
1625 5593 1703 5651 7966,
1722 5607 1748 5640 so

69 5665 124 5728 gebe
141 5663 180 5711 icil
198 5665 232 5712 rr'e
250 5663 309 5712 noch
327 5663 422 5712 einmal.
460 5661 500 5712 Sie
513 5663 598 5728 galeri
613 5677 643 5710 arr
661 5662 705 5710 der
725 5677 823 5726 gromen
846 5663 943 5726 Gmppe
959 5663 1003 5711 der
1019 5662 1183 5727 Davidbriese.
1276 5669 1303 5727 2)
1321 5663 1433 5712 Richard
1448 5665 1527 5714 Barre
1551 5679 1607 5714 war
1628 5663 1747 5730 Hofgeiri·

72 5735 148 5785 acher
163 5735 295 5784 IIer'nrr'cIrs
312 5733 346 5795 II,
365 5735 439 5800 vergI.
459 5736 549 5784 Rader
565 5733 703 5786 Alexander
718 5734 768 5794 III,
788 5733 821 5782 II
834 5733 860 5783 S.
879 5737 938 5797 419,
956 5737 1016 5796 4dI,
1036 5735 1096 5795 482,
1115 5734 1237 5786 besonders
1254 5734 1301 5786 III
1313 5735 1339 5786 S.
1360 5737 1420 5786 120.

1491 5813 1548 5882 ²9*
