4126 6366
277 517 298 607 t
320 522 395 606 Ego
417 521 555 588 Ardicio
579 519 737 588 diaconus
760 518 933 589 cardinalis
955 516 1058 588 sancti
1081 515 1250 588 Theodori
1273 542 1314 588 ss.

276 616 297 690 †
319 614 394 696 Ego
417 613 596 679 Gracianus
620 615 778 678 diaconus
801 615 974 678 cardinalis
996 624 1185 678 sanctorum
1208 612 1328 677 Cosme
1352 623 1385 676 et
1408 611 1562 676 Damiani
1585 634 1626 676 ss.

277 701 297 782 †
320 702 393 785 Ego
416 702 514 766 Bobo
537 705 642 767 sancti
665 703 786 786 Angeli
809 704 963 768 diaconus
986 703 1159 766 cardinalis
1182 723 1224 766 ss.

276 788 297 874 †
320 792 393 874 Ego
417 792 582 858 Gerardus
604 794 709 856 sancti
732 791 871 856 Adriani
895 793 1053 856 diaconus
1075 792 1248 855 cardinalis
1270 813 1311 854 ss.

276 877 297 963 †
320 879 394 963 Ego
417 883 620 946 Octavianus
641 893 829 946 sanctorum
851 878 957 965 Sergii
981 892 1015 945 et
1037 879 1138 945 Bachi
1162 881 1320 944 diaconus
1343 880 1516 945 cardinalis
1538 901 1579 945 ss.

276 969 297 1050 †
320 968 394 1052 Ego
418 971 561 1035 Albinus
583 982 696 1036 sancte
720 973 824 1036 Marie
847 992 932 1034 nove
957 972 1115 1034 diaconus
1138 970 1312 1034 cardinalis
1333 991 1374 1034 ss.

223 1059 312 1122 Data
334 1059 497 1142 Anagnie,
527 1082 588 1143 per
616 1080 749 1125 manum
772 1062 931 1144 Hugonis,
961 1070 1075 1124 sancte
1096 1060 1247 1123 Romane
1270 1059 1406 1123 ecclesie
1429 1058 1555 1123 notarii.
1600 1072 1664 1121 xvl
1685 1056 1739 1120 Kl.

58 1146 238 1209 Decembr.
284 1147 468 1212 Indictione
490 1162 525 1212 11.
571 1151 807 1214 lncamationis
831 1151 996 1214 dominice
1019 1169 1106 1213 anno
1123 1146 1380 1234 MCLxxxu112).
1425 1147 1639 1211 Pontificatus
1661 1167 1739 1210 vero

60 1235 174 1298 domni
197 1237 291 1300 Lucii
315 1258 402 1320 pape
425 1252 464 1302 111
487 1258 575 1302 anno
597 1241 709 1304 terci0.

221 1351 348 1417 Abschn'st
363 1367 419 1402 vom
438 1355 470 1402 14
491 1353 584 1418 Jahrb.
603 1354 644 1404 des
665 1353 723 1405 Cod.
746 1353 799 1404 Vae.
819 1354 889 1406 3880
903 1361 930 1418 p.
949 1354 992 1414 28,
1012 1352 1039 1402 in
1056 1353 1100 1402 der
1116 1352 1179 1402 Br'bl.
1204 1351 1320 1402 Vaticana
1340 1366 1370 1400 su
1387 1352 1458 1400 Rom.

810 1639 876 1714 Nr.
903 1641 992 1714 342.

249 1770 368 1835 Lucius
384 1771 449 1835 III
460 1771 610 1855 bestiitzgt
622 1772 697 1835 dem
711 1770 923 1856 Domkapitel
935 1791 996 1835 von
1011 1769 1143 1836 Rimz'ni
1155 1767 1243 1834 serite
1257 1771 1496 1836 Bese'tetlu'e'mer
1512 1773 1550 1850 ι).

643 1889 729 1951 1183
744 1886 924 1952 December
936 1889 992 1950 23.
1022 1886 1163 1969 Anagni.

222 2003 343 2066 Lucius
366 2005 551 2085 episcopus
574 2024 685 2066 servus
708 2024 875 2067 servorum
899 2005 961 2080 dei,
985 2003 1112 2067 dilectis
1136 2003 1209 2067 filiis
1231 2003 1394 2079 Rolando,
1419 2003 1588 2085 preposito
1605 2002 1741 2065 ecclesie

59 2100 175 2154 sancte
200 2091 362 2156 Columbe
386 2092 611 2169 Ariminensis,
636 2094 769 2174 eiusque
794 2092 954 2170 fratribus,
982 2101 1050 2156 tam
1074 2094 1282 2176 presentibus
1305 2111 1405 2174 quam
1430 2091 1551 2168 futuris,
1583 2092 1741 2155 canonice

60 2179 308 2254 substituendis,
332 2183 366 2244 in
389 2195 466 2245 PPM.
490 2217 533 2226 —-
557 2181 720 2263 Quotiens
743 2202 763 2244 a
786 2184 882 2246 nobis
897 2184 1027 2265 petitur,
1053 2183 1143 2264 quod
1165 2183 1311 2264 religioni
1329 2191 1362 2245 et
1377 2180 1541 2268 honestati
1566 2181 1740 2244 convenire

61 2268 253 2347 dinoscitur,
278 2271 388 2334 animo
412 2291 473 2334 nos
498 2271 592 2334 decet
615 2271 728 2334 libenti
752 2272 932 2335 concedere
956 2280 989 2335 et
1004 2273 1186 2354 petentium
1208 2271 1377 2335 desideriis
1392 2270 1546 2333 ellectum
1561 2290 1740 2352 congruum

61 2359 232 2441 impertiri.
280 2360 483 2442 Eapropter,
516 2361 626 2423 dilecti
651 2361 684 2423 in
716 2361 852 2424 domino
883 2361 956 2437 filii,
986 2361 1102 2424 vestris
1133 2361 1223 2424 iustis
1254 2359 1530 2443 postulationibus
1563 2359 1741 2422 clementer

61 2449 238 2511 annuimus
266 2459 301 2512 et
329 2449 491 2532 prefatam
514 2449 696 2525 ecclesiam,
727 2451 759 2512 in
783 2471 849 2532 qua
873 2451 984 2513 divino
1007 2450 1083 2513 estis
1106 2450 1268 2532 obsequio
1293 2449 1479 2530 mancipati,
1512 2448 1613 2512 felicis
1636 2469 1739 2511 recor·

62 2537 207 2600 dationis
231 2535 449 2601 ALEXANDRI
478 2559 575 2621 pape,
606 2539 845 2621 predecessoris
868 2539 982 2615 nostri,
1010 2540 1156 2621 vestigiis
1179 2539 1372 2622 inherentes,
1404 2536 1464 2600 sub
1488 2538 1577 2600 beati
1599 2537 1684 2600 Petri
1708 2545 1741 2600 et

61 2637 175 2688 nostra
198 2630 404 2708 protectione
436 2629 630 2710 suscipimus
660 2637 693 2690 et
725 2629 885 2710 presentis
917 2629 1028 2710 scripti
1052 2629 1224 2710 privilegio
1248 2627 1496 2690 communimus.
1542 2626 1738 2702 Statuentes,

61 2723 104 2788 ut,
130 2734 355 2798 quascumque
378 2719 611 2798 possessiones,
643 2736 849 2799 quecumque
872 2718 962 2780 bona
985 2718 1101 2780 eadem
1125 2717 1262 2780 ecclesia
1285 2717 1318 2778 in
1341 2716 1577 2798 presentiarum
1600 2716 1683 2778 iuste
1707 2725 1740 2778 et

60 2805 222 2867 canonice
244 2806 393 2887 possidet
416 2817 471 2868 aut
494 2807 527 2869 in
544 2806 686 2869 futurum
706 2807 918 2870 concessione
933 2805 1135 2888 pontificum,
1160 2806 1332 2888 largitione
1348 2824 1461 2887 regum
1476 2804 1528 2868 vel
1544 2805 1739 2887 principum,

60 2893 234 2957 oblatione
257 2893 402 2957 fidelium
426 2916 482 2958 seu
507 2895 577 2958 aliis
601 2895 692 2958 iustis
716 2897 829 2972 modis,
854 2905 1021 2978 prestante
1045 2895 1189 2971 domino,
1213 2895 1336 2977 poterit
1358 2894 1504 2976 adipisci,
1528 2894 1622 2956 firma
1643 2893 1739 2956 vobis

59 2983 244 3064 vestrisque
266 2983 508 3047 successoribus
531 2993 565 3047 et
588 2983 714 3048 illibata
736 2992 959 3067 permaneant.
1005 2984 1041 3047 ln
1065 2985 1184 3066 quibus
1206 2983 1269 3047 hec
1291 2984 1433 3066 propriis
1457 2983 1609 3046 duximus
1632 2983 1740 3064 expri-

60 3071 184 3134 menda
207 3072 391 3136 vocabulis:
431 3074 463 3135 in
486 3073 685 3136 Ariminensi
709 3075 840 3137 civitate
864 3075 1036 3138 ecclesiam
1065 3084 1178 3137 sancte
1202 3071 1314 3137 Crucis
1345 3083 1379 3136 et
1408 3081 1594 3135 sanctorum
1619 3069 1740 3134 Cosme

59 3171 93 3222 et
109 3159 266 3223 Damiani
291 3181 365 3224 cum
388 3162 471 3225 casis
486 3173 520 3225 et
535 3163 686 3238 casilinis,
710 3164 799 3239 ortis,
823 3165 934 3240 vineis,
958 3164 1060 3239 terris,
1084 3163 1208 3244 campis
1224 3163 1319 3226 cultis
1335 3169 1368 3224 et
1393 3161 1529 3238 incultis,
1553 3160 1740 3244 paludibus,

59 3249 215 3324 lacubus,
245 3251 374 3326 castris,
406 3251 547 3314 curtibus
570 3263 604 3315 et
626 3253 780 3316 omnibus
803 3261 896 3316 extra
918 3253 970 3316 vel
1001 3253 1085 3315 intra
1115 3252 1290 3327 civitatem,
1323 3251 1365 3314 ad
1397 3251 1537 3314 eandem
1568 3250 1741 3313 ecclesiam

58 3338 309 3420 pertinentibus,
340 3339 510 3403 ecclesiam
535 3351 722 3404 sanctorum
754 3341 886 3405 Martini
916 3352 949 3405 et
972 3341 1083 3406 Savini
1125 3361 1200 3404 cum
1231 3342 1320 3404 libris
1351 3347 1385 3403 et
1417 3340 1634 3423 paramentis,
1666 3359 1740 3402 cum

59 3429 153 3503 casis,
186 3430 274 3505 ortis,
298 3429 400 3492 vineis
423 3441 457 3492 ct
479 3429 565 3492 silvis
588 3436 622 3494 et
644 3430 799 3494 omnibus
822 3431 865 3494 ad
888 3431 1072 3514 predictam
1095 3431 1266 3493 ecclesiam
1289 3429 1536 3512 pertinentibus,
1568 3427 1739 3491 ecclesiam

58 3527 175 3580 sancte
206 3515 348 3600 Agnetis
379 3538 454 3581 cum
485 3519 581 3595 casis,
619 3519 724 3596 terris,
757 3520 875 3597 vineis,
916 3518 1003 3583 silvis
1032 3526 1065 3582 et
1096 3519 1249 3582 omnibus
1280 3519 1322 3582 ad
1353 3519 1459 3601 ipsam
1492 3517 1740 3600 pertinentibus,

58 3607 234 3670 ecclesiam
263 3610 367 3671 sancti
391 3607 520 3673 Cataldi
553 3627 627 3670 cum
659 3608 750 3672 libris
782 3620 816 3673 et
846 3609 1047 3692 paramentis
1077 3619 1111 3671 et
1140 3607 1313 3690 parrochia
1342 3626 1409 3683 sua,
1443 3607 1544 3682 terris,
1576 3607 1679 3670 vineis
1709 3616 1742 3669 et

59 3695 218 3758 omnibus
242 3697 283 3759 ad
314 3698 420 3779 ipsam
450 3697 698 3780 pertinentibus,
734 3700 945 3762 medietatem
969 3697 1106 3761 ecclesie
1137 3704 1250 3760 sancte
1274 3696 1388 3771 Maris,
1421 3715 1485 3777 que
1516 3696 1622 3758 estin
1646 3695 1741 3758 litore

60 3787 161 3848 maris
192 3786 311 3866 posita,
341 3805 415 3849 cum
446 3787 620 3850 medietate
651 3787 799 3849 omnium
831 3808 937 3851 rerum
967 3787 1010 3850 ad
1041 3787 1182 3850 eandem
1214 3785 1385 3848 ecclesiam
1415 3783 1669 3866 pertinentibus;
1708 3785 1740 3846 in

61 3875 222 3936 comitatu
245 3873 446 3938 Ariminensi
470 3875 640 3938 ecclesiam
663 3877 767 3939 sancti
791 3877 923 3940 Martini
947 3877 980 3940 in
1003 3874 1127 3956 Viginti
1157 3894 1231 3937 curn
1255 3873 1345 3936 libris
1369 3879 1401 3936 et
1426 3875 1633 3955 paramentis,
1667 3893 1740 3936 cum

61 3963 201 4026 decimis
225 3973 258 4027 et
280 3964 430 4046 primitiis
453 3972 487 4027 et
516 3965 707 4041 mortuariis,
739 3985 813 4028 cum
837 3965 935 4028 bonis
959 3976 993 4029 et
1015 3963 1264 4027 rationabilibus
1288 3962 1586 4040 consuetudinibus,
1611 3981 1692 4044 quas
1707 3963 1741 4025 in

61 4073 101 4116 ea
123 4053 285 4115 hactenus
316 4051 483 4130 habuistis,
514 4054 582 4117 sive
613 4055 646 4117 in
669 4054 910 4118 visitationibus
942 4053 1153 4128 infirmorum,
1183 4053 1250 4115 sive
1282 4051 1314 4114 in
1348 4051 1465 4115 dandis
1497 4052 1685 4134 penitentiis
1708 4061 1742 4116 et

61 4140 289 4204 oblationibus
320 4152 531 4219 mortuorum,
562 4145 741 4225 presertim,
773 4163 837 4225 que
869 4163 912 4206 ex
934 4144 1018 4220 villa,
1051 4144 1083 4204 in
1115 4161 1181 4223 qua
1213 4143 1285 4223 ipsa
1307 4139 1445 4204 ecclesia
1468 4141 1530 4204 sita
1553 4151 1611 4216 est,
1643 4141 1742 4204 etde

61 4231 257 4312 subscriptis
272 4231 355 4294 villis
371 4231 433 4294 sibi
450 4233 655 4313 proveniunt,
678 4233 831 4296 videlicet
847 4233 1017 4308 Madem0,
1034 4232 1177 4295 Laureto
1200 4227 1408 4316 Iud(e)orum,
1424 4227 1541 4292 Monte
1557 4231 1741 4306 masinario,

62 4320 211 4392 Medato,
235 4319 426 4401 Aquiniano
451 4321 565 4384 maiori
590 4331 622 4384 et
644 4323 762 4384 minori
787 4331 886 4403 atque
910 4321 1050 4395 Casaria,
1075 4320 1247 4383 ecclesiam
1270 4320 1373 4383 sancti
1390 4319 1532 4382 Ermetis
1556 4339 1629 4382 cum
1653 4318 1742 4382 libris

61 4419 94 4472 et
118 4409 329 4491 paramentis,
353 4410 489 4473 decimis
512 4418 546 4472 et
568 4411 718 4492 primitiis
742 4420 841 4492 atque
857 4411 1049 4484 mortuariis,
1072 4411 1165 4487 casis,
1180 4410 1280 4485 terris
1297 4409 1408 4484 vineis,
1432 4407 1522 4471 silvis
1540 4419 1573 4471 et
1589 4409 1742 4471 omnibus

62 4498 104 4560 ad
131 4499 238 4579 ipsam
261 4499 433 4563 ecclesiam
457 4500 704 4581 pertinentibus,
728 4500 900 4562 ecclesiam
923 4499 1027 4562 sancti
1043 4499 1214 4561 Fortunati
1238 4518 1312 4561 cum
1336 4497 1469 4561 decimis
1493 4507 1527 4560 et
1549 4498 1741 4573 mortuariis,

61 4588 166 4663 terris,
197 4588 301 4652 vineis
331 4598 365 4651 et
387 4589 475 4652 silvis
499 4598 532 4650 et
555 4588 626 4651 aliis
649 4589 691 4651 ad
715 4591 820 4671 ipsam
844 4588 1101 4671 pertinentibus;
1138 4587 1270 4670 plebem
1300 4588 1403 4650 sancti
1428 4587 1549 4668 Angeli
1575 4587 1608 4650 in
1630 4585 1743 4650 Salute

62 4695 138 4740 cum
163 4676 291 4757 capella
313 4679 416 4740 sancti
439 4675 518 4753 Viti,
553 4697 627 4739 curn
651 4678 786 4741 decimis
810 4689 843 4741 et
866 4678 1059 4753 mortuariis,
1090 4677 1192 4752 terris,
1223 4677 1327 4739 vineis
1357 4686 1392 4739 et
1413 4677 1502 4739 silvis
1533 4687 1566 4739 et
1588 4676 1742 4738 omnibus

62 4765 106 4828 ad
130 4765 265 4846 plebem
288 4775 322 4828 et
344 4767 505 4849 capellam
529 4767 776 4847 pertinentibus,
809 4777 843 4830 et
867 4768 1023 4850 quicquid
1054 4767 1087 4828 in
1110 4765 1263 4847 Bulgaria
1292 4765 1450 4829 canonice
1478 4765 1664 4847 possidetis,
1697 4765 1744 4828 ita

62 4861 186 4929 tamen,
211 4864 246 4918 ut
270 4855 301 4916 in
325 4856 465 4918 sacrario
489 4865 596 4918 vestre
616 4857 751 4920 ecclesie
767 4857 885 4920 librarn
901 4876 975 4919 cere
989 4855 1124 4938 singulis
1141 4855 1234 4918 annis
1249 4854 1452 4937 persolvatis,
1476 4853 1568 4917 salvo
1590 4853 1742 4916 nimirum

63 4965 175 5007 annuo
199 4964 307 5018 censu,
331 4945 455 5008 scilicet
479 4954 619 5026 quatuor
642 4945 822 5009 solidorum
846 4956 978 5009 monete
994 4945 1162 5018 Venetice,
1185 4945 1300 5006 vestris
1322 4943 1487 5026 episcopis
1512 4942 1741 5026 persolvendo,

63 5033 237 5096 ecclesiam
261 5033 365 5096 sancti
388 5031 543 5096 Iohannis
566 5033 599 5096 in
621 5034 775 5099 Parareto
799 5055 874 5098 cum
897 5035 987 5098 libris
1011 5044 1044 5097 et
1067 5033 1266 5116 paramentis
1290 5043 1323 5096 et
1346 5033 1417 5095 aliis
1438 5033 1644 5113 pertinentiis
1666 5033 1741 5110 suis,

5 5175 6 5204 3
64 5122 238 5185 ecclesiam
254 5121 438 5204 Bolognani
456 5142 530 5185 cum
546 5123 647 5200 terris,
670 5124 771 5187 vineis
791 5131 824 5187 et
846 5124 935 5187 silvis
958 5133 991 5187 et
1013 5123 1084 5186 aliis
1107 5123 1312 5206 pertinentiis
1335 5123 1409 5198 suis,
1434 5123 1606 5186 ecclesiam
1629 5131 1743 5185 sancte

5 5215 6 5222 ’
65 5211 221 5274 Mustiole
245 5231 320 5274 cum
343 5211 497 5274 omnibus
519 5213 723 5294 pertinentiis
746 5214 820 5288 suis,
845 5213 1017 5276 ecclesiam
1032 5213 1165 5275 Falzani
1182 5231 1255 5274 cum
1272 5211 1425 5274 omnibus
1440 5211 1645 5293 pertinentiis
1667 5211 1741 5288 suis,

65 5301 238 5363 ecclesiam
269 5301 372 5363 sancti
397 5301 529 5364 Martini
562 5301 594 5362 in
618 5301 742 5377 Liceto‚
773 5302 945 5365 ecclesiam
975 5302 1080 5368 sancti
1102 5301 1203 5377 Pauli,
1232 5299 1405 5363 ecclesiam
1427 5301 1531 5364 sancti
1556 5300 1741 5376 Gaudentii,

64 5389 237 5452 ecclesiam
257 5390 360 5452 sancti
377 5388 503 5466 Felicis,
527 5389 699 5455 ecclesiam
721 5391 824 5454 sancti
841 5391 1015 5470 Simeonis,
1038 5391 1211 5458 ecclesiam
1234 5389 1336 5452 sancti
1352 5390 1518 5454 Laurentii
1542 5391 1575 5452 in
1589 5387 1743 5454 Ventena

66 5498 140 5541 cum
163 5478 255 5542 libris
279 5488 313 5542 et
334 5479 543 5562 paramentis,
567 5497 643 5542 cum
666 5481 802 5548 decimis
818 5491 851 5544 et
866 5489 1060 5567 mortuariis,
1083 5480 1184 5557 terris,
1207 5479 1321 5555 vineis,
1344 5479 1433 5542 silvis
1453 5489 1486 5542 ct
1502 5479 1573 5542 aliis
1588 5477 1743 5541 omnibus

68 5639 219 5646 ---—-—

5 5735 6 5738 ,
227 5701 253 5766 a)
272 5699 345 5748 tertio
363 5701 398 5749 D.
421 5700 450 5751 G.
469 5739 522 5746 -
539 5702 576 5766 ,1)
595 5699 721 5765 Abschn'st
735 5701 793 5751 und
807 5700 989 5767 Bemerkungm
1012 5698 1133 5750 verdanke
1149 5697 1187 5749 ich
1204 5697 1290 5749 lem
1311 5698 1371 5752 can.
1394 5698 1500 5747 Gaeiano
1519 5696 1561 5746 Ni
1566 5697 1690 5748 ceolim'
1711 5713 1742 5746 ru

66 5769 167 5820 Rimr'ni
182 5797 215 5807 -
234 5769 305 5820 Cr'tr'rt
320 5769 415 5834 ronse,
428 5771 508 5822 semu
519 5772 547 5822 di
556 5771 652 5822 Rimim'
659 5771 722 5837 Hp.
733 5775 793 5823 417.
804 5802 836 5810 -
853 5773 930 5838 Vergl.
942 5771 979 5822 die
992 5771 1109 5822 Urkrorde
1121 5787 1175 5822 vem
1188 5769 1422 5822 5November1135
1434 5769 1491 5818 md
1499 5770 1516 5818 8
1529 5769 1657 5820 December
1667 5771 1742 5820 1170.
