<?xml version="1.0" encoding="UTF-8"?>
<!DOCTYPE html PUBLIC "-//W3C//DTD XHTML 1.0 Transitional//EN"
    "http://www.w3.org/TR/xhtml1/DTD/xhtml1-transitional.dtd">
<html xmlns="http://www.w3.org/1999/xhtml" xml:lang="en" lang="en">
 <head>
  <title>
</title>
<meta http-equiv="Content-Type" content="text/html;charset=utf-8" />
  <meta name='ocr-system' content='tesseract 3.04.00' />
  <meta name='ocr-capabilities' content='ocr_page ocr_carea ocr_par ocr_line ocrx_word'/>
</head>
<body>
  <div class='ocr_page' id='page_1' title='image "./actapontificumr00hargoog_0325.png"; bbox 0 0 4126 6366; ppageno 0'>
   <div class='ocr_carea' id='block_1_1' title="bbox 819 341 1743 593">
    <p class='ocr_par' dir='ltr' id='par_1_1' title="bbox 819 341 1743 593">
     <span class='ocr_line' id='line_1_1' title="bbox 1682 341 1743 411; baseline 0 0"><span class='ocrx_word' id='word_1_1' title='bbox 1682 341 1743 411; x_wconf 81' lang='lat'><strong>313</strong></span> 
     </span>
     <span class='ocr_line' id='line_1_2' title="bbox 819 517 1000 593; baseline 0 -1"><span class='ocrx_word' id='word_1_2' title='bbox 819 517 886 592; x_wconf 90' lang='lat' dir='ltr'><strong>Nr.</strong></span> <span class='ocrx_word' id='word_1_3' title='bbox 912 522 1000 593; x_wconf 84' lang='lat'>344.</span> 
     </span>
    </p>
   </div>
   <div class='ocr_carea' id='block_1_2' title="bbox 72 646 1746 910">
    <p class='ocr_par' dir='ltr' id='par_1_2' title="bbox 72 646 1746 910">
     <span class='ocr_line' id='line_1_3' title="bbox 73 646 1745 734; baseline 0.001 -24"><span class='ocrx_word' id='word_1_4' title='bbox 73 647 196 710; x_wconf 81' lang='lat' dir='ltr'><strong>Lucius</strong></span> <span class='ocrx_word' id='word_1_5' title='bbox 208 647 275 710; x_wconf 90' lang='lat' dir='ltr'><strong>III</strong></span> <span class='ocrx_word' id='word_1_6' title='bbox 285 646 473 731; x_wconf 77' lang='lat' dir='ltr'><strong>beaustragt</strong></span> <span class='ocrx_word' id='word_1_7' title='bbox 484 648 546 712; x_wconf 83' lang='lat' dir='ltr'><strong>den</strong></span> <span class='ocrx_word' id='word_1_8' title='bbox 557 647 758 730; x_wconf 80' lang='lat' dir='ltr'><strong>Erebisclzaf</strong></span> <span class='ocrx_word' id='word_1_9' title='bbox 765 649 834 714; x_wconf 86' lang='lat' dir='ltr'><strong>und</strong></span> <span class='ocrx_word' id='word_1_10' title='bbox 846 649 908 714; x_wconf 87' lang='lat' dir='ltr'><strong>das</strong></span> <span class='ocrx_word' id='word_1_11' title='bbox 920 649 1057 734; x_wconf 85' lang='lat' dir='ltr'><strong>Kapitel</strong></span> <span class='ocrx_word' id='word_1_12' title='bbox 1069 669 1129 713; x_wconf 83' lang='lat' dir='ltr'><strong>uon</strong></span> <span class='ocrx_word' id='word_1_13' title='bbox 1144 647 1264 726; x_wconf 85' lang='lat' dir='ltr'><strong>Genua,</strong></span> <span class='ocrx_word' id='word_1_14' title='bbox 1279 647 1383 728; x_wconf 80' lang='lat' dir='ltr'><strong>dafie&#39;r</strong></span> <span class='ocrx_word' id='word_1_15' title='bbox 1392 669 1432 711; x_wconf 77' lang='lat' dir='ltr'><strong>eu</strong></span> <span class='ocrx_word' id='word_1_16' title='bbox 1443 669 1567 731; x_wconf 80' lang='lat' dir='ltr'><strong>sargan,</strong></span> <span class='ocrx_word' id='word_1_17' title='bbox 1582 647 1661 714; x_wconf 81' lang='lat' dir='ltr'><strong>dass</strong></span> <span class='ocrx_word' id='word_1_18' title='bbox 1671 649 1745 713; x_wconf 84' lang='lat' dir='ltr'><strong>dem</strong></span> 
     </span>
     <span class='ocr_line' id='line_1_4' title="bbox 72 735 1746 824; baseline 0.002 -26"><span class='ocrx_word' id='word_1_19' title='bbox 72 735 222 800; x_wconf 68' lang='lat' dir='ltr'><strong>Praesta-r</strong></span> <span class='ocrx_word' id='word_1_20' title='bbox 244 735 376 800; x_wconf 84' lang='lat' dir='ltr'><strong>Gerard</strong></span> <span class='ocrx_word' id='word_1_21' title='bbox 391 737 471 801; x_wconf 80' lang='lat' dir='ltr'><strong>nach</strong></span> <span class='ocrx_word' id='word_1_22' title='bbox 504 736 577 800; x_wconf 86' lang='lat' dir='ltr'><strong>dem</strong></span> <span class='ocrx_word' id='word_1_23' title='bbox 607 737 884 822; x_wconf 82' lang='lat' dir='ltr'><strong>Urtleeilsspruche</strong></span> <span class='ocrx_word' id='word_1_24' title='bbox 905 740 963 803; x_wconf 87' lang='lat' dir='ltr'><strong>des</strong></span> <span class='ocrx_word' id='word_1_25' title='bbox 985 737 1140 824; x_wconf 61' lang='lat' dir='ltr'><strong>Bisclaeffs</strong></span> <span class='ocrx_word' id='word_1_26' title='bbox 1161 757 1221 800; x_wconf 83' lang='lat' dir='ltr'><strong>van</strong></span> <span class='ocrx_word' id='word_1_27' title='bbox 1245 735 1333 800; x_wconf 82' lang='lat' dir='ltr'><strong>Luni</strong></span> <span class='ocrx_word' id='word_1_28' title='bbox 1351 735 1406 800; x_wconf 86' lang='lat' dir='ltr'><strong>die</strong></span> <span class='ocrx_word' id='word_1_29' title='bbox 1429 735 1552 802; x_wconf 80' lang='lat' dir='ltr'><strong>Kirche</strong></span> <span class='ocrx_word' id='word_1_30' title='bbox 1576 759 1637 802; x_wconf 83' lang='lat' dir='ltr'><strong>van</strong></span> <span class='ocrx_word' id='word_1_31' title='bbox 1659 738 1746 802; x_wconf 85' lang='lat' dir='ltr'><strong>Malo</strong></span> 
     </span>
     <span class='ocr_line' id='line_1_5' title="bbox 190 824 1624 910; baseline 0.001 -21"><span class='ocrx_word' id='word_1_32' title='bbox 190 846 300 910; x_wconf 78' lang='lat' dir='ltr'><strong>gegen</strong></span> <span class='ocrx_word' id='word_1_33' title='bbox 314 827 376 890; x_wconf 83' lang='lat' dir='ltr'><strong>das</strong></span> <span class='ocrx_word' id='word_1_34' title='bbox 392 824 528 910; x_wconf 84' lang='lat' dir='ltr'><strong>Kapitel</strong></span> <span class='ocrx_word' id='word_1_35' title='bbox 539 848 600 891; x_wconf 83' lang='lat' dir='ltr'><strong>van</strong></span> <span class='ocrx_word' id='word_1_36' title='bbox 614 826 717 891; x_wconf 85' lang='lat' dir='ltr'><strong>Santa</strong></span> <span class='ocrx_word' id='word_1_37' title='bbox 733 829 848 892; x_wconf 84' lang='lat' dir='ltr'><strong>Maria</strong></span> <span class='ocrx_word' id='word_1_38' title='bbox 862 827 902 892; x_wconf 84' lang='lat' dir='ltr'><strong>di</strong></span> <span class='ocrx_word' id='word_1_39' title='bbox 920 828 1056 893; x_wconf 85' lang='lat' dir='ltr'><strong>Castello</strong></span> <span class='ocrx_word' id='word_1_40' title='bbox 1072 829 1105 891; x_wconf 84' lang='lat' dir='ltr'><strong>in</strong></span> <span class='ocrx_word' id='word_1_41' title='bbox 1124 826 1257 890; x_wconf 84' lang='lat' dir='ltr'><strong>Genaua</strong></span> <span class='ocrx_word' id='word_1_42' title='bbox 1271 826 1445 908; x_wconf 80' lang='lat' dir='ltr'><strong>e&#39;e&#39;bergeben</strong></span> <span class='ocrx_word' id='word_1_43' title='bbox 1460 827 1569 891; x_wconf 82' lang='lat' dir='ltr'><em>werde</em></span> <span class='ocrx_word' id='word_1_44' title='bbox 1587 830 1624 906; x_wconf 91' lang='lat'><strong>¹).</strong></span> 
     </span>
    </p>
   </div>
   <div class='ocr_carea' id='block_1_3' title="bbox 235 941 1746 1146">
    <p class='ocr_par' dir='ltr' id='par_1_3' title="bbox 235 941 1746 1146">
     <span class='ocr_line' id='line_1_6' title="bbox 714 941 1110 1031; baseline 0 -25"><span class='ocrx_word' id='word_1_45' title='bbox 714 946 798 1007; x_wconf 80' lang='grc'><em>1184</em></span> <span class='ocrx_word' id='word_1_46' title='bbox 814 941 892 1008; x_wconf 80' lang='grc' dir='ltr'><strong>Μαί</strong></span> <span class='ocrx_word' id='word_1_47' title='bbox 903 947 954 1009; x_wconf 91' lang='lat'><strong>31.</strong></span> <span class='ocrx_word' id='word_1_48' title='bbox 978 942 1061 1008; x_wconf 82' lang='lat' dir='ltr'><strong>Sora</strong></span> <span class='ocrx_word' id='word_1_49' title='bbox 1076 942 1110 1031; x_wconf 85' lang='lat'><strong>¹).</strong></span> 
     </span>
     <span class='ocr_line' id='line_1_7' title="bbox 235 1057 1746 1146; baseline -0.001 -23"><span class='ocrx_word' id='word_1_50' title='bbox 235 1060 355 1123; x_wconf 91' lang='lat' dir='ltr'><strong>Lucius</strong></span> <span class='ocrx_word' id='word_1_51' title='bbox 364 1061 547 1144; x_wconf 90' lang='lat' dir='ltr'><strong>episcopus,</strong></span> <span class='ocrx_word' id='word_1_52' title='bbox 556 1080 666 1124; x_wconf 90' lang='lat' dir='ltr'><strong>servus</strong></span> <span class='ocrx_word' id='word_1_53' title='bbox 674 1081 841 1124; x_wconf 90' lang='lat' dir='ltr'><strong>servorum</strong></span> <span class='ocrx_word' id='word_1_54' title='bbox 850 1062 911 1136; x_wconf 90' lang='lat' dir='ltr'><strong>dei,</strong></span> <span class='ocrx_word' id='word_1_55' title='bbox 921 1060 1098 1124; x_wconf 91' lang='lat' dir='ltr'><strong>venerabili</strong></span> <span class='ocrx_word' id='word_1_56' title='bbox 1107 1059 1193 1123; x_wconf 86' lang='lat' dir='ltr'><strong>fratri</strong></span> <span class='ocrx_word' id='word_1_57' title='bbox 1202 1057 1477 1146; x_wconf 82' lang='lat' dir='ltr'><strong>archiepiscopo³)</strong></span> <span class='ocrx_word' id='word_1_58' title='bbox 1486 1072 1520 1125; x_wconf 93' lang='lat' dir='ltr'><strong>et</strong></span> <span class='ocrx_word' id='word_1_59' title='bbox 1528 1060 1654 1124; x_wconf 91' lang='lat' dir='ltr'><strong>dilectis</strong></span> <span class='ocrx_word' id='word_1_60' title='bbox 1663 1059 1746 1135; x_wconf 87' lang='lat' dir='ltr'><strong>filiis,</strong></span> 
     </span>
    </p>
   </div>
   <div class='ocr_carea' id='block_1_4' title="bbox 71 1148 1747 2208">
    <p class='ocr_par' dir='ltr' id='par_1_4' title="bbox 71 1148 1747 2208">
     <span class='ocr_line' id='line_1_8' title="bbox 72 1148 1745 1231; baseline 0.001 -22"><span class='ocrx_word' id='word_1_61' title='bbox 72 1148 256 1228; x_wconf 88' lang='lat' dir='ltr'><strong>preposito,</strong></span> <span class='ocrx_word' id='word_1_62' title='bbox 280 1149 512 1214; x_wconf 89' lang='lat' dir='ltr'><strong>archidiacono</strong></span> <span class='ocrx_word' id='word_1_63' title='bbox 536 1160 571 1213; x_wconf 93' lang='lat' dir='ltr'><strong>et</strong></span> <span class='ocrx_word' id='word_1_64' title='bbox 593 1151 756 1213; x_wconf 90' lang='lat' dir='ltr'><strong>canonicis</strong></span> <span class='ocrx_word' id='word_1_65' title='bbox 771 1150 992 1227; x_wconf 90' lang='lat' dir='ltr'><strong>Ianuensibus,</strong></span> <span class='ocrx_word' id='word_1_66' title='bbox 1017 1151 1155 1213; x_wconf 88' lang='lat' dir='ltr'><strong>salutem</strong></span> <span class='ocrx_word' id='word_1_67' title='bbox 1179 1158 1212 1212; x_wconf 89' lang='lat' dir='ltr'><strong>et</strong></span> <span class='ocrx_word' id='word_1_68' title='bbox 1235 1151 1451 1231; x_wconf 88' lang='lat' dir='ltr'><strong>apostolicam</strong></span> <span class='ocrx_word' id='word_1_69' title='bbox 1471 1150 1745 1213; x_wconf 89' lang='lat' dir='ltr'><strong>benedictionem.</strong></span> 
     </span>
     <span class='ocr_line' id='line_1_9' title="bbox 72 1236 1746 1324; baseline 0.001 -26"><span class='ocrx_word' id='word_1_70' title='bbox 72 1236 228 1300; x_wconf 89' lang='lat' dir='ltr'>Vidimus</span> <span class='ocrx_word' id='word_1_71' title='bbox 251 1239 409 1321; x_wconf 89' lang='lat' dir='ltr'><strong>scriptum</strong></span> <span class='ocrx_word' id='word_1_72' title='bbox 432 1241 631 1303; x_wconf 91' lang='lat' dir='ltr'><strong>autenticum</strong></span> <span class='ocrx_word' id='word_1_73' title='bbox 654 1240 849 1303; x_wconf 89' lang='lat' dir='ltr'><strong>venerabilis</strong></span> <span class='ocrx_word' id='word_1_74' title='bbox 877 1240 982 1303; x_wconf 85' lang='lat' dir='ltr'><strong>fratris</strong></span> <span class='ocrx_word' id='word_1_75' title='bbox 1005 1241 1116 1315; x_wconf 83' lang='lat' dir='ltr'><strong>nostri,</strong></span> <span class='ocrx_word' id='word_1_76' title='bbox 1148 1239 1309 1302; x_wconf 87' lang='lat' dir='ltr'><strong>Lunensis</strong></span> <span class='ocrx_word' id='word_1_77' title='bbox 1332 1240 1480 1321; x_wconf 86' lang='lat' dir='ltr'><strong>episcopi</strong></span> <span class='ocrx_word' id='word_1_78' title='bbox 1496 1237 1531 1324; x_wconf 80' lang='lat'><strong>⁴),</strong></span> <span class='ocrx_word' id='word_1_79' title='bbox 1561 1260 1605 1302; x_wconf 88' lang='lat' dir='ltr'><strong>ex</strong></span> <span class='ocrx_word' id='word_1_80' title='bbox 1633 1249 1746 1302; x_wconf 90' lang='lat' dir='ltr'><strong>tenore</strong></span> 
     </span>
     <span class='ocr_line' id='line_1_10' title="bbox 72 1324 1746 1413; baseline 0.001 -25"><span class='ocrx_word' id='word_1_81' title='bbox 72 1327 165 1389; x_wconf 92' lang='lat' dir='ltr'><strong>cuius</strong></span> <span class='ocrx_word' id='word_1_82' title='bbox 188 1326 286 1390; x_wconf 91' lang='lat' dir='ltr'><strong>nobis</strong></span> <span class='ocrx_word' id='word_1_83' title='bbox 309 1329 458 1404; x_wconf 91' lang='lat' dir='ltr'><strong>innotuit,</strong></span> <span class='ocrx_word' id='word_1_84' title='bbox 492 1330 598 1411; x_wconf 93' lang='lat' dir='ltr'><strong>quod,</strong></span> <span class='ocrx_word' id='word_1_85' title='bbox 622 1349 696 1391; x_wconf 90' lang='lat' dir='ltr'><strong>cum</strong></span> <span class='ocrx_word' id='word_1_86' title='bbox 720 1350 860 1406; x_wconf 87' lang='lat' dir='ltr'><strong>causam,</strong></span> <span class='ocrx_word' id='word_1_87' title='bbox 885 1350 949 1412; x_wconf 86' lang='lat' dir='ltr'><strong>que</strong></span> <span class='ocrx_word' id='word_1_88' title='bbox 970 1329 1053 1392; x_wconf 89' lang='lat' dir='ltr'><strong>inter</strong></span> <span class='ocrx_word' id='word_1_89' title='bbox 1075 1324 1281 1412; x_wconf 90' lang='lat' dir='ltr'><strong>G(erardum)</strong></span> <span class='ocrx_word' id='word_1_90' title='bbox 1310 1329 1527 1410; x_wconf 86' lang='lat' dir='ltr'><strong>presbiterum</strong></span> <span class='ocrx_word' id='word_1_91' title='bbox 1543 1325 1577 1413; x_wconf 81' lang='lat'><strong>⁶),</strong></span> <span class='ocrx_word' id='word_1_92' title='bbox 1608 1329 1746 1392; x_wconf 89' lang='lat' dir='ltr'><strong>latorem</strong></span> 
     </span>
     <span class='ocr_line' id='line_1_11' title="bbox 72 1416 1746 1501; baseline 0.001 -23"><span class='ocrx_word' id='word_1_93' title='bbox 72 1417 285 1497; x_wconf 90' lang='lat' dir='ltr'><strong>presentium,</strong></span> <span class='ocrx_word' id='word_1_94' title='bbox 309 1428 343 1481; x_wconf 91' lang='lat' dir='ltr'><strong>et</strong></span> <span class='ocrx_word' id='word_1_95' title='bbox 364 1417 502 1482; x_wconf 91' lang='lat' dir='ltr'><strong>dilectos</strong></span> <span class='ocrx_word' id='word_1_96' title='bbox 525 1417 609 1482; x_wconf 91' lang='lat' dir='ltr'><strong>filios</strong></span> <span class='ocrx_word' id='word_1_97' title='bbox 632 1429 770 1494; x_wconf 88' lang='lat' dir='ltr'><strong>nostros,</strong></span> <span class='ocrx_word' id='word_1_98' title='bbox 794 1420 997 1501; x_wconf 87' lang='lat' dir='ltr'><strong>prepositum</strong></span> <span class='ocrx_word' id='word_1_99' title='bbox 1022 1428 1055 1481; x_wconf 90' lang='lat' dir='ltr'><strong>et</strong></span> <span class='ocrx_word' id='word_1_100' title='bbox 1077 1419 1254 1481; x_wconf 88' lang='lat' dir='ltr'><strong>canonicos</strong></span> <span class='ocrx_word' id='word_1_101' title='bbox 1276 1427 1388 1480; x_wconf 87' lang='lat' dir='ltr'><strong>sancte</strong></span> <span class='ocrx_word' id='word_1_102' title='bbox 1412 1418 1515 1480; x_wconf 89' lang='lat' dir='ltr'><strong>Marie</strong></span> <span class='ocrx_word' id='word_1_103' title='bbox 1538 1419 1580 1480; x_wconf 91' lang='lat' dir='ltr'><strong>de</strong></span> <span class='ocrx_word' id='word_1_104' title='bbox 1596 1416 1746 1494; x_wconf 88' lang='lat' dir='ltr'><strong>Castello,</strong></span> 
     </span>
     <span class='ocr_line' id='line_1_12' title="bbox 71 1506 1746 1588; baseline 0.001 -20"><span class='ocrx_word' id='word_1_105' title='bbox 71 1524 173 1587; x_wconf 89' lang='lat' dir='ltr'><strong>super</strong></span> <span class='ocrx_word' id='word_1_106' title='bbox 200 1509 408 1588; x_wconf 89' lang='lat' dir='ltr'><strong>possessione</strong></span> <span class='ocrx_word' id='word_1_107' title='bbox 438 1506 575 1571; x_wconf 89' lang='lat' dir='ltr'><strong>ecclesie</strong></span> <span class='ocrx_word' id='word_1_108' title='bbox 598 1508 700 1570; x_wconf 88' lang='lat' dir='ltr'><strong>sancti</strong></span> <span class='ocrx_word' id='word_1_109' title='bbox 726 1508 851 1571; x_wconf 89' lang='lat' dir='ltr'><strong>Marchi</strong></span> <span class='ocrx_word' id='word_1_110' title='bbox 884 1510 925 1571; x_wconf 90' lang='lat' dir='ltr'><strong>de</strong></span> <span class='ocrx_word' id='word_1_111' title='bbox 949 1507 1041 1571; x_wconf 91' lang='lat' dir='ltr'><strong>Molo</strong></span> <span class='ocrx_word' id='word_1_112' title='bbox 1074 1516 1261 1583; x_wconf 84' lang='lat' dir='ltr'><strong>emerserat,</strong></span> <span class='ocrx_word' id='word_1_113' title='bbox 1294 1507 1362 1569; x_wconf 90' lang='lat' dir='ltr'><strong>eius</strong></span> <span class='ocrx_word' id='word_1_114' title='bbox 1394 1507 1669 1571; x_wconf 90' lang='lat' dir='ltr'><strong>commisissemus</strong></span> <span class='ocrx_word' id='word_1_115' title='bbox 1692 1527 1746 1570; x_wconf 87' lang='lat' dir='ltr'><strong>ex·</strong></span> 
     </span>
     <span class='ocr_line' id='line_1_13' title="bbox 72 1595 1747 1679; baseline 0 -21"><span class='ocrx_word' id='word_1_116' title='bbox 72 1595 235 1676; x_wconf 89' lang='lat' dir='ltr'><strong>perientie</strong></span> <span class='ocrx_word' id='word_1_117' title='bbox 273 1598 523 1670; x_wconf 90' lang='lat' dir='ltr'><strong>terminandum,</strong></span> <span class='ocrx_word' id='word_1_118' title='bbox 567 1597 653 1678; x_wconf 92' lang='lat' dir='ltr'><strong>ipse,</strong></span> <span class='ocrx_word' id='word_1_119' title='bbox 685 1597 865 1660; x_wconf 85' lang='lat' dir='ltr'><strong>rationibus</strong></span> <span class='ocrx_word' id='word_1_120' title='bbox 895 1599 1061 1679; x_wconf 91' lang='lat' dir='ltr'><strong>utriusque</strong></span> <span class='ocrx_word' id='word_1_121' title='bbox 1092 1597 1193 1678; x_wconf 87' lang='lat' dir='ltr'><strong>partis</strong></span> <span class='ocrx_word' id='word_1_122' title='bbox 1224 1596 1353 1678; x_wconf 90' lang='lat' dir='ltr'><strong>plenius</strong></span> <span class='ocrx_word' id='word_1_123' title='bbox 1384 1597 1502 1659; x_wconf 92' lang='lat' dir='ltr'><strong>auditis</strong></span> <span class='ocrx_word' id='word_1_124' title='bbox 1534 1607 1568 1660; x_wconf 92' lang='lat' dir='ltr'><strong>et</strong></span> <span class='ocrx_word' id='word_1_125' title='bbox 1597 1597 1747 1678; x_wconf 85' lang='lat' dir='ltr'><strong>cognitis,</strong></span> 
     </span>
     <span class='ocr_line' id='line_1_14' title="bbox 72 1685 1747 1769; baseline 0.002 -24"><span class='ocrx_word' id='word_1_126' title='bbox 72 1685 282 1766; x_wconf 84' lang='lat' dir='ltr'><strong>prepositum</strong></span> <span class='ocrx_word' id='word_1_127' title='bbox 297 1693 331 1748; x_wconf 91' lang='lat' dir='ltr'><strong>et</strong></span> <span class='ocrx_word' id='word_1_128' title='bbox 352 1685 528 1749; x_wconf 91' lang='lat' dir='ltr'><strong>canonicos</strong></span> <span class='ocrx_word' id='word_1_129' title='bbox 543 1706 641 1767; x_wconf 89' lang='lat' dir='ltr'><strong>super</strong></span> <span class='ocrx_word' id='word_1_130' title='bbox 662 1686 865 1750; x_wconf 89' lang='lat' dir='ltr'><strong>restitutione</strong></span> <span class='ocrx_word' id='word_1_131' title='bbox 887 1687 1105 1769; x_wconf 87' lang='lat' dir='ltr'><strong>possessionis</strong></span> <span class='ocrx_word' id='word_1_132' title='bbox 1126 1685 1179 1748; x_wconf 93' lang='lat' dir='ltr'><strong>vel</strong></span> <span class='ocrx_word' id='word_1_133' title='bbox 1203 1686 1294 1767; x_wconf 87' lang='lat' dir='ltr'><strong>quasi</strong></span> <span class='ocrx_word' id='word_1_134' title='bbox 1318 1686 1534 1767; x_wconf 89' lang='lat' dir='ltr'><strong>possessionis</strong></span> <span class='ocrx_word' id='word_1_135' title='bbox 1557 1685 1747 1749; x_wconf 86' lang='lat' dir='ltr'><strong>auctoritate</strong></span> 
     </span>
     <span class='ocr_line' id='line_1_15' title="bbox 72 1772 1747 1858; baseline 0.001 -22"><span class='ocrx_word' id='word_1_136' title='bbox 72 1773 261 1855; x_wconf 88' lang='lat' dir='ltr'><strong>apostolica</strong></span> <span class='ocrx_word' id='word_1_137' title='bbox 276 1776 538 1856; x_wconf 86' lang='lat' dir='ltr'><strong>condempnavit</strong></span> <span class='ocrx_word' id='word_1_138' title='bbox 577 1772 664 1855; x_wconf 86' lang='lat' dir='ltr'><strong>Quia</strong></span> <span class='ocrx_word' id='word_1_139' title='bbox 680 1775 776 1856; x_wconf 84' lang='lat' dir='ltr'><strong>igitur</strong></span> <span class='ocrx_word' id='word_1_140' title='bbox 791 1776 833 1852; x_wconf 92' lang='lat' dir='ltr'><strong>id,</strong></span> <span class='ocrx_word' id='word_1_141' title='bbox 859 1776 949 1858; x_wconf 88' lang='lat' dir='ltr'><strong>quod</strong></span> <span class='ocrx_word' id='word_1_142' title='bbox 973 1776 1014 1838; x_wconf 88' lang='lat' dir='ltr'><strong>de</strong></span> <span class='ocrx_word' id='word_1_143' title='bbox 1038 1775 1229 1838; x_wconf 87' lang='lat' dir='ltr'><strong>auctoritate</strong></span> <span class='ocrx_word' id='word_1_144' title='bbox 1252 1785 1364 1838; x_wconf 90' lang='lat' dir='ltr'><strong>nostra</strong></span> <span class='ocrx_word' id='word_1_145' title='bbox 1384 1776 1541 1838; x_wconf 91' lang='lat' dir='ltr'><strong>canonice</strong></span> <span class='ocrx_word' id='word_1_146' title='bbox 1557 1786 1665 1838; x_wconf 86' lang='lat' dir='ltr'><strong>actum</strong></span> <span class='ocrx_word' id='word_1_147' title='bbox 1689 1784 1747 1849; x_wconf 89' lang='lat' dir='ltr'><strong>est,</strong></span> 
     </span>
     <span class='ocr_line' id='line_1_16' title="bbox 72 1861 1747 1948; baseline 0.002 -24"><span class='ocrx_word' id='word_1_148' title='bbox 72 1861 164 1925; x_wconf 90' lang='lat' dir='ltr'><strong>nulla</strong></span> <span class='ocrx_word' id='word_1_149' title='bbox 187 1863 338 1928; x_wconf 92' lang='lat' dir='ltr'><strong>volumus</strong></span> <span class='ocrx_word' id='word_1_150' title='bbox 361 1864 493 1928; x_wconf 90' lang='lat' dir='ltr'><strong>levitate</strong></span> <span class='ocrx_word' id='word_1_151' title='bbox 509 1865 651 1940; x_wconf 91' lang='lat' dir='ltr'><strong>dissolvi,</strong></span> <span class='ocrx_word' id='word_1_152' title='bbox 675 1866 874 1928; x_wconf 89' lang='lat' dir='ltr'><strong>universitati</strong></span> <span class='ocrx_word' id='word_1_153' title='bbox 899 1875 1005 1928; x_wconf 90' lang='lat' dir='ltr'><strong>vestre</strong></span> <span class='ocrx_word' id='word_1_154' title='bbox 1028 1885 1088 1948; x_wconf 89' lang='lat' dir='ltr'><strong>per</strong></span> <span class='ocrx_word' id='word_1_155' title='bbox 1103 1864 1287 1946; x_wconf 90' lang='lat' dir='ltr'><strong>apostolica</strong></span> <span class='ocrx_word' id='word_1_156' title='bbox 1301 1865 1424 1946; x_wconf 88' lang='lat' dir='ltr'><strong>scripta</strong></span> <span class='ocrx_word' id='word_1_157' title='bbox 1437 1865 1631 1928; x_wconf 88' lang='lat' dir='ltr'><strong>mandamus</strong></span> <span class='ocrx_word' id='word_1_158' title='bbox 1648 1875 1747 1946; x_wconf 91' lang='lat' dir='ltr'><strong>atque</strong></span> 
     </span>
     <span class='ocr_line' id='line_1_17' title="bbox 71 1952 1746 2037; baseline 0.002 -24"><span class='ocrx_word' id='word_1_159' title='bbox 71 1952 293 2033; x_wconf 89' lang='lat' dir='ltr'><strong>precipimus,</strong></span> <span class='ocrx_word' id='word_1_160' title='bbox 327 1955 479 2036; x_wconf 89' lang='lat' dir='ltr'><strong>quatinus</strong></span> <span class='ocrx_word' id='word_1_161' title='bbox 508 1954 691 2036; x_wconf 89' lang='lat' dir='ltr'><strong>predictam</strong></span> <span class='ocrx_word' id='word_1_162' title='bbox 722 1954 891 2018; x_wconf 89' lang='lat' dir='ltr'><strong>ecclesiam</strong></span> <span class='ocrx_word' id='word_1_163' title='bbox 923 1974 995 2017; x_wconf 91' lang='lat' dir='ltr'><strong>cum</strong></span> <span class='ocrx_word' id='word_1_164' title='bbox 1025 1953 1229 2036; x_wconf 85' lang='lat' dir='ltr'><strong>pertinentiis</strong></span> <span class='ocrx_word' id='word_1_165' title='bbox 1259 1955 1325 2017; x_wconf 91' lang='lat' dir='ltr'><strong>suis</strong></span> <span class='ocrx_word' id='word_1_166' title='bbox 1353 1953 1418 2017; x_wconf 90' lang='lat' dir='ltr'><strong>iam</strong></span> <span class='ocrx_word' id='word_1_167' title='bbox 1442 1954 1531 2016; x_wconf 92' lang='lat' dir='ltr'><strong>dicto</strong></span> <span class='ocrx_word' id='word_1_168' title='bbox 1554 1954 1746 2037; x_wconf 89' lang='lat' dir='ltr'><strong>presbitero,</strong></span> 
     </span>
     <span class='ocr_line' id='line_1_18' title="bbox 71 2040 1746 2125; baseline 0.001 -22"><span class='ocrx_word' id='word_1_169' title='bbox 71 2040 209 2104; x_wconf 91' lang='lat' dir='ltr'><strong>sublato</strong></span> <span class='ocrx_word' id='word_1_170' title='bbox 242 2041 472 2125; x_wconf 88' lang='lat' dir='ltr'><strong>appellationis</strong></span> <span class='ocrx_word' id='word_1_171' title='bbox 502 2042 683 2116; x_wconf 70' lang='lat' dir='ltr'><strong>obstaculo</strong></span> <span class='ocrx_word' id='word_1_172' title='bbox 715 2045 907 2107; x_wconf 88' lang='lat' dir='ltr'><strong>auctoritate</strong></span> <span class='ocrx_word' id='word_1_173' title='bbox 943 2054 1056 2107; x_wconf 89' lang='lat' dir='ltr'><strong>nostra</strong></span> <span class='ocrx_word' id='word_1_174' title='bbox 1084 2043 1227 2106; x_wconf 88' lang='lat' dir='ltr'><strong>reddatis</strong></span> <span class='ocrx_word' id='word_1_175' title='bbox 1250 2051 1292 2118; x_wconf 92' lang='lat' dir='ltr'><strong>et,</strong></span> <span class='ocrx_word' id='word_1_176' title='bbox 1316 2043 1511 2106; x_wconf 88' lang='lat' dir='ltr'><strong>sententiam</strong></span> <span class='ocrx_word' id='word_1_177' title='bbox 1544 2043 1746 2108; x_wconf 86' lang='lat' dir='ltr'><strong>exsecutioni</strong></span> 
     </span>
     <span class='ocr_line' id='line_1_19' title="bbox 71 2130 1401 2208; baseline 0.001 -15"><span class='ocrx_word' id='word_1_178' title='bbox 71 2130 281 2208; x_wconf 85' lang='lat' dir='ltr'><strong>mandantes,</strong></span> <span class='ocrx_word' id='word_1_179' title='bbox 306 2131 431 2196; x_wconf 78' lang='lat' dir='ltr'><strong>faciatis</strong></span> <span class='ocrx_word' id='word_1_180' title='bbox 454 2131 682 2196; x_wconf 90' lang='lat' dir='ltr'><strong>inviolabiliter</strong></span> <span class='ocrx_word' id='word_1_181' title='bbox 705 2133 879 2197; x_wconf 88' lang='lat' dir='ltr'><strong>observari.</strong></span> <span class='ocrx_word' id='word_1_182' title='bbox 903 2167 946 2178; x_wconf 93' lang='lat'>-</span> <span class='ocrx_word' id='word_1_183' title='bbox 969 2133 1046 2195; x_wconf 89' lang='lat' dir='ltr'><strong>Dat.</strong></span> <span class='ocrx_word' id='word_1_184' title='bbox 1069 2132 1160 2208; x_wconf 88' lang='lat' dir='ltr'><strong>Sore,</strong></span> <span class='ocrx_word' id='word_1_185' title='bbox 1184 2147 1209 2196; x_wconf 92' lang='lat'><strong>11</strong></span> <span class='ocrx_word' id='word_1_186' title='bbox 1232 2133 1286 2195; x_wconf 89' lang='lat' dir='ltr'><strong>Kl.</strong></span> <span class='ocrx_word' id='word_1_187' title='bbox 1310 2131 1401 2196; x_wconf 90' lang='lat' dir='ltr'><strong>lunii.</strong></span> 
     </span>
    </p>
   </div>
   <div class='ocr_carea' id='block_1_5' title="bbox 236 2244 1354 2311">
    <p class='ocr_par' dir='ltr' id='par_1_5' title="bbox 236 2244 1354 2311">
     <span class='ocr_line' id='line_1_20' title="bbox 236 2244 1354 2311; baseline 0.001 -16"><span class='ocrx_word' id='word_1_188' title='bbox 236 2244 361 2311; x_wconf 75' lang='lat' dir='ltr'><strong>Absrhn‘st</strong></span> <span class='ocrx_word' id='word_1_189' title='bbox 376 2247 420 2296; x_wconf 83' lang='lat' dir='ltr'><strong>der</strong></span> <span class='ocrx_word' id='word_1_190' title='bbox 436 2245 539 2297; x_wconf 83' lang='lat' dir='ltr'><strong>Miscell.</strong></span> <span class='ocrx_word' id='word_1_191' title='bbox 558 2245 585 2294; x_wconf 82' lang='lat' dir='ltr'><strong>di</strong></span> <span class='ocrx_word' id='word_1_192' title='bbox 601 2246 664 2297; x_wconf 79' lang='lat' dir='ltr'><strong>Sar.</strong></span> <span class='ocrx_word' id='word_1_193' title='bbox 682 2244 739 2309; x_wconf 70' lang='grc' dir='ltr'><strong><em>ὶιζς,</em></strong></span> <span class='ocrx_word' id='word_1_194' title='bbox 764 2245 789 2293; x_wconf 86' lang='lat' dir='ltr'><em>V</em></span> <span class='ocrx_word' id='word_1_195' title='bbox 795 2253 823 2311; x_wconf 82' lang='lat' dir='ltr'><strong>p.</strong></span> <span class='ocrx_word' id='word_1_196' title='bbox 843 2248 903 2306; x_wconf 75' lang='lat'><strong>280,</strong></span> <span class='ocrx_word' id='word_1_197' title='bbox 922 2245 948 2296; x_wconf 80' lang='lat' dir='ltr'><strong>in</strong></span> <span class='ocrx_word' id='word_1_198' title='bbox 966 2246 1010 2296; x_wconf 84' lang='lat' dir='ltr'><strong>der</strong></span> <span class='ocrx_word' id='word_1_199' title='bbox 1026 2245 1090 2297; x_wconf 82' lang='lat' dir='ltr'><strong>Bibl.</strong></span> <span class='ocrx_word' id='word_1_200' title='bbox 1112 2245 1193 2296; x_wconf 70' lang='lat' dir='ltr'><strong>Criaica</strong></span> <span class='ocrx_word' id='word_1_201' title='bbox 1209 2263 1241 2295; x_wconf 74' lang='lat' dir='ltr'><strong>m</strong></span> <span class='ocrx_word' id='word_1_202' title='bbox 1262 2247 1354 2296; x_wconf 71' lang='lat' dir='ltr'><strong>Gema.</strong></span> 
     </span>
    </p>
   </div>
   <div class='ocr_carea' id='block_1_6' title="bbox 820 2529 1004 2607">
    <p class='ocr_par' dir='ltr' id='par_1_6' title="bbox 820 2529 1004 2607">
     <span class='ocr_line' id='line_1_21' title="bbox 820 2529 1004 2607; baseline -0.011 -1"><span class='ocrx_word' id='word_1_203' title='bbox 820 2529 888 2606; x_wconf 87' lang='lat' dir='ltr'><strong>Nr.</strong></span> <span class='ocrx_word' id='word_1_204' title='bbox 915 2534 1004 2607; x_wconf 82' lang='lat'><strong>345.</strong></span> 
     </span>
    </p>
   </div>
   <div class='ocr_carea' id='block_1_7' title="bbox 72 2661 1749 2750">
    <p class='ocr_par' dir='ltr' id='par_1_7' title="bbox 72 2661 1749 2750">
     <span class='ocr_line' id='line_1_22' title="bbox 72 2661 1749 2750; baseline 0.003 -24"><span class='ocrx_word' id='word_1_205' title='bbox 72 2663 198 2726; x_wconf 86' lang='lat' dir='ltr'><strong>Lucius</strong></span> <span class='ocrx_word' id='word_1_206' title='bbox 214 2663 280 2726; x_wconf 91' lang='lat' dir='ltr'><strong>III</strong></span> <span class='ocrx_word' id='word_1_207' title='bbox 294 2663 445 2747; x_wconf 79' lang='lat' dir='ltr'><strong>bestatigr</strong></span> <span class='ocrx_word' id='word_1_208' title='bbox 464 2664 538 2729; x_wconf 86' lang='lat' dir='ltr'><strong>dem</strong></span> <span class='ocrx_word' id='word_1_209' title='bbox 553 2663 699 2728; x_wconf 81' lang='lat' dir='ltr'><strong>Priester</strong></span> <span class='ocrx_word' id='word_1_210' title='bbox 716 2661 848 2727; x_wconf 84' lang='lat' dir='ltr'><strong>Gerard</strong></span> <span class='ocrx_word' id='word_1_211' title='bbox 866 2663 929 2728; x_wconf 85' lang='lat' dir='ltr'><strong>den</strong></span> <span class='ocrx_word' id='word_1_212' title='bbox 951 2661 1022 2727; x_wconf 79' lang='lat' dir='ltr'><strong>ilem</strong></span> <span class='ocrx_word' id='word_1_213' title='bbox 1039 2662 1215 2748; x_wconf 68' lang='lat' dir='ltr'><strong>granstegren</strong></span> <span class='ocrx_word' id='word_1_214' title='bbox 1236 2663 1497 2750; x_wconf 72' lang='lat' dir='ltr'><strong>Urtheibspruch</strong></span> <span class='ocrx_word' id='word_1_215' title='bbox 1521 2666 1579 2731; x_wconf 83' lang='lat' dir='ltr'><strong>des</strong></span> <span class='ocrx_word' id='word_1_216' title='bbox 1595 2664 1749 2749; x_wconf 83' lang='lat' dir='ltr'><strong>Be&#39;schoss</strong></span> 
     </span>
    </p>
   </div>
   <div class='ocr_carea' id='block_1_8' title="bbox 73 2749 1750 2928">
    <p class='ocr_par' dir='ltr' id='par_1_8' title="bbox 73 2749 1750 2928">
     <span class='ocr_line' id='line_1_23' title="bbox 73 2749 1750 2841; baseline 0.002 -25"><span class='ocrx_word' id='word_1_217' title='bbox 73 2751 173 2816; x_wconf 84' lang='lat' dir='ltr'><strong>Peter</strong></span> <span class='ocrx_word' id='word_1_218' title='bbox 213 2773 274 2816; x_wconf 86' lang='lat' dir='ltr'><strong>van</strong></span> <span class='ocrx_word' id='word_1_219' title='bbox 305 2753 394 2817; x_wconf 82' lang='lat' dir='ltr'><strong>Luni</strong></span> <span class='ocrx_word' id='word_1_220' title='bbox 420 2754 457 2817; x_wconf 85' lang='lat' dir='ltr'><strong>in</strong></span> <span class='ocrx_word' id='word_1_221' title='bbox 479 2751 601 2817; x_wconf 76' lang='lat' dir='ltr'><strong>serreem</strong></span> <span class='ocrx_word' id='word_1_222' title='bbox 625 2752 743 2817; x_wconf 85' lang='lat' dir='ltr'><strong>Streite</strong></span> <span class='ocrx_word' id='word_1_223' title='bbox 764 2749 825 2816; x_wconf 79' lang='lat' dir='ltr'><strong>mit</strong></span> <span class='ocrx_word' id='word_1_224' title='bbox 846 2754 908 2817; x_wconf 89' lang='lat' dir='ltr'><strong>a&#39;er</strong></span> <span class='ocrx_word' id='word_1_225' title='bbox 930 2750 1052 2816; x_wconf 83' lang='lat' dir='ltr'><strong>Kirclre</strong></span> <span class='ocrx_word' id='word_1_226' title='bbox 1073 2750 1175 2818; x_wconf 83' lang='lat' dir='ltr'><strong>Santa</strong></span> <span class='ocrx_word' id='word_1_227' title='bbox 1198 2755 1313 2819; x_wconf 84' lang='lat' dir='ltr'><strong>Maria</strong></span> <span class='ocrx_word' id='word_1_228' title='bbox 1335 2756 1375 2819; x_wconf 82' lang='lat' dir='ltr'><strong>di</strong></span> <span class='ocrx_word' id='word_1_229' title='bbox 1400 2755 1537 2821; x_wconf 88' lang='lat' dir='ltr'><strong>Castella</strong></span> <span class='ocrx_word' id='word_1_230' title='bbox 1559 2778 1669 2841; x_wconf 84' lang='lat' dir='ltr'><strong>wegen</strong></span> <span class='ocrx_word' id='word_1_231' title='bbox 1689 2757 1750 2820; x_wconf 84' lang='lat' dir='ltr'><strong>der</strong></span> 
     </span>
     <span class='ocr_line' id='line_1_24' title="bbox 739 2839 1092 2928; baseline 0 -23"><span class='ocrx_word' id='word_1_232' title='bbox 739 2839 859 2906; x_wconf 81' lang='lat' dir='ltr'><strong>Kirclee</strong></span> <span class='ocrx_word' id='word_1_233' title='bbox 873 2862 936 2906; x_wconf 81' lang='lat' dir='ltr'><strong>van</strong></span> <span class='ocrx_word' id='word_1_234' title='bbox 951 2842 1038 2906; x_wconf 87' lang='lat' dir='ltr'><strong>Mola</strong></span> <span class='ocrx_word' id='word_1_235' title='bbox 1053 2842 1092 2928; x_wconf 81' lang='lat'><strong>⁸).</strong></span> 
     </span>
    </p>
   </div>
   <div class='ocr_carea' id='block_1_9' title="bbox 706 2956 1120 3039">
    <p class='ocr_par' dir='ltr' id='par_1_9' title="bbox 706 2956 1120 3039">
     <span class='ocr_line' id='line_1_25' title="bbox 706 2956 1120 3039; baseline 0.005 -19"><span class='ocrx_word' id='word_1_236' title='bbox 706 2959 791 3020; x_wconf 77' lang='lat'><strong><em>1184</em></strong></span> <span class='ocrx_word' id='word_1_237' title='bbox 808 2959 884 3022; x_wconf 84' lang='lat' dir='ltr'><strong>Mai</strong></span> <span class='ocrx_word' id='word_1_238' title='bbox 897 2961 948 3022; x_wconf 84' lang='lat'><strong>31.</strong></span> <span class='ocrx_word' id='word_1_239' title='bbox 980 2956 1065 3023; x_wconf 85' lang='lat' dir='ltr'><strong>Sora</strong></span> <span class='ocrx_word' id='word_1_240' title='bbox 1082 2959 1120 3039; x_wconf 74' lang='lat'><strong>²).</strong></span> 
     </span>
    </p>
   </div>
   <div class='ocr_carea' id='block_1_10' title="bbox 2 3073 1750 4209">
    <p class='ocr_par' dir='ltr' id='par_1_10' title="bbox 2 3073 1750 4209">
     <span class='ocr_line' id='line_1_26' title="bbox 237 3073 1749 3158; baseline 0.003 -21"><span class='ocrx_word' id='word_1_241' title='bbox 237 3075 357 3137; x_wconf 92' lang='lat' dir='ltr'><strong>Lucius</strong></span> <span class='ocrx_word' id='word_1_242' title='bbox 380 3073 563 3156; x_wconf 88' lang='lat' dir='ltr'><strong>episcopus,</strong></span> <span class='ocrx_word' id='word_1_243' title='bbox 588 3092 698 3136; x_wconf 89' lang='lat' dir='ltr'><strong>servus</strong></span> <span class='ocrx_word' id='word_1_244' title='bbox 721 3094 889 3138; x_wconf 89' lang='lat' dir='ltr'><strong>servorum</strong></span> <span class='ocrx_word' id='word_1_245' title='bbox 913 3076 973 3151; x_wconf 91' lang='lat' dir='ltr'><strong>dei,</strong></span> <span class='ocrx_word' id='word_1_246' title='bbox 999 3075 1118 3138; x_wconf 91' lang='lat' dir='ltr'><strong>dilecto</strong></span> <span class='ocrx_word' id='word_1_247' title='bbox 1135 3075 1211 3152; x_wconf 85' lang='lat' dir='ltr'><strong>lilio,</strong></span> <span class='ocrx_word' id='word_1_248' title='bbox 1235 3074 1381 3139; x_wconf 89' lang='lat' dir='ltr'><strong>Gerardo</strong></span> <span class='ocrx_word' id='word_1_249' title='bbox 1397 3076 1587 3158; x_wconf 88' lang='lat' dir='ltr'><strong>presbitero,</strong></span> <span class='ocrx_word' id='word_1_250' title='bbox 1611 3077 1749 3142; x_wconf 92' lang='lat' dir='ltr'><strong>salutem</strong></span> 
     </span>
     <span class='ocr_line' id='line_1_27' title="bbox 76 3163 1750 3250; baseline 0.004 -24"><span class='ocrx_word' id='word_1_251' title='bbox 76 3171 110 3226; x_wconf 89' lang='lat' dir='ltr'><strong>ct</strong></span> <span class='ocrx_word' id='word_1_252' title='bbox 124 3165 346 3245; x_wconf 89' lang='lat' dir='ltr'><strong>apostolicam</strong></span> <span class='ocrx_word' id='word_1_253' title='bbox 361 3163 632 3226; x_wconf 88' lang='lat' dir='ltr'><strong>benedictionem.</strong></span> <span class='ocrx_word' id='word_1_254' title='bbox 670 3163 728 3238; x_wconf 91' lang='lat' dir='ltr'><strong>Ea,</strong></span> <span class='ocrx_word' id='word_1_255' title='bbox 746 3184 844 3244; x_wconf 88' lang='lat' dir='ltr'><strong>quea</strong></span> <span class='ocrx_word' id='word_1_256' title='bbox 860 3163 1018 3239; x_wconf 70' lang='lat' dir='ltr'><strong>iratribus</strong></span> <span class='ocrx_word' id='word_1_257' title='bbox 1035 3165 1200 3247; x_wconf 92' lang='lat' dir='ltr'><strong>episcopis</strong></span> <span class='ocrx_word' id='word_1_258' title='bbox 1216 3167 1344 3242; x_wconf 89' lang='lat' dir='ltr'><strong>nostris,</strong></span> <span class='ocrx_word' id='word_1_259' title='bbox 1361 3167 1554 3229; x_wconf 89' lang='lat' dir='ltr'><strong>auctoritate</strong></span> <span class='ocrx_word' id='word_1_260' title='bbox 1569 3168 1750 3250; x_wconf 88' lang='lat' dir='ltr'><strong>apostolica</strong></span> 
     </span>
     <span class='ocr_line' id='line_1_28' title="bbox 75 3252 1748 3335; baseline 0.002 -19"><span class='ocrx_word' id='word_1_261' title='bbox 75 3254 206 3316; x_wconf 89' lang='lat' dir='ltr'><strong>ratione</strong></span> <span class='ocrx_word' id='word_1_262' title='bbox 229 3254 342 3334; x_wconf 91' lang='lat' dir='ltr'><strong>previa</strong></span> <span class='ocrx_word' id='word_1_263' title='bbox 365 3252 589 3335; x_wconf 81' lang='lat' dir='ltr'><strong>decerpuntur,</strong></span> <span class='ocrx_word' id='word_1_264' title='bbox 614 3253 646 3314; x_wconf 93' lang='lat' dir='ltr'><strong>in</strong></span> <span class='ocrx_word' id='word_1_265' title='bbox 670 3273 729 3315; x_wconf 90' lang='lat' dir='ltr'><strong>sua</strong></span> <span class='ocrx_word' id='word_1_266' title='bbox 752 3252 875 3316; x_wconf 88' lang='lat' dir='ltr'><strong>debent</strong></span> <span class='ocrx_word' id='word_1_267' title='bbox 898 3254 1051 3316; x_wconf 87' lang='lat' dir='ltr'><strong>firmitate</strong></span> <span class='ocrx_word' id='word_1_268' title='bbox 1076 3255 1254 3317; x_wconf 89' lang='lat' dir='ltr'><strong>consistere</strong></span> <span class='ocrx_word' id='word_1_269' title='bbox 1291 3262 1339 3331; x_wconf 87' lang='lat' dir='ltr'><strong>ct,</strong></span> <span class='ocrx_word' id='word_1_270' title='bbox 1379 3275 1421 3318; x_wconf 90' lang='lat' dir='ltr'><strong>ne</strong></span> <span class='ocrx_word' id='word_1_271' title='bbox 1452 3256 1484 3317; x_wconf 91' lang='lat' dir='ltr'><strong>in</strong></span> <span class='ocrx_word' id='word_1_272' title='bbox 1508 3257 1650 3320; x_wconf 89' lang='lat' dir='ltr'><strong>recidive</strong></span> <span class='ocrx_word' id='word_1_273' title='bbox 1672 3277 1748 3320; x_wconf 92' lang='lat' dir='ltr'><strong>con-</strong></span> 
     </span>
     <span class='ocr_line' id='line_1_29' title="bbox 2 3341 1748 3429; baseline 0.002 -24"><span class='ocrx_word' id='word_1_274' title='bbox 2 3362 3 3368; x_wconf 54' lang='lat'><em>*</em></span> <span class='ocrx_word' id='word_1_275' title='bbox 75 3343 234 3406; x_wconf 89' lang='lat' dir='ltr'><strong>tentionis</strong></span> <span class='ocrx_word' id='word_1_276' title='bbox 256 3341 443 3424; x_wconf 88' lang='lat' dir='ltr'><strong>scrupulum</strong></span> <span class='ocrx_word' id='word_1_277' title='bbox 466 3342 610 3416; x_wconf 88' lang='lat' dir='ltr'><strong>redeant,</strong></span> <span class='ocrx_word' id='word_1_278' title='bbox 634 3342 754 3405; x_wconf 92' lang='lat' dir='ltr'><strong>robore</strong></span> <span class='ocrx_word' id='word_1_279' title='bbox 778 3342 961 3424; x_wconf 91' lang='lat' dir='ltr'><strong>apostolico</strong></span> <span class='ocrx_word' id='word_1_280' title='bbox 984 3343 1171 3424; x_wconf 77' lang='lat' dir='ltr'><strong>premuniti.</strong></span> <span class='ocrx_word' id='word_1_281' title='bbox 1217 3343 1410 3426; x_wconf 88' lang='lat' dir='ltr'><strong>Eapropter,</strong></span> <span class='ocrx_word' id='word_1_282' title='bbox 1440 3345 1504 3408; x_wconf 91' lang='lat' dir='ltr'><strong>tuis</strong></span> <span class='ocrx_word' id='word_1_283' title='bbox 1526 3346 1616 3409; x_wconf 92' lang='lat' dir='ltr'><strong>iustis</strong></span> <span class='ocrx_word' id='word_1_284' title='bbox 1638 3355 1748 3429; x_wconf 91' lang='lat' dir='ltr'><strong>postu·</strong></span> 
     </span>
     <span class='ocr_line' id='line_1_30' title="bbox 76 3429 1748 3518; baseline 0.002 -24"><span class='ocrx_word' id='word_1_285' title='bbox 76 3431 256 3495; x_wconf 91' lang='lat' dir='ltr'><strong>lationibus</strong></span> <span class='ocrx_word' id='word_1_286' title='bbox 279 3441 468 3506; x_wconf 87' lang='lat' dir='ltr'><strong>annuentes,</strong></span> <span class='ocrx_word' id='word_1_287' title='bbox 497 3431 700 3506; x_wconf 90' lang='lat' dir='ltr'><strong>sententiam,</strong></span> <span class='ocrx_word' id='word_1_288' title='bbox 732 3450 831 3510; x_wconf 90' lang='lat' dir='ltr'><strong>quam</strong></span> <span class='ocrx_word' id='word_1_289' title='bbox 853 3430 1049 3494; x_wconf 90' lang='lat' dir='ltr'><strong>venerabilis</strong></span> <span class='ocrx_word' id='word_1_290' title='bbox 1072 3431 1171 3495; x_wconf 86' lang='lat' dir='ltr'><strong>irater</strong></span> <span class='ocrx_word' id='word_1_291' title='bbox 1199 3439 1310 3496; x_wconf 90' lang='lat' dir='ltr'><strong>noster</strong></span> <span class='ocrx_word' id='word_1_292' title='bbox 1331 3429 1477 3518; x_wconf 84' lang='lat' dir='ltr'><strong>P(etrus),</strong></span> <span class='ocrx_word' id='word_1_293' title='bbox 1500 3434 1660 3498; x_wconf 91' lang='lat' dir='ltr'><strong>Lunensis</strong></span> <span class='ocrx_word' id='word_1_294' title='bbox 1683 3435 1748 3517; x_wconf 93' lang='lat' dir='ltr'><strong>epi-</strong></span> 
     </span>
     <span class='ocr_line' id='line_1_31' title="bbox 2 3520 1748 3603; baseline 0.002 -19"><span class='ocrx_word' id='word_1_295' title='bbox 2 3557 3 3562; x_wconf 36' lang='lat'><em>*</em></span> <span class='ocrx_word' id='word_1_296' title='bbox 75 3540 207 3602; x_wconf 90' lang='lat' dir='ltr'><strong>scopus,</strong></span> <span class='ocrx_word' id='word_1_297' title='bbox 232 3531 346 3583; x_wconf 91' lang='lat' dir='ltr'><strong>contra</strong></span> <span class='ocrx_word' id='word_1_298' title='bbox 370 3521 507 3582; x_wconf 90' lang='lat' dir='ltr'><strong>dilectos</strong></span> <span class='ocrx_word' id='word_1_299' title='bbox 530 3520 613 3582; x_wconf 86' lang='lat' dir='ltr'><strong>filios</strong></span> <span class='ocrx_word' id='word_1_300' title='bbox 630 3531 768 3592; x_wconf 90' lang='lat' dir='ltr'><strong>nostros,</strong></span> <span class='ocrx_word' id='word_1_301' title='bbox 792 3521 996 3602; x_wconf 91' lang='lat' dir='ltr'><strong>prepositum</strong></span> <span class='ocrx_word' id='word_1_302' title='bbox 1019 3530 1053 3583; x_wconf 92' lang='lat' dir='ltr'><strong>et</strong></span> <span class='ocrx_word' id='word_1_303' title='bbox 1075 3522 1250 3585; x_wconf 88' lang='lat' dir='ltr'><strong>canonicos</strong></span> <span class='ocrx_word' id='word_1_304' title='bbox 1273 3532 1386 3585; x_wconf 89' lang='lat' dir='ltr'><strong>sancte</strong></span> <span class='ocrx_word' id='word_1_305' title='bbox 1409 3522 1511 3586; x_wconf 90' lang='lat' dir='ltr'><strong>Marie</strong></span> <span class='ocrx_word' id='word_1_306' title='bbox 1535 3524 1576 3586; x_wconf 91' lang='lat' dir='ltr'><strong>de</strong></span> <span class='ocrx_word' id='word_1_307' title='bbox 1596 3523 1748 3603; x_wconf 90' lang='lat' dir='ltr'><strong>Castello,</strong></span> 
     </span>
     <span class='ocr_line' id='line_1_32' title="bbox 75 3607 1749 3693; baseline 0.003 -20"><span class='ocrx_word' id='word_1_308' title='bbox 75 3630 177 3692; x_wconf 90' lang='lat' dir='ltr'><strong>super</strong></span> <span class='ocrx_word' id='word_1_309' title='bbox 185 3609 644 3692; x_wconf 90' lang='lat' dir='ltr'><strong>restitutionempossessionis</strong></span> <span class='ocrx_word' id='word_1_310' title='bbox 654 3607 705 3671; x_wconf 92' lang='lat' dir='ltr'><strong>vel</strong></span> <span class='ocrx_word' id='word_1_311' title='bbox 715 3611 806 3691; x_wconf 88' lang='lat' dir='ltr'><strong>quasi</strong></span> <span class='ocrx_word' id='word_1_312' title='bbox 814 3611 1031 3692; x_wconf 88' lang='lat' dir='ltr'><strong>possessionis</strong></span> <span class='ocrx_word' id='word_1_313' title='bbox 1039 3610 1176 3673; x_wconf 92' lang='lat' dir='ltr'><strong>ecclesie</strong></span> <span class='ocrx_word' id='word_1_314' title='bbox 1184 3611 1324 3674; x_wconf 88' lang='lat' dir='ltr'><strong>deMolo</strong></span> <span class='ocrx_word' id='word_1_315' title='bbox 1333 3611 1375 3674; x_wconf 93' lang='lat' dir='ltr'><strong>de</strong></span> <span class='ocrx_word' id='word_1_316' title='bbox 1392 3612 1749 3693; x_wconf 89' lang='lat' dir='ltr'><strong>prudentiumvirorum</strong></span> 
     </span>
     <span class='ocr_line' id='line_1_33' title="bbox 76 3699 1749 3781; baseline 0.002 -18"><span class='ocrx_word' id='word_1_317' title='bbox 76 3699 218 3763; x_wconf 91' lang='lat' dir='ltr'><strong>consilio</strong></span> <span class='ocrx_word' id='word_1_318' title='bbox 226 3699 455 3781; x_wconf 82' lang='lat' dir='ltr'><strong>promulgavit,</strong></span> <span class='ocrx_word' id='word_1_319' title='bbox 470 3699 552 3762; x_wconf 92' lang='lat' dir='ltr'><strong>sicut</strong></span> <span class='ocrx_word' id='word_1_320' title='bbox 561 3699 719 3761; x_wconf 89' lang='lat' dir='ltr'><strong>canonice</strong></span> <span class='ocrx_word' id='word_1_321' title='bbox 728 3699 793 3761; x_wconf 87' lang='lat' dir='ltr'><strong>lata</strong></span> <span class='ocrx_word' id='word_1_322' title='bbox 801 3708 852 3762; x_wconf 91' lang='lat' dir='ltr'><strong>est</strong></span> <span class='ocrx_word' id='word_1_323' title='bbox 864 3707 896 3762; x_wconf 92' lang='lat' dir='ltr'><strong>et</strong></span> <span class='ocrx_word' id='word_1_324' title='bbox 909 3700 941 3761; x_wconf 93' lang='lat' dir='ltr'><strong>in</strong></span> <span class='ocrx_word' id='word_1_325' title='bbox 955 3700 1077 3781; x_wconf 91' lang='lat' dir='ltr'><strong>scripto</strong></span> <span class='ocrx_word' id='word_1_326' title='bbox 1090 3699 1157 3762; x_wconf 90' lang='lat' dir='ltr'><strong>eius</strong></span> <span class='ocrx_word' id='word_1_327' title='bbox 1171 3700 1335 3763; x_wconf 89' lang='lat' dir='ltr'><strong>autentico</strong></span> <span class='ocrx_word' id='word_1_328' title='bbox 1349 3702 1542 3778; x_wconf 89' lang='lat' dir='ltr'><strong>continetur,</strong></span> <span class='ocrx_word' id='word_1_329' title='bbox 1556 3705 1749 3767; x_wconf 89' lang='lat' dir='ltr'><strong>auctoritate</strong></span> 
     </span>
     <span class='ocr_line' id='line_1_34' title="bbox 77 3787 1749 3873; baseline 0.003 -22"><span class='ocrx_word' id='word_1_330' title='bbox 77 3789 265 3870; x_wconf 90' lang='lat' dir='ltr'><strong>apostolica</strong></span> <span class='ocrx_word' id='word_1_331' title='bbox 288 3788 520 3851; x_wconf 88' lang='lat' dir='ltr'><strong>confirmamus</strong></span> <span class='ocrx_word' id='word_1_332' title='bbox 543 3799 577 3850; x_wconf 85' lang='lat' dir='ltr'><strong>et</strong></span> <span class='ocrx_word' id='word_1_333' title='bbox 599 3789 759 3869; x_wconf 89' lang='lat' dir='ltr'><strong>presentis</strong></span> <span class='ocrx_word' id='word_1_334' title='bbox 782 3787 891 3871; x_wconf 81' lang='lat' dir='ltr'><strong>scripti</strong></span> <span class='ocrx_word' id='word_1_335' title='bbox 916 3789 1100 3870; x_wconf 87' lang='lat' dir='ltr'><strong>patrocinio</strong></span> <span class='ocrx_word' id='word_1_336' title='bbox 1123 3788 1370 3852; x_wconf 88' lang='lat' dir='ltr'><strong>communimus.</strong></span> <span class='ocrx_word' id='word_1_337' title='bbox 1408 3789 1495 3852; x_wconf 93' lang='lat' dir='ltr'><strong>Nulli</strong></span> <span class='ocrx_word' id='word_1_338' title='bbox 1518 3810 1597 3873; x_wconf 85' lang='lat' dir='ltr'><strong>ergo</strong></span> <span class='ocrx_word' id='word_1_339' title='bbox 1613 3793 1749 3856; x_wconf 92' lang='lat' dir='ltr'><strong>omnino</strong></span> 
     </span>
     <span class='ocr_line' id='line_1_35' title="bbox 76 3875 1749 3960; baseline 0.003 -20"><span class='ocrx_word' id='word_1_340' title='bbox 76 3877 251 3940; x_wconf 90' lang='lat' dir='ltr'><strong>hominurn</strong></span> <span class='ocrx_word' id='word_1_341' title='bbox 281 3877 392 3952; x_wconf 87' lang='lat' dir='ltr'><strong>liceat,</strong></span> <span class='ocrx_word' id='word_1_342' title='bbox 421 3875 506 3940; x_wconf 87' lang='lat' dir='ltr'><strong>hanc</strong></span> <span class='ocrx_word' id='word_1_343' title='bbox 537 3877 691 3959; x_wconf 85' lang='lat' dir='ltr'><strong>paginam</strong></span> <span class='ocrx_word' id='word_1_344' title='bbox 722 3888 832 3940; x_wconf 91' lang='lat' dir='ltr'><strong>nostre</strong></span> <span class='ocrx_word' id='word_1_345' title='bbox 863 3876 1119 3941; x_wconf 89' lang='lat' dir='ltr'><strong>confirmationis</strong></span> <span class='ocrx_word' id='word_1_346' title='bbox 1151 3878 1324 3960; x_wconf 80' lang='lat' dir='ltr'><strong>infringere</strong></span> <span class='ocrx_word' id='word_1_347' title='bbox 1346 3877 1397 3941; x_wconf 90' lang='lat' dir='ltr'><strong>vel</strong></span> <span class='ocrx_word' id='word_1_348' title='bbox 1421 3879 1450 3941; x_wconf 93' lang='lat' dir='ltr'><strong>ei</strong></span> <span class='ocrx_word' id='word_1_349' title='bbox 1475 3900 1554 3942; x_wconf 90' lang='lat' dir='ltr'><strong>ausu</strong></span> <span class='ocrx_word' id='word_1_350' title='bbox 1576 3883 1749 3944; x_wconf 87' lang='lat' dir='ltr'><strong>temerario</strong></span> 
     </span>
     <span class='ocr_line' id='line_1_36' title="bbox 77 3963 1750 4052; baseline 0.003 -23"><span class='ocrx_word' id='word_1_351' title='bbox 77 3969 252 4030; x_wconf 87' lang='lat' dir='ltr'><strong>contraire.</strong></span> <span class='ocrx_word' id='word_1_352' title='bbox 307 3963 342 4028; x_wconf 89' lang='lat' dir='ltr'><strong>Si</strong></span> <span class='ocrx_word' id='word_1_353' title='bbox 375 3966 447 4048; x_wconf 92' lang='lat' dir='ltr'><strong>quis</strong></span> <span class='ocrx_word' id='word_1_354' title='bbox 479 3977 588 4028; x_wconf 89' lang='lat' dir='ltr'><strong>autem</strong></span> <span class='ocrx_word' id='word_1_355' title='bbox 618 3963 682 4028; x_wconf 91' lang='lat' dir='ltr'><strong>hoc</strong></span> <span class='ocrx_word' id='word_1_356' title='bbox 712 3975 908 4048; x_wconf 88' lang='lat' dir='ltr'><strong>attemptare</strong></span> <span class='ocrx_word' id='word_1_357' title='bbox 938 3967 1187 4049; x_wconf 89' lang='lat' dir='ltr'><strong>presumpserit,</strong></span> <span class='ocrx_word' id='word_1_358' title='bbox 1224 3968 1482 4049; x_wconf 85' lang='lat' dir='ltr'><strong>indignationem</strong></span> <span class='ocrx_word' id='word_1_359' title='bbox 1514 3970 1750 4052; x_wconf 90' lang='lat' dir='ltr'><strong>omnipotentis</strong></span> 
     </span>
     <span class='ocr_line' id='line_1_37' title="bbox 77 4054 1750 4137; baseline 0.004 -19"><span class='ocrx_word' id='word_1_360' title='bbox 77 4057 132 4118; x_wconf 90' lang='lat' dir='ltr'><strong>dci</strong></span> <span class='ocrx_word' id='word_1_361' title='bbox 156 4062 191 4119; x_wconf 92' lang='lat' dir='ltr'><strong>et</strong></span> <span class='ocrx_word' id='word_1_362' title='bbox 212 4056 385 4119; x_wconf 87' lang='lat' dir='ltr'><strong>beatorum</strong></span> <span class='ocrx_word' id='word_1_363' title='bbox 409 4055 494 4118; x_wconf 91' lang='lat' dir='ltr'><strong>Petri</strong></span> <span class='ocrx_word' id='word_1_364' title='bbox 518 4063 551 4118; x_wconf 90' lang='lat' dir='ltr'><strong>et</strong></span> <span class='ocrx_word' id='word_1_365' title='bbox 574 4054 672 4131; x_wconf 87' lang='lat' dir='ltr'><strong>Pauli,</strong></span> <span class='ocrx_word' id='word_1_366' title='bbox 697 4055 923 4137; x_wconf 88' lang='lat' dir='ltr'><strong>apostolorum</strong></span> <span class='ocrx_word' id='word_1_367' title='bbox 946 4057 1023 4132; x_wconf 91' lang='lat' dir='ltr'><strong>eius,</strong></span> <span class='ocrx_word' id='word_1_368' title='bbox 1054 4076 1090 4118; x_wconf 92' lang='lat' dir='ltr'><strong>se</strong></span> <span class='ocrx_word' id='word_1_369' title='bbox 1114 4057 1240 4120; x_wconf 90' lang='lat' dir='ltr'><strong>noverit</strong></span> <span class='ocrx_word' id='word_1_370' title='bbox 1261 4057 1468 4120; x_wconf 88' lang='lat' dir='ltr'><strong>incursurum.</strong></span> <span class='ocrx_word' id='word_1_371' title='bbox 1492 4093 1534 4104; x_wconf 90' lang='lat'><em>-</em></span> <span class='ocrx_word' id='word_1_372' title='bbox 1559 4058 1635 4122; x_wconf 85' lang='lat' dir='ltr'><strong>Dat</strong></span> <span class='ocrx_word' id='word_1_373' title='bbox 1659 4055 1750 4135; x_wconf 87' lang='lat' dir='ltr'><strong>Sore,</strong></span> 
     </span>
     <span class='ocr_line' id='line_1_38' title="bbox 77 4145 296 4209; baseline -0.014 0"><span class='ocrx_word' id='word_1_374' title='bbox 77 4159 104 4209; x_wconf 93' lang='lat'><strong>11</strong></span> <span class='ocrx_word' id='word_1_375' title='bbox 128 4146 183 4208; x_wconf 90' lang='lat' dir='ltr'><strong>Kl.</strong></span> <span class='ocrx_word' id='word_1_376' title='bbox 207 4145 296 4208; x_wconf 91' lang='lat' dir='ltr'><strong>lunii.</strong></span> 
     </span>
    </p>
   </div>
   <div class='ocr_carea' id='block_1_11' title="bbox 240 4256 1357 4324">
    <p class='ocr_par' dir='ltr' id='par_1_11' title="bbox 240 4256 1357 4324">
     <span class='ocr_line' id='line_1_39' title="bbox 240 4256 1357 4324; baseline 0.003 -16"><span class='ocrx_word' id='word_1_377' title='bbox 240 4258 364 4321; x_wconf 75' lang='lat' dir='ltr'><strong>Absrirr&#39;ft</strong></span> <span class='ocrx_word' id='word_1_378' title='bbox 379 4259 423 4307; x_wconf 84' lang='lat' dir='ltr'><strong>der</strong></span> <span class='ocrx_word' id='word_1_379' title='bbox 440 4257 542 4308; x_wconf 82' lang='lat' dir='ltr'><strong>Miscell.</strong></span> <span class='ocrx_word' id='word_1_380' title='bbox 560 4258 588 4308; x_wconf 79' lang='lat' dir='ltr'><strong>di</strong></span> <span class='ocrx_word' id='word_1_381' title='bbox 604 4258 666 4308; x_wconf 85' lang='lat' dir='ltr'><strong>Ster.</strong></span> <span class='ocrx_word' id='word_1_382' title='bbox 686 4257 740 4324; x_wconf 83' lang='lat' dir='ltr'><strong>Le&#39;g.</strong></span> <span class='ocrx_word' id='word_1_383' title='bbox 765 4257 791 4306; x_wconf 88' lang='lat' dir='ltr'><em>V</em></span> <span class='ocrx_word' id='word_1_384' title='bbox 800 4265 825 4322; x_wconf 81' lang='lat' dir='ltr'><strong>p.</strong></span> <span class='ocrx_word' id='word_1_385' title='bbox 845 4259 905 4318; x_wconf 78' lang='lat'><strong>279,</strong></span> <span class='ocrx_word' id='word_1_386' title='bbox 924 4256 950 4308; x_wconf 81' lang='lat' dir='ltr'><strong>in</strong></span> <span class='ocrx_word' id='word_1_387' title='bbox 969 4257 1012 4308; x_wconf 87' lang='lat' dir='ltr'><strong>der</strong></span> <span class='ocrx_word' id='word_1_388' title='bbox 1029 4257 1092 4309; x_wconf 85' lang='lat' dir='ltr'><strong>Bibl.</strong></span> <span class='ocrx_word' id='word_1_389' title='bbox 1114 4259 1196 4309; x_wconf 75' lang='lat' dir='ltr'><strong>Civica</strong></span> <span class='ocrx_word' id='word_1_390' title='bbox 1213 4276 1243 4308; x_wconf 76' lang='lat' dir='ltr'><strong>m</strong></span> <span class='ocrx_word' id='word_1_391' title='bbox 1264 4259 1357 4312; x_wconf 81' lang='lat' dir='ltr'><strong>Genua.</strong></span> 
     </span>
    </p>
   </div>
   <div class='ocr_carea' id='block_1_12' title="bbox 823 4542 1007 4621">
    <p class='ocr_par' dir='ltr' id='par_1_12' title="bbox 823 4542 1007 4621">
     <span class='ocr_line' id='line_1_40' title="bbox 823 4542 1007 4621; baseline 0 -3"><span class='ocrx_word' id='word_1_392' title='bbox 823 4542 891 4619; x_wconf 88' lang='lat' dir='ltr'><strong>Nr.</strong></span> <span class='ocrx_word' id='word_1_393' title='bbox 918 4548 1007 4621; x_wconf 86' lang='grc'><strong>346.</strong></span> 
     </span>
    </p>
   </div>
   <div class='ocr_carea' id='block_1_13' title="bbox 79 4673 1751 4852">
    <p class='ocr_par' dir='ltr' id='par_1_13' title="bbox 79 4673 1751 4852">
     <span class='ocr_line' id='line_1_41' title="bbox 80 4673 1751 4760; baseline -0.001 -16"><span class='ocrx_word' id='word_1_394' title='bbox 80 4679 202 4744; x_wconf 81' lang='lat' dir='ltr'><strong>Lucius</strong></span> <span class='ocrx_word' id='word_1_395' title='bbox 214 4677 280 4743; x_wconf 91' lang='lat' dir='ltr'><strong>III</strong></span> <span class='ocrx_word' id='word_1_396' title='bbox 289 4675 484 4742; x_wconf 77' lang='lat' dir='ltr'><strong>beurkundet</strong></span> <span class='ocrx_word' id='word_1_397' title='bbox 498 4675 558 4741; x_wconf 81' lang='lat' dir='ltr'><strong>der</strong></span> <span class='ocrx_word' id='word_1_398' title='bbox 568 4673 689 4740; x_wconf 82' lang='lat' dir='ltr'><strong>Kirclee</strong></span> <span class='ocrx_word' id='word_1_399' title='bbox 701 4675 802 4740; x_wconf 83' lang='lat' dir='ltr'><strong>Santa</strong></span> <span class='ocrx_word' id='word_1_400' title='bbox 814 4676 1004 4760; x_wconf 82' lang='lat' dir='ltr'><strong>Margarita</strong></span> <span class='ocrx_word' id='word_1_401' title='bbox 1015 4698 1032 4739; x_wconf 95' lang='lat' dir='ltr'><strong>e</strong></span> <span class='ocrx_word' id='word_1_402' title='bbox 1042 4675 1143 4742; x_wconf 87' lang='lat' dir='ltr'><strong>Santa</strong></span> <span class='ocrx_word' id='word_1_403' title='bbox 1155 4677 1270 4742; x_wconf 87' lang='lat' dir='ltr'><strong>Maria</strong></span> <span class='ocrx_word' id='word_1_404' title='bbox 1281 4675 1395 4742; x_wconf 66' lang='lat' dir='ltr'><strong>Antea</strong></span> <span class='ocrx_word' id='word_1_405' title='bbox 1410 4677 1450 4742; x_wconf 86' lang='lat' dir='ltr'><strong>di</strong></span> <span class='ocrx_word' id='word_1_406' title='bbox 1469 4676 1599 4758; x_wconf 84' lang='lat' dir='ltr'><strong>Verona,</strong></span> <span class='ocrx_word' id='word_1_407' title='bbox 1612 4674 1667 4742; x_wconf 81' lang='lat' dir='ltr'><strong>dr&#39;e</strong></span> <span class='ocrx_word' id='word_1_408' title='bbox 1678 4677 1751 4742; x_wconf 80' lang='lat' dir='ltr'><strong>Bei-</strong></span> 
     </span>
     <span class='ocr_line' id='line_1_42' title="bbox 79 4763 1750 4852; baseline -0.001 -20"><span class='ocrx_word' id='word_1_409' title='bbox 79 4769 201 4852; x_wconf 80' lang='lat' dir='ltr'><strong>legung</strong></span> <span class='ocrx_word' id='word_1_410' title='bbox 212 4767 269 4832; x_wconf 85' lang='lat' dir='ltr'><strong>des</strong></span> <span class='ocrx_word' id='word_1_411' title='bbox 285 4766 418 4831; x_wconf 83' lang='lat' dir='ltr'><strong>Streites</strong></span> <span class='ocrx_word' id='word_1_412' title='bbox 440 4767 502 4831; x_wconf 85' lang='lat' dir='ltr'><strong>mit</strong></span> <span class='ocrx_word' id='word_1_413' title='bbox 524 4765 597 4830; x_wconf 86' lang='lat' dir='ltr'><strong>dem</strong></span> <span class='ocrx_word' id='word_1_414' title='bbox 612 4765 693 4829; x_wconf 86' lang='lat' dir='ltr'><strong>Abte</strong></span> <span class='ocrx_word' id='word_1_415' title='bbox 715 4786 775 4828; x_wconf 86' lang='lat' dir='ltr'><strong>van</strong></span> <span class='ocrx_word' id='word_1_416' title='bbox 791 4764 894 4829; x_wconf 80' lang='lat' dir='ltr'><strong>Senta</strong></span> <span class='ocrx_word' id='word_1_417' title='bbox 909 4767 1024 4830; x_wconf 84' lang='lat' dir='ltr'><strong>Maria</strong></span> <span class='ocrx_word' id='word_1_418' title='bbox 1044 4763 1080 4830; x_wconf 84' lang='lat' dir='ltr'><strong>a&#39;n</strong></span> <span class='ocrx_word' id='word_1_419' title='bbox 1110 4764 1239 4849; x_wconf 82' lang='lat' dir='ltr'><strong>Organa</strong></span> <span class='ocrx_word' id='word_1_420' title='bbox 1262 4788 1372 4850; x_wconf 81' lang='lat' dir='ltr'><strong>wegen</strong></span> <span class='ocrx_word' id='word_1_421' title='bbox 1394 4767 1486 4833; x_wconf 78' lang='lat' dir='ltr'><strong>ihrer</strong></span> <span class='ocrx_word' id='word_1_422' title='bbox 1501 4765 1750 4832; x_wconf 82' lang='lat' dir='ltr'><strong>Klm&#39;kerwahl.</strong></span> 
     </span>
    </p>
   </div>
   <div class='ocr_carea' id='block_1_14' title="bbox 664 4880 1173 4950">
    <p class='ocr_par' dir='ltr' id='par_1_14' title="bbox 664 4880 1173 4950">
     <span class='ocr_line' id='line_1_43' title="bbox 664 4880 1173 4950; baseline -0.002 -5"><span class='ocrx_word' id='word_1_423' title='bbox 664 4883 748 4945; x_wconf 77' lang='lat'><strong><em>1184</em></strong></span> <span class='ocrx_word' id='word_1_424' title='bbox 764 4880 940 4946; x_wconf 81' lang='lat' dir='ltr'><strong>December</strong></span> <span class='ocrx_word' id='word_1_425' title='bbox 953 4885 1004 4950; x_wconf 86' lang='lat'><strong>31.</strong></span> <span class='ocrx_word' id='word_1_426' title='bbox 1044 4880 1173 4946; x_wconf 85' lang='lat' dir='ltr'><strong>Verona.</strong></span> 
     </span>
    </p>
   </div>
   <div class='ocr_carea' id='block_1_15' title="bbox 80 4995 1752 5352">
    <p class='ocr_par' dir='ltr' id='par_1_15' title="bbox 80 4995 1752 5352">
     <span class='ocr_line' id='line_1_44' title="bbox 167 4995 1752 5081; baseline 0.001 -19"><span class='ocrx_word' id='word_1_427' title='bbox 167 5005 175 5015; x_wconf 87' lang='lat'>&#39;</span> <span class='ocrx_word' id='word_1_428' title='bbox 241 4995 375 5062; x_wconf 78' lang='lat' dir='ltr'><strong>LUCIUS</strong></span> <span class='ocrx_word' id='word_1_429' title='bbox 405 4998 595 5081; x_wconf 91' lang='lat' dir='ltr'><strong>episcopus,</strong></span> <span class='ocrx_word' id='word_1_430' title='bbox 627 5018 739 5062; x_wconf 88' lang='lat' dir='ltr'><strong>servus</strong></span> <span class='ocrx_word' id='word_1_431' title='bbox 769 5017 937 5062; x_wconf 88' lang='lat' dir='ltr'><strong>servorum</strong></span> <span class='ocrx_word' id='word_1_432' title='bbox 969 5000 1038 5074; x_wconf 91' lang='lat' dir='ltr'><strong>dei,</strong></span> <span class='ocrx_word' id='word_1_433' title='bbox 1069 4997 1194 5062; x_wconf 90' lang='lat' dir='ltr'><strong>dilectis</strong></span> <span class='ocrx_word' id='word_1_434' title='bbox 1225 4997 1315 5073; x_wconf 89' lang='lat' dir='ltr'><strong>filiis,</strong></span> <span class='ocrx_word' id='word_1_435' title='bbox 1345 4995 1480 5062; x_wconf 86' lang='lat' dir='ltr'><strong>Iohanni</strong></span> <span class='ocrx_word' id='word_1_436' title='bbox 1513 4997 1695 5081; x_wconf 90' lang='lat' dir='ltr'><strong>presbitero</strong></span> <span class='ocrx_word' id='word_1_437' title='bbox 1718 5006 1752 5063; x_wconf 91' lang='lat' dir='ltr'><strong>et</strong></span> 
     </span>
     <span class='ocr_line' id='line_1_45' title="bbox 80 5082 1752 5171; baseline -0.001 -18"><span class='ocrx_word' id='word_1_438' title='bbox 80 5089 209 5153; x_wconf 92' lang='lat' dir='ltr'><strong>clericis</strong></span> <span class='ocrx_word' id='word_1_439' title='bbox 232 5095 345 5152; x_wconf 87' lang='lat' dir='ltr'><strong>sancte</strong></span> <span class='ocrx_word' id='word_1_440' title='bbox 369 5088 471 5152; x_wconf 87' lang='lat' dir='ltr'><strong>Marie</strong></span> <span class='ocrx_word' id='word_1_441' title='bbox 493 5086 650 5168; x_wconf 89' lang='lat' dir='ltr'><strong>Antique,</strong></span> <span class='ocrx_word' id='word_1_442' title='bbox 673 5087 811 5151; x_wconf 89' lang='lat' dir='ltr'><strong>salutem</strong></span> <span class='ocrx_word' id='word_1_443' title='bbox 836 5097 869 5150; x_wconf 92' lang='lat' dir='ltr'><strong>et</strong></span> <span class='ocrx_word' id='word_1_444' title='bbox 891 5087 1107 5170; x_wconf 89' lang='lat' dir='ltr'><strong>apostolicam</strong></span> <span class='ocrx_word' id='word_1_445' title='bbox 1130 5088 1405 5151; x_wconf 89' lang='lat' dir='ltr'><strong>benedictionem.</strong></span> <span class='ocrx_word' id='word_1_446' title='bbox 1426 5082 1431 5171; x_wconf 88' lang='grc' dir='ltr'>Ι</span> <span class='ocrx_word' id='word_1_447' title='bbox 1452 5085 1534 5150; x_wconf 91' lang='lat' dir='ltr'><strong>Cum</strong></span> <span class='ocrx_word' id='word_1_448' title='bbox 1558 5107 1663 5164; x_wconf 85' lang='lat' dir='ltr'><strong>causa,</strong></span> <span class='ocrx_word' id='word_1_449' title='bbox 1687 5107 1752 5171; x_wconf 90' lang='lat' dir='ltr'><strong>que</strong></span> 
     </span>
     <span class='ocr_line' id='line_1_46' title="bbox 80 5174 1752 5260; baseline -0.001 -19"><span class='ocrx_word' id='word_1_450' title='bbox 80 5179 247 5242; x_wconf 91' lang='lat' dir='ltr'><strong>intervos</strong></span> <span class='ocrx_word' id='word_1_451' title='bbox 270 5184 304 5240; x_wconf 92' lang='lat' dir='ltr'><strong>et</strong></span> <span class='ocrx_word' id='word_1_452' title='bbox 327 5176 480 5240; x_wconf 86' lang='lat' dir='ltr'><strong>dilectum</strong></span> <span class='ocrx_word' id='word_1_453' title='bbox 503 5176 602 5240; x_wconf 87' lang='lat' dir='ltr'><strong>filium</strong></span> <span class='ocrx_word' id='word_1_454' title='bbox 627 5185 783 5252; x_wconf 87' lang='lat' dir='ltr'><strong>nostrum,</strong></span> <span class='ocrx_word' id='word_1_455' title='bbox 806 5176 959 5239; x_wconf 91' lang='lat' dir='ltr'><strong>abbatem</strong></span> <span class='ocrx_word' id='word_1_456' title='bbox 983 5187 1096 5241; x_wconf 87' lang='lat' dir='ltr'><strong>sancte</strong></span> <span class='ocrx_word' id='word_1_457' title='bbox 1115 5177 1220 5240; x_wconf 89' lang='lat' dir='ltr'><strong>Marie</strong></span> <span class='ocrx_word' id='word_1_458' title='bbox 1242 5178 1274 5239; x_wconf 89' lang='lat' dir='ltr'><strong>in</strong></span> <span class='ocrx_word' id='word_1_459' title='bbox 1298 5174 1447 5259; x_wconf 86' lang='lat' dir='ltr'><strong>Organis,</strong></span> <span class='ocrx_word' id='word_1_460' title='bbox 1471 5197 1570 5260; x_wconf 91' lang='lat' dir='ltr'><strong>super</strong></span> <span class='ocrx_word' id='word_1_461' title='bbox 1592 5177 1752 5240; x_wconf 86' lang='lat' dir='ltr'><strong>electione</strong></span> 
     </span>
     <span class='ocr_line' id='line_1_47' title="bbox 80 5263 1751 5352; baseline -0.001 -22"><span class='ocrx_word' id='word_1_462' title='bbox 80 5267 258 5351; x_wconf 89' lang='lat' dir='ltr'><strong>presbiteri</strong></span> <span class='ocrx_word' id='word_1_463' title='bbox 281 5274 314 5331; x_wconf 90' lang='lat' dir='ltr'><strong>et</strong></span> <span class='ocrx_word' id='word_1_464' title='bbox 342 5265 532 5330; x_wconf 90' lang='lat' dir='ltr'><strong>clericorum</strong></span> <span class='ocrx_word' id='word_1_465' title='bbox 553 5263 558 5352; x_wconf 82' lang='grc' dir='ltr'>Ι</span> <span class='ocrx_word' id='word_1_466' title='bbox 579 5265 717 5330; x_wconf 87' lang='lat' dir='ltr'><strong>ecclesie</strong></span> <span class='ocrx_word' id='word_1_467' title='bbox 739 5274 862 5342; x_wconf 89' lang='lat' dir='ltr'><strong>vestre,</strong></span> <span class='ocrx_word' id='word_1_468' title='bbox 893 5286 991 5348; x_wconf 89' lang='lat' dir='ltr'><strong>quam</strong></span> <span class='ocrx_word' id='word_1_469' title='bbox 1021 5268 1109 5330; x_wconf 89' lang='lat' dir='ltr'><strong>idem</strong></span> <span class='ocrx_word' id='word_1_470' title='bbox 1140 5266 1244 5330; x_wconf 88' lang='lat' dir='ltr'><strong>abbas</strong></span> <span class='ocrx_word' id='word_1_471' title='bbox 1276 5266 1318 5329; x_wconf 90' lang='lat' dir='ltr'><strong>ad</strong></span> <span class='ocrx_word' id='word_1_472' title='bbox 1348 5285 1384 5328; x_wconf 88' lang='lat' dir='ltr'><strong>sc</strong></span> <span class='ocrx_word' id='word_1_473' title='bbox 1416 5268 1580 5349; x_wconf 89' lang='lat' dir='ltr'><strong>pertinere</strong></span> <span class='ocrx_word' id='word_1_474' title='bbox 1611 5266 1751 5343; x_wconf 87' lang='lat' dir='ltr'><strong>dicebat,</strong></span> 
     </span>
    </p>
   </div>
   <div class='ocr_carea' id='block_1_16' title="bbox 81 5527 1757 5812">
    <p class='ocr_par' dir='ltr' id='par_1_16' title="bbox 81 5527 1757 5812">
     <span class='ocr_line' id='line_1_48' title="bbox 247 5527 1752 5596; baseline 0 -16"><span class='ocrx_word' id='word_1_475' title='bbox 247 5535 273 5596; x_wconf 84' lang='lat'><strong>1)</strong></span> <span class='ocrx_word' id='word_1_476' title='bbox 296 5531 374 5596; x_wconf 75' lang='lat' dir='ltr'><strong>Vergl.</strong></span> <span class='ocrx_word' id='word_1_477' title='bbox 393 5531 431 5580; x_wconf 83' lang='lat' dir='ltr'><strong>die</strong></span> <span class='ocrx_word' id='word_1_478' title='bbox 452 5530 569 5581; x_wconf 77' lang='lat' dir='ltr'><strong>Urkunde</strong></span> <span class='ocrx_word' id='word_1_479' title='bbox 585 5545 640 5580; x_wconf 83' lang='lat' dir='ltr'><strong>vom</strong></span> <span class='ocrx_word' id='word_1_480' title='bbox 659 5533 690 5580; x_wconf 76' lang='lat'><strong>12</strong></span> <span class='ocrx_word' id='word_1_481' title='bbox 710 5528 841 5593; x_wconf 82' lang='lat' dir='ltr'><strong>September</strong></span> <span class='ocrx_word' id='word_1_482' title='bbox 859 5530 1030 5580; x_wconf 74' lang='grc'><em>1181-1185</em></span> <span class='ocrx_word' id='word_1_483' title='bbox 1045 5528 1102 5580; x_wconf 78' lang='lat' dir='ltr'><strong>und</strong></span> <span class='ocrx_word' id='word_1_484' title='bbox 1115 5527 1152 5578; x_wconf 83' lang='lat' dir='ltr'><strong>die</strong></span> <span class='ocrx_word' id='word_1_485' title='bbox 1168 5529 1285 5596; x_wconf 60' lang='lat' dir='ltr'><strong>folemde</strong></span> <span class='ocrx_word' id='word_1_486' title='bbox 1306 5529 1430 5580; x_wconf 74' lang='lat' dir='ltr'><strong>Urkrmde.</strong></span> <span class='ocrx_word' id='word_1_487' title='bbox 1503 5531 1530 5590; x_wconf 77' lang='lat'><strong>2)</strong></span> <span class='ocrx_word' id='word_1_488' title='bbox 1549 5531 1618 5591; x_wconf 84' lang='lat' dir='ltr'><strong>Sora,</strong></span> <span class='ocrx_word' id='word_1_489' title='bbox 1641 5529 1752 5581; x_wconf 77' lang='lat' dir='ltr'><strong>Circmd.</strong></span> 
     </span>
     <span class='ocr_line' id='line_1_49' title="bbox 82 5600 1757 5668; baseline -0.001 -14"><span class='ocrx_word' id='word_1_490' title='bbox 82 5603 146 5654; x_wconf 76' lang='lat' dir='ltr'><strong>della</strong></span> <span class='ocrx_word' id='word_1_491' title='bbox 160 5610 233 5668; x_wconf 77' lang='lat' dir='ltr'><strong>pror.</strong></span> <span class='ocrx_word' id='word_1_492' title='bbox 251 5603 279 5652; x_wconf 82' lang='lat' dir='ltr'><strong>di</strong></span> <span class='ocrx_word' id='word_1_493' title='bbox 298 5602 375 5652; x_wconf 83' lang='lat' dir='ltr'><strong>Terra</strong></span> <span class='ocrx_word' id='word_1_494' title='bbox 393 5601 420 5650; x_wconf 82' lang='lat' dir='ltr'><strong>di</strong></span> <span class='ocrx_word' id='word_1_495' title='bbox 436 5603 539 5663; x_wconf 75' lang='lat' dir='ltr'><strong>Lauare,</strong></span> <span class='ocrx_word' id='word_1_496' title='bbox 558 5601 767 5666; x_wconf 69' lang='lat' dir='ltr'><strong>nelNapoaeane</strong></span> <span class='ocrx_word' id='word_1_497' title='bbox 783 5600 911 5650; x_wconf 79' lang='lat' dir='ltr'><strong>Stadtvan</strong></span> <span class='ocrx_word' id='word_1_498' title='bbox 923 5617 943 5650; x_wconf 91' lang='lat' dir='ltr'><strong>c.</strong></span> <span class='ocrx_word' id='word_1_499' title='bbox 959 5603 1055 5661; x_wconf 82' lang='lat'><strong>13,000</strong></span> <span class='ocrx_word' id='word_1_500' title='bbox 1065 5601 1237 5652; x_wconf 74' lang='lat' dir='ltr'><strong>Erirwohnern.</strong></span> <span class='ocrx_word' id='word_1_501' title='bbox 1313 5605 1340 5666; x_wconf 84' lang='lat'><strong>3)</strong></span> <span class='ocrx_word' id='word_1_502' title='bbox 1357 5601 1432 5668; x_wconf 84' lang='lat' dir='ltr'><strong>Hugr</strong></span> <span class='ocrx_word' id='word_1_503' title='bbox 1442 5601 1507 5651; x_wconf 85' lang='lat' dir='ltr'><strong>della</strong></span> <span class='ocrx_word' id='word_1_504' title='bbox 1523 5601 1599 5663; x_wconf 70' lang='lat' dir='ltr'><strong>Vella,</strong></span> <span class='ocrx_word' id='word_1_505' title='bbox 1612 5601 1757 5667; x_wconf 72' lang='lat' dir='ltr'><strong>Ende&#39;srhof</strong></span> 
     </span>
     <span class='ocr_line' id='line_1_50' title="bbox 81 5667 1751 5739; baseline -0.002 -15"><span class='ocrx_word' id='word_1_506' title='bbox 81 5689 129 5724; x_wconf 78' lang='lat' dir='ltr'><strong>m</strong></span> <span class='ocrx_word' id='word_1_507' title='bbox 145 5673 240 5734; x_wconf 71' lang='lat' dir='ltr'><strong>Gaura,</strong></span> <span class='ocrx_word' id='word_1_508' title='bbox 255 5673 429 5725; x_wconf 80' lang='grc'><em>1163-1188.</em></span> <span class='ocrx_word' id='word_1_509' title='bbox 520 5677 548 5739; x_wconf 81' lang='grc'><strong>4)</strong></span> <span class='ocrx_word' id='word_1_510' title='bbox 568 5673 643 5733; x_wconf 82' lang='lat' dir='ltr'><strong>Peter,</strong></span> <span class='ocrx_word' id='word_1_511' title='bbox 663 5667 766 5737; x_wconf 79' lang='lat' dir='ltr'><strong>Br&#39;sclres</strong></span> <span class='ocrx_word' id='word_1_512' title='bbox 778 5687 826 5722; x_wconf 83' lang='lat' dir='ltr'><strong>von</strong></span> <span class='ocrx_word' id='word_1_513' title='bbox 839 5672 1057 5739; x_wconf 68' lang='lat' dir='ltr'><strong>Licuit-Sarrana),</strong></span> <span class='ocrx_word' id='word_1_514' title='bbox 1071 5675 1248 5728; x_wconf 80' lang='lat' dir='ltr'><strong>nau-1190.</strong></span> <span class='ocrx_word' id='word_1_515' title='bbox 1340 5675 1365 5739; x_wconf 82' lang='grc'><strong>5)</strong></span> <span class='ocrx_word' id='word_1_516' title='bbox 1390 5673 1467 5738; x_wconf 82' lang='lat' dir='ltr'><strong>Vergl.</strong></span> <span class='ocrx_word' id='word_1_517' title='bbox 1496 5672 1564 5725; x_wconf 71' lang='lat' dir='ltr'><strong>Patr.</strong></span> <span class='ocrx_word' id='word_1_518' title='bbox 1589 5674 1657 5726; x_wconf 79' lang='lat' dir='ltr'><strong>He&#39;st.</strong></span> <span class='ocrx_word' id='word_1_519' title='bbox 1683 5672 1751 5724; x_wconf 80' lang='lat' dir='ltr'><strong>Man.</strong></span> 
     </span>
     <span class='ocr_line' id='line_1_51' title="bbox 85 5743 856 5812; baseline -0.003 -15"><span class='ocrx_word' id='word_1_520' title='bbox 85 5747 171 5800; x_wconf 67' lang='lat' dir='ltr'><strong>Cim.</strong></span> <span class='ocrx_word' id='word_1_521' title='bbox 189 5747 258 5811; x_wconf 81' lang='lat' dir='ltr'><strong>Hp.</strong></span> <span class='ocrx_word' id='word_1_522' title='bbox 279 5747 354 5795; x_wconf 77' lang='grc'><em>1157.</em></span> <span class='ocrx_word' id='word_1_523' title='bbox 426 5746 453 5812; x_wconf 87' lang='grc'><strong>6)</strong></span> <span class='ocrx_word' id='word_1_524' title='bbox 479 5745 558 5812; x_wconf 77' lang='lat' dir='ltr'><strong>Vergl.</strong></span> <span class='ocrx_word' id='word_1_525' title='bbox 576 5743 614 5795; x_wconf 82' lang='lat' dir='ltr'><strong>die</strong></span> <span class='ocrx_word' id='word_1_526' title='bbox 630 5745 712 5809; x_wconf 54' lang='lat' dir='ltr'><strong>vomite</strong></span> <span class='ocrx_word' id='word_1_527' title='bbox 733 5743 856 5795; x_wconf 73' lang='lat' dir='ltr'><strong>Urhmde.</strong></span> 
     </span>
    </p>
   </div>
   <div class='ocr_carea' id='block_1_17' title="bbox 136 5837 1546 5894">
    <p class='ocr_par' dir='ltr' id='par_1_17' title="bbox 136 5837 1546 5894">
     <span class='ocr_line' id='line_1_52' title="bbox 136 5837 1546 5894; baseline -0.01 -6"><span class='ocrx_word' id='word_1_528' title='bbox 136 5856 158 5888; x_wconf 78' lang='lat' dir='ltr'><strong>v.</strong></span> <span class='ocrx_word' id='word_1_529' title='bbox 173 5841 452 5894; x_wconf 49' lang='lat' dir='ltr'><strong>Priuer-nntium</strong></span> <span class='ocrx_word' id='word_1_530' title='bbox 469 5841 541 5894; x_wconf 72' lang='lat' dir='ltr'><strong>Aeta,</strong></span> <span class='ocrx_word' id='word_1_531' title='bbox 556 5841 599 5884; x_wconf 83' lang='lat'>111.</span> <span class='ocrx_word' id='word_1_532' title='bbox 1510 5837 1546 5886; x_wconf 87' lang='lat'><strong>40</strong></span> 
     </span>
    </p>
   </div>
   <div class='ocr_carea' id='block_1_18' title="bbox 0 0 2079 6356">
    <p class='ocr_par' dir='ltr' id='par_1_18' title="bbox 0 0 2079 6356">
     <span class='ocr_line' id='line_1_53' title="bbox 0 0 2079 6356; baseline 0 0"><span class='ocrx_word' id='word_1_533' title='bbox 0 0 2079 6356; x_wconf 95' lang='lat' dir='ltr'><strong> </strong></span> 
     </span>
    </p>
   </div>
  </div>
 </body>
</html>
