4126 6356
1684 355 1745 425 Ῑ75

83 539 112 601 in
135 539 204 601 eius
227 535 331 599 fuistis
354 533 518 616 presentia
541 534 715 614 prosecuti.
761 533 835 614 lpse
859 525 947 616 [vero
956 525 981 616 l]
1006 531 1110 593 noluit
1136 531 1177 594 de
1202 530 1423 613 appellatione
1454 549 1661 614 cognoscere,
1690 534 1749 596 sed

82 628 218 691 eandem
242 645 373 688 causam
397 623 439 685 ad
463 618 769 707 arch[iepisco]pum
792 622 933 684 eundem
957 621 1079 682 remisit
1098 619 1131 705 ¹).
1178 620 1242 701 Qui
1267 621 1417 682 nimirum
1448 621 1490 683 ab
1518 641 1557 684 ea
1579 624 1748 699 sententia,

83 736 177 799 quam
201 715 390 797 protulerat,
422 732 488 774 non
520 713 660 787 recessit,
692 712 779 774 unde
811 709 1024 792 postmodum
1057 729 1129 772 eam
1160 710 1247 772 idem
1278 720 1465 771 antecessor
1492 721 1603 774 noster
1625 722 1658 775 et
1680 733 1750 775 suc·

83 825 224 868 cessores
247 805 325 878 eius,
357 801 577 864 CELESTINUS
596 799 619 885 ¹)
643 811 676 863 et
698 802 830 863 LUCIUS
849 799 881 883 ¹),
913 799 1137 862 Romanorum
1161 798 1341 879 pontifices,
1375 797 1613 864 confirmarunt.
1658 803 1750 865 Post·

83 895 215 958 modum
237 913 317 955 vero
340 887 466 976 [ilelicis
490 891 647 952 memorie
678 911 767 972 papa
789 890 982 963 EUGENIUS,
1016 899 1202 950 antecessor
1232 897 1343 950 noster
1374 897 1408 949 et
1430 909 1597 952 successor
1627 911 1748 966 eorum,

83 985 134 1065 qui
157 983 201 1046 ab
233 981 456 1045 adolescentia
487 980 520 1040 in
551 980 667 1042 eadem
700 979 837 1041 ecclesia
869 985 1078 1040 conversatus
1110 997 1240 1040 causam
1272 976 1400 1058 plenius
1430 989 1580 1055 noverat,
1622 991 1749 1062 partem

82 1083 219 1136 vestram
234 1065 429 1156 gra[va]tam
445 1067 637 1149 intelligens,
654 1068 794 1130 eandem
810 1087 941 1130 causam
958 1067 999 1128 ad
1016 1068 1286 1147 conquestionem
1298 1075 1440 1129 vestram
1451 1067 1553 1132 voluit
1569 1078 1750 1134 retractare.

81 1160 352 1224 Dissuadentibus
376 1169 485 1220 autem
510 1157 661 1220 fratribus
685 1167 717 1220 et
740 1158 862 1219 abbate
886 1156 1000 1219 iuditio
1024 1165 1109 1218 stare
1133 1156 1273 1230 nolente,
1304 1155 1516 1219 dividendum
1537 1159 1646 1239 potius
1667 1159 1751 1222 inter

81 1271 137 1314 vos
152 1271 212 1333 per
228 1249 381 1323 medium,
399 1247 489 1328 quod
505 1248 538 1308 in
554 1247 801 1309 contentionem
818 1246 1001 1321 devenerat,
1019 1264 1117 1325 quam
1133 1239 1317 1329 sententile]
1337 1241 1364 1329 a)
1380 1245 1496 1326 prelati
1513 1247 1749 1330 archiepiscopi

81 1353 138 1422 per
159 1339 356 1402 iuditiariam
379 1337 575 1399 sententiam
599 1336 800 1398 obviandum
817 1335 923 1416 elegit,
948 1329 1200 1418 atque[v]01ens
1221 1334 1349 1397 utilitati
1366 1336 1551 1398 monasterii
1568 1338 1749 1417 providere,

81 1431 111 1491 in
134 1429 215 1491 duas
240 1438 349 1510 partes
373 1445 441 1489 rem
465 1425 627 1506 litigosam
645 1445 705 1506 pro
721 1425 812 1506 pacis
828 1425 919 1486 bono
937 1423 1094 1508 divisit),
1121 1443 1219 1504 quam
1235 1433 1312 1505 post
1328 1433 1458 1506 tempus
1474 1425 1542 1487 eius
1557 1426 1750 1489 divisionem

80 1519 292 1600 predecessor
315 1525 426 1578 noster
448 1535 536 1596 papa
551 1513 775 1576 ANASTASIUS
796 1511 818 1598 l)
842 1513 1054 1575 confirmavit.
1100 1512 1344 1594 Subsequenter
1362 1510 1390 1596 b)
1414 1523 1523 1576 autern
1546 1517 1750 1597 temporibus

81 1608 195 1669 nostris
220 1606 350 1687 prelato
375 1603 496 1666 abbate
519 1624 618 1684 super
640 1605 756 1666 eadem
784 1603 874 1666 rein
898 1602 1064 1664 audientia
1087 1598 1244 1686 nostrae)
1268 1601 1456 1684 deponente
1487 1604 1651 1684 querelam
1675 1614 1708 1667 et
1731 1627 1751 1668 a

80 1697 228 1778 predicto
259 1694 491 1777 predecessore
511 1691 540 1776 d)
563 1713 651 1774 pape
674 1692 840 1755 EUGENIO
864 1712 899 1754 se
930 1700 1135 1753 asseverante
1158 1702 1328 1772 gravatum
1357 1701 1390 1754 et
1421 1691 1517 1755 vobis
1541 1714 1559 1755 e
1587 1695 1750 1758 contrario

80 1794 204 1868 partem
229 1795 370 1847 vestram
394 1782 632 1844 affirmantibus
656 1791 864 1863 aggravatam
898 1791 931 1843 et
962 1800 1030 1842 rem
1060 1780 1175 1842 iuditio
1205 1781 1446 1862 postulantibus
1478 1781 1618 1858 diffiniri,
1642 1803 1702 1846 nos
1723 1781 1750 1867 e)

80 1893 205 1937 causam
226 1875 332 1955 ipsam
348 1872 389 1935 de
406 1871 554 1953 predicta
569 1881 670 1952 parte,
696 1890 793 1952 quam
810 1868 961 1932 monachi
978 1870 1136 1932 tenebant
1152 1879 1184 1932 et
1198 1890 1258 1932 vos
1274 1869 1445 1951 petebatis,
1461 1872 1702 1935 venerabilibus
1721 1873 1750 1952 f)

81 1963 230 2026 fratribus
270 1961 389 2024 nostris
426 1955 603 2043 .R(anerio)
636 1959 771 2022 Senensi
804 1970 836 2022 et
868 1955 1061 2042 .G(regorio)
1102 1959 1237 2020 Lucano
1277 1959 1441 2040 episcopis
1470 1957 1495 2043 ³)
1529 1963 1751 2024 commisimus

80 2046 351 2136 terminand[a]m.
398 2049 472 2130 Qui,
497 2049 728 2111 couvenientes
753 2050 784 2110 in
809 2069 917 2124 unum,
942 2059 1010 2110 tam
1033 2069 1102 2122 vos,
1127 2067 1224 2128 quam
1248 2049 1471 2128 supradictum
1495 2049 1651 2112 abbatem
1675 2061 1751 2114 ante

81 2161 167 2204 suam
192 2141 392 2222 presentiam
415 2149 645 2201 convocarunt.
691 2139 778 2200 Visis
802 2149 911 2200 autem
935 2138 1076 2218 partium
1100 2137 1320 2199 instrumentis
1349 2147 1381 2200 et
1412 2139 1549 2201 testibus
1580 2139 1752 2221 diligenter

82 2230 274 2294 examinatis
298 2239 396 2310 atque
427 2229 587 2308 susceptis
611 2239 644 2290 et
668 2227 799 2304 cunctis,
824 2247 888 2313 que
918 2227 959 2288 ad
984 2225 1193 2300 decisionem¹
1208 2221 1328 2311 ca[use]
1353 2228 1534 2290 necessaria
1556 2229 1752 2292 videbantur

82 2341 125 2394 ea,
148 2339 214 2400 qua
232 2319 385 2401 oportuit,
409 2316 588 2380 subtilitate
612 2317 771 2392 discussis,
796 2337 869 2380 cum
894 2316 1026 2378 tandem
1051 2316 1094 2378 ad
1117 2314 1412 2396 promulgationem
1435 2318 1594 2379 sententie
1616 2329 1750 2382 ventum

82 2419 170 2482 esset,
194 2409 229 2470 in
254 2408 363 2471 danda
385 2407 547 2469 sententia
570 2407 723 2468 unanime
738 2415 967 2468 convenerunt.
1006 2403 1178 2484 Quocirca,
1199 2415 1335 2486 utraque
1360 2415 1454 2485 parte
1478 2413 1590 2468 nostro
1609 2404 1639 2490 g)
1662 2418 1750 2489 post·

83 2499 214 2560 modum
249 2497 439 2578 conspectui
471 2505 674 2577 presentata,
714 2495 911 2558 discordiam
942 2495 1084 2556 iudicum
1116 2503 1149 2556 et
1181 2495 1295 2556 merita
1324 2495 1426 2556 totius
1457 2497 1677 2559 controversie
1709 2519 1752 2560 ex

84 2588 226 2669 ipsorum
256 2586 385 2667 scriptis
416 2595 449 2647 et
480 2586 621 2665 partium
653 2585 916 2648 attestationibus
947 2590 979 2646 et
1011 2583 1168 2647 relatione
1200 2584 1414 2664 cognovimus
1432 2580 1469 2668 h).
1516 2585 1615 2648 Unde
1643 2607 1704 2649 nos
1724 2585 1751 2671 i)

83 2677 220 2739 rationes
244 2675 320 2738 hinc
344 2675 420 2737 inde
442 2673 605 2737 subtiliter
626 2674 820 2756 indagantes
839 2671 876 2757 k),
907 2683 942 2735 ut
965 2673 1118 2754 expensis
1147 2673 1287 2753 partium
1311 2683 1344 2735 et
1367 2672 1534 2736 laboribus
1557 2687 1750 2756 parceretur,

82 2777 186 2847 partes
224 2765 266 2828 de
305 2759 570 2849 [com]positione
608 2763 758 2826 facienda
788 2762 973 2844 diligentius
1003 2763 1184 2824 curavimus
1214 2781 1403 2824 ammonere
1422 2760 1459 2847 ¹).
1515 2762 1580 2843 Qui
1614 2765 1751 2828 consilio

84 2851 334 2940 [am]monitioni
357 2863 467 2916 nostre
480 2851 516 2936 m)
541 2854 784 2933 acquiescentes
813 2863 846 2914 et
875 2851 1057 2914 voluntarie
1088 2850 1294 2914 discedentes
1325 2872 1344 2914 a
1375 2851 1439 2928 lite,
1472 2852 1571 2916 talem
1604 2853 1688 2916 inter
1717 2875 1752 2917 se

83 2945 335 3007 transactionem
358 2943 634 3023 concordiamque
658 2943 690 3004 in
714 2942 878 3023 presentia
901 2939 1058 3025 nostran)
1090 2951 1123 3003 et
1146 2940 1278 3003 fratrum
1302 2950 1501 3016 nostrorum,
1533 2942 1752 3007 mediantibus

85 3028 232 3118 d[ile]ctis
270 3031 343 3094 filiis
381 3032 513 3106 nostris,
549 3031 629 3094 Iulio
649 3029 677 3115 o)
714 3032 762 3093 tit.
802 3031 904 3093 sancti
936 3029 1097 3106 Marcelli,
1137 3030 1305 3092 Bernardo
1344 3031 1393 3093 tit.
1431 3032 1534 3093 sancti
1565 3030 1751 3108 Clementis,

84 3119 223 3185 Henrico
243 3119 273 3206 0)
303 3121 349 3185 tit
381 3131 568 3183 sanctorum
598 3117 695 3182 Nerei
728 3130 761 3182 et
783 3119 923 3183 Achillei
955 3130 987 3182 et
1019 3119 1164 3182 Iohanne
1183 3118 1212 3204 P)
1245 3120 1292 3182 tit.
1323 3129 1510 3182 sanctorum
1541 3120 1687 3184 Silvestri
1721 3132 1754 3186 et

85 3212 229 3288 Martini,
270 3211 458 3292 presbiteris
496 3210 730 3285 cardinalibus,
770 3209 922 3271 lecerunt.
979 3208 1061 3272 Cum
1093 3209 1180 3270 enim
1211 3216 1244 3271 et
1273 3229 1333 3272 vos
1365 3217 1470 3272 totam
1502 3209 1590 3272 illam
1623 3221 1752 3292 partem

83 3301 199 3376 tumuli,
225 3319 291 3381 que
307 3309 357 3363 est
372 3295 416 3383 (a)
433 3299 521 3362 fossa
536 3299 632 3361 Nova
648 3319 750 3380 usque
767 3299 809 3360 ad
828 3296 957 3360 Arnum
980 3309 1013 3360 et
1029 3319 1048 3360 a
1065 3298 1152 3360 fossa
1168 3297 1252 3361 Cutii
1277 3319 1381 3379 usque
1403 3299 1446 3361 ad
1463 3319 1560 3376 mare,
1587 3295 1750 3386 [vestralm

85 3409 150 3452 esse
172 3385 411 3474 [affirmaretis],
442 3399 475 3451 et
506 3389 657 3451 monachi
681 3409 699 3450 e
723 3388 885 3450 contrario
910 3397 1014 3450 totam
1038 3407 1129 3449 suam
1154 3407 1225 3450 esse
1243 3385 1273 3472 q)
1301 3388 1554 3465 contenderent,
1587 3390 1753 3453 intervos

85 3489 114 3541 et
136 3480 320 3561 predictum
360 3479 464 3540 sancti
494 3477 632 3540 Ruxorii
664 3477 820 3540 abbatem
851 3496 912 3557 pro
945 3497 981 3538 se
1012 3497 1050 3538 ac
1088 3476 1240 3539 fratribus
1281 3477 1382 3558 ipsius
1421 3474 1672 3564 concord[iter?]
1705 3490 1754 3543 est

85 3579 246 3644 statutum,
271 3562 328 3652 [ut]
351 3568 583 3630 monasterium
607 3567 710 3628 sancti
733 3566 869 3629 Ruxorii
893 3566 1053 3648 portionis
1077 3565 1169 3640 illius,
1194 3561 1316 3650 q[ue(?)]
1340 3568 1486 3648 superius
1517 3577 1567 3630 est
1590 3589 1753 3650 expressa,

86 3658 233 3721 videlicet
265 3675 285 3718 a
317 3656 405 3719 fossa
428 3657 524 3718 Nova
562 3675 664 3736 usque
696 3656 737 3717 ad
768 3655 895 3717 Arnum
926 3665 960 3717 et
990 3675 1009 3716 a
1040 3654 1128 3717 lossa
1159 3654 1243 3717 Cutii
1274 3673 1377 3734 usque
1416 3656 1459 3718 ad
1491 3676 1581 3720 mare
1611 3658 1753 3721 mediam

87 3757 218 3828 partem,
248 3746 281 3808 in
306 3766 371 3826 qua
394 3746 501 3828 ipsum
524 3745 756 3807 monasterium
780 3745 877 3806 situm
901 3754 958 3820 est,
992 3744 1059 3806 iure
1082 3744 1291 3824 proprietatis
1315 3745 1473 3820 obtineat,
1505 3766 1566 3827 pro
1590 3746 1654 3809 alia
1675 3768 1753 3810 vero

88 3837 270 3910 medietate,
294 3836 384 3898 cuius
399 3835 583 3916 proprietas
600 3835 641 3896 ad
657 3853 718 3896 vos
734 3829 907 3919 [perti]net,
933 3853 1032 3914 quam
1049 3832 1153 3895 abbas
1169 3843 1202 3895 et
1222 3833 1374 3895 monachi
1400 3854 1419 3896 a
1433 3834 1529 3897 vobis
1555 3837 1754 3918 accipientes

13 3927 14 3988 ᾗ
88 3934 338 4007 recognoscunt,
367 3925 482 4004 viginti
520 3923 615 3986 solidi
646 3921 803 3985 Lucensis
838 3931 970 3985 monete
1008 3931 1040 3984 et
1079 3942 1178 3984 unum
1211 3943 1339 3985 cereum
1372 3923 1507 3986 duarum
1538 3924 1691 3988 librarum
1722 3927 1753 3989 in

89 4015 307 4096 assumptione
338 4013 435 4076 beate
466 4011 585 4073 MARIE
616 4013 712 4075 vobis
743 4013 923 4092 vestrisque
953 4011 1194 4074 successoribus
1224 4011 1390 4074 annuatim
1424 4012 1611 4090 exsolvant,
1650 4025 1683 4077 et
1713 4015 1755 4078 de

89 4103 205 4184 reliqua
229 4113 332 4184 parte,
357 4123 420 4184 que
443 4111 492 4164 est
516 4123 534 4164 a
558 4103 646 4164 fossa
668 4101 791 4164 Salaria
814 4121 916 4182 usque
940 4100 982 4162 ad
1007 4101 1127 4163 fossam
1151 4101 1290 4174 Novam,
1321 4102 1442 4164 nullam
1473 4113 1588 4165 contra
1609 4124 1669 4167 vos
1700 4115 1755 4167 aut

88 4211 288 4256 successores
316 4203 443 4254 vestros
475 4201 629 4254 moveant
662 4191 793 4253 ulterius
829 4190 1041 4271 questionem.
1088 4188 1312 4253 Instrumentis
1344 4201 1454 4254 autem
1484 4193 1654 4270 omnibus,
1691 4214 1754 4280 que

90 4301 145 4362 pro
167 4282 322 4345 alterutra
339 4279 368 4366 r)
391 4291 485 4363 parte
508 4287 780 4362 comparaverunt
802 4280 852 4342 vel
877 4275 1095 4363 processu(m)
1125 4281 1282 4361 temporis
1306 4281 1552 4361 comparebunt,
1577 4302 1638 4363 pro
1662 4294 1755 4365 parte

90 4371 206 4435 scilicet
239 4371 476 4433 monachorum
506 4369 643 4433 Zenobii
660 4367 686 4453 ⁴)
717 4379 750 4431 et
777 4365 936 4452 Attoni(s)
954 4366 987 4453 ⁵),
1018 4369 1210 4431 Pisanorum
1235 4371 1402 4450 quondam
1434 4371 1683 4453 episcoporum,
1714 4373 1755 4435 de

90 4459 249 4524 locatione
273 4460 419 4524 .Gerardi
433 4479 512 4522 vero
529 4470 562 4522 et
577 4458 734 4534 Daiberti,
760 4459 801 4520 de
817 4459 995 4521 donatione
1018 4468 1052 4521 et
1073 4459 1234 4521 sententia
1252 4455 1281 4544 s)
1297 4459 1448 4522 Balduini
1465 4470 1563 4541 atque
1579 4463 1755 4543 privilegiis

91 4549 310 4612 Romanorum
333 4548 536 4632 pontificum,
561 4568 624 4633 que
648 4549 754 4629 ipsam
777 4547 973 4611 videbantur
995 4548 1190 4610 sententiam
1214 4548 1415 4623 confirmare,
1445 4571 1506 4632 pro
1529 4561 1623 4631 parte
1646 4563 1754 4614 autem

91 4650 192 4702 vestra
222 4641 447 4702 Romanorum
479 4640 713 4719 imperatorum
744 4647 778 4699 et
807 4656 919 4718 regum
943 4637 1075 4699 Henrici
1105 4637 1267 4712 videlicet,
1297 4638 1452 4715 Lottarii,
1484 4639 1624 4702 Conradi
1656 4649 1755 4722 atque

92 4729 251 4792 comitisse
274 4728 420 4790 Matildis
450 4738 483 4790 et
506 4729 594 4789 bone
618 4726 774 4789 memorie
799 4725 917 4789 Calixti
935 4723 959 4810 l)
990 4746 1078 4808 pape
1113 4726 1154 4788 de
1178 4726 1357 4789 donatione
1388 4739 1421 4790 et
1451 4727 1699 4793 confirmatione
1723 4741 1756 4793 et

93 4819 209 4881 cunctis
233 4817 313 4893 aliis,
338 4837 401 4903 que
424 4837 522 4898 super
545 4816 668 4878 eisdem
691 4815 840 4897 partibus
863 4814 986 4895 aliquid
1009 4836 1070 4896 pro
1094 4826 1186 4897 parte
1209 4826 1315 4879 vestra
1339 4838 1394 4880 seu
1418 4818 1663 4896 monachorum,
1688 4830 1755 4882 tam

94 4905 131 4968 de
151 4907 361 4989 proprietate,
394 4905 557 4987 quamde
588 4907 795 4986 possessione
828 4905 995 4967 continere
1024 4905 1182 4982 videntur,
1214 4916 1281 4968 tam
1304 4927 1372 4982 vos,
1404 4927 1503 4987 quam
1535 4909 1685 4972 monachi
1709 4910 1756 4973 sic

95 5033 206 5048 ⁵--—-·-.—.
213 5042 300 5048 ---
304 5041 461 5048 ——--—--.-—.-.-
468 5042 473 5046 .
482 5041 506 5046 .-

246 5102 272 5166 α)
292 5100 323 5149 So
341 5101 408 5150 Alae.
427 5099 474 5148 III
582 5101 609 5161 b)
628 5101 695 5149 Ala.
717 5099 773 5148 III:
796 5098 980 5164 Subsequenter
1005 5105 1086 5148 autem
1110 5101 1264 5165 temporibus
1282 5101 1387 5166 predicti
1406 5101 1510 5151 Adriani
1535 5103 1633 5166 prelato
1661 5103 1686 5166 (a
1709 5105 1761 5170 aus

94 5171 179 5231 Rana)
198 5172 290 5222 abbate
309 5187 381 5236 super
452 5185 476 5226 ct
496 5172 563 5221 Alae.
582 5171 639 5220 III:
656 5187 699 5220 sua
771 5171 798 5233 tl)
817 5172 883 5220 Alex.
903 5171 958 5220 III:
975 5170 1155 5236 predecessore
1173 5179 1259 5222 nostro
1332 5177 1356 5239 e)
1368 5173 1435 5237 fehlt
1451 5175 1477 5223 in
1494 5176 1562 5223 Alex.
1641 5176 1662 5238 l)
1682 5177 1757 5225 Alex:

96 5244 225 5293 venerabili
250 5245 325 5293 fratre
350 5249 435 5292 nostro
455 5243 493 5292 .R.
530 5242 635 5292 Senensi
659 5249 684 5292 et
711 5244 777 5292 bone
806 5242 970 5292 memorieG
996 5243 1123 5307 quondam
1150 5245 1252 5294 Lucano
1278 5246 1399 5310 episcopo
1427 5245 1607 5295 terminandam
1633 5247 1757 5297 commisit

95 5314 119 5378 g)
135 5317 208 5364 Ater:
225 5315 303 5380 ipsius
322 5315 423 5364 Adriani
531 5315 558 5370 h)
578 5316 652 5364 Alex:
670 5314 789 5380 cognovit
880 5315 897 5376 i)
919 5330 965 5364 nos
976 5315 1046 5379 fehlt
1062 5315 1087 5364 in
1105 5317 1173 5366 Alex.
1262 5317 1289 5369 kl
1308 5319 1385 5366 Alex:
1402 5319 1556 5382 investigans
1645 5319 1664 5386 l)
1682 5321 1758 5368 Alex:

96 5385 178 5436 studuit
196 5400 350 5437 ammonere.
387 5389 443 5451 Quo
463 5387 545 5451 utique
566 5423 572 5434 .
593 5424 599 5436 .
622 5423 627 5434 .
647 5402 689 5435 sun
778 5385 814 5446 m)
833 5387 907 5434 Alex:
933 5386 1044 5435 eiusdem
1067 5389 1233 5437 antecessoris
1251 5390 1330 5438 nostri
1348 5389 1451 5438 Adriani
1476 5395 1501 5438 et
1524 5389 1685 5440 cardinalium
1704 5405 1756 5440 me·

95 5455 209 5508 dantibus
231 5459 369 5508 venerabili
397 5460 471 5508 tratre
496 5464 581 5507 nostro
600 5457 752 5518 B(emardo)
776 5456 916 5524 Portn[ensi
944 5458 1074 5524 episcopo)
1101 5466 1157 5509 tunc
1183 5461 1316 5509 cardinalis
1335 5461 1371 5510 tit.
1390 5461 1469 5510 sancti
1488 5461 1625 5511 Clementis
1643 5470 1667 5512 et
1689 5463 1756 5512 bone

97 5531 270 5580 recordationis
289 5530 351 5579 lulio
370 5537 426 5580 tunc
445 5566 451 5578 .
472 5566 480 5580 .
500 5568 506 5580 .
526 5536 551 5578 et
569 5531 681 5580 ilenrico
753 5537 779 5594 n)
799 5544 814 5578 o
831 5531 884 5594 aus
895 5533 980 5579 lr'asur
1049 5539 1076 5592 ο)
1094 5531 1200 5580 hinlero
1213 5535 1297 5580 Rasw'
1367 5533 1394 5597 p)
1414 5549 1428 5582 e
1448 5533 1500 5597 arcs
1511 5535 1596 5582 Ramr
1666 5541 1693 5600 q)
1713 5536 1757 5584 das

97 5601 166 5650 merle
182 5617 197 5652 e
215 5603 267 5668 aus
280 5604 366 5650 Rmr
435 5609 457 5668 r)
477 5604 549 5651 Alex:
567 5603 599 5650 ab
617 5607 718 5665 utraque
790 5609 812 5666 s)
831 5603 961 5652 sententie.
980 5641 1031 5647 -.-
1050 5605 1086 5653 ,1)
1106 5603 1195 5652 Nirhts
1212 5605 1290 5652 dauon
1308 5601 1423 5653 erhalten.
1497 5605 1523 5666 2)
1548 5605 1624 5670 Vergl.
1644 5607 1681 5655 die
1696 5607 1757 5656 Urk.

97 5684 145 5719 rum
165 5677 196 5722 29
221 5675 325 5738 Janunr
343 5677 417 5722 1151.
527 5679 553 5737 3)
579 5671 654 5738 Vergl.
681 5673 717 5720 dic
739 5671 798 5720 trra,
823 5689 877 5721 vom
897 5675 1077 5724 sollenniter
1096 5678 1167 5723 1155.
1274 5681 1300 5736 4)
1322 5675 1450 5736 Zmohr'ur,
1469 5675 1614 5742 Enbiscbrff
1627 5694 1674 5727 vim
1690 5679 1755 5741 Pisa,

98 5745 238 5794 vau-95⁴.
311 5755 339 5809 5)
359 5745 451 5808 Azwl,
471 5745 615 5810 Erahrirlros
626 5761 673 5793 run
694 5743 763 5794 ntra.
786 5747 963 5796 rora-1031.
1036 5747 1063 5812 6)
1083 5746 1160 5794 lt'irh!
1176 5745 1290 5798 erhnIIen.
