4126 6356
318 305 378 389 138

313 498 480 579 Puzolingi
505 518 579 560 cum
602 497 759 579 cappellis
783 507 816 560 et
839 497 974 561 decimis
998 509 1031 562 et
1054 495 1257 581 pertinentiis
1272 498 1345 574 suis,
1370 494 1503 581 plebem
1526 497 1629 559 sancti
1646 490 1787 558 Zenonis
1804 491 1846 557 de
1861 493 1983 557 Rodel·

315 589 405 650 disco
430 607 503 648 curn
519 588 655 649 ecclesia
669 589 772 650 sancti
790 586 958 651 Michaelis
981 590 1044 650 sita
1066 591 1158 651 iuxta
1173 590 1343 651 Tartarum
1368 608 1442 649 cum
1459 587 1602 656 decimis,
1626 595 1659 647 et
1682 585 1854 646 ecclesiam
1878 584 1983 646 sancti

313 677 412 739 Firmi
437 677 469 738 in
493 677 610 738 eodem
635 677 795 739 territorio
820 679 962 758 positam
986 699 1060 741 cum
1084 679 1227 754 decimis,
1259 678 1429 740 ecclesiam
1451 676 1554 738 sancti
1578 674 1663 736 Petri
1687 675 1720 736 in
1744 672 1884 736 Tartaro
1907 695 1983 736 cum

315 766 457 840 decimis,
489 765 658 827 ecclesiam
681 767 783 828 sancti
808 767 921 828 Lazari
946 787 1019 828 cum
1043 768 1178 830 decimis
1202 777 1234 829 et
1263 777 1360 842 curte,
1392 765 1562 828 ecclesiam
1593 763 1696 826 sancti
1719 760 1917 846 Arnbr(osii)
1943 765 1984 826 de

315 854 419 918 Casali
437 854 503 916 alto
520 874 594 916 cum
609 855 811 934 pertinentiis
827 856 901 930 suis,
924 857 1057 936 plebem
1074 856 1115 918 de
1130 855 1271 936 Valegio
1287 875 1361 918 cum
1378 853 1512 935 capellis
1532 863 1565 915 et
1580 853 1723 927 decimis,
1748 853 1983 915 monasterium

314 954 426 1006 sancte
442 943 545 1028 Marie
562 944 652 1005 iuxta
668 943 837 1018 Mentium,
861 956 1020 1025 quantum
1044 946 1086 1007 ad
1110 947 1157 1008 ius
1174 955 1301 1027 spectat
1325 942 1536 1025 parrochiale,
1561 941 1693 1024 plebem
1717 941 1759 1002 de
1776 940 1884 1004 Ponto
1907 962 1984 1004 curn

314 1032 471 1114 cappellis
494 1043 527 1094 et
550 1032 685 1096 decimis
708 1043 741 1094 et
765 1044 861 1110 curte,
886 1034 1018 1114 plebem
1043 1034 1084 1096 de
1099 1035 1239 1097 Piscaria
1262 1054 1336 1096 cum
1357 1032 1514 1113 cappellis
1529 1043 1563 1094 et
1578 1031 1721 1105 decimis
1745 1030 1984 1110 piscationibus

314 1128 346 1183 et
378 1121 513 1183 dimidia
544 1130 647 1194 curte,
686 1120 820 1203 plebem
849 1124 952 1185 sancti
983 1123 1116 1210 Andree
1155 1143 1229 1186 cum
1260 1122 1434 1203 cappellis,
1475 1121 1610 1182 decimis
1642 1126 1675 1182 et
1705 1129 1809 1192 curte,
1848 1121 1983 1200 plebem

314 1209 503 1290 Gutholingi
528 1230 599 1272 cum
625 1209 757 1291 capellis
780 1221 813 1272 et
836 1211 985 1288 decimis,
1018 1213 1151 1294 plebem
1175 1213 1216 1280 de
1239 1210 1392 1274 Palazolo
1422 1230 1496 1273 curn
1520 1209 1668 1282 decimis,
1699 1207 1833 1288 plebem
1856 1229 1984 1272 summe

314 1299 493 1384 Campanie
516 1319 590 1361 cum
614 1299 772 1380 cappellis
795 1310 828 1362 et
851 1301 995 1373 decimis,
1019 1301 1152 1383 plebem
1176 1302 1216 1364 de
1233 1301 1375 1365 Greiano
1392 1319 1466 1362 curn
1482 1297 1649 1379 cappellis,
1675 1298 1810 1359 decimis
1826 1309 1860 1360 et
1884 1307 1983 1374 curte,

314 1389 446 1468 plebem
471 1389 511 1449 de
533 1387 618 1450 Vico
642 1387 745 1450 Attici
770 1409 844 1450 cum
867 1390 1001 1472 capellis
1024 1401 1057 1452 et
1086 1392 1230 1467 decimis,
1263 1389 1394 1472 plebem
1426 1389 1468 1450 de
1490 1387 1686 1450 Trevinzolo
1717 1405 1792 1448 cum
1824 1388 1985 1468 cappellis

313 1484 346 1538 et
370 1477 512 1552 decimis,
537 1476 669 1559 plebem
693 1477 734 1539 de
750 1477 917 1540 Bonelisio
941 1499 1016 1542 cum
1039 1481 1197 1563 cappellis
1220 1490 1253 1542 et
1269 1479 1413 1552 decimis,
1438 1477 1570 1558 plebem
1591 1477 1632 1538 de
1648 1474 1825 1552 Castellari,
1849 1476 1984 1558 plebem

314 1567 355 1628 de
372 1566 532 1628 Moratica
553 1586 627 1628 cum
650 1567 807 1647 cappellis
831 1578 864 1629 et
887 1568 1029 1644 decimis
1054 1570 1225 1633 ecclesiam
1248 1569 1351 1630 sancti
1367 1568 1451 1629 Petri
1473 1567 1505 1628 in
1522 1565 1721 1628 monasterio
1738 1585 1813 1626 cum
1837 1566 1985 1641 decimis,

313 1655 446 1737 plebem
479 1655 582 1717 sancti
613 1655 813 1718 Prosdocimi
845 1676 919 1718 cum
950 1658 1091 1739 capellis,
1124 1659 1260 1721 decimis
1288 1668 1321 1720 et
1352 1666 1441 1719 curte
1472 1675 1574 1736 usque
1606 1654 1648 1716 ad
1675 1663 1818 1716 veterem
1854 1655 1985 1717 alveum

313 1744 449 1819 Tartari,
479 1745 649 1806 ecclesiam
673 1744 765 1808 Gacii
790 1765 862 1806 cum
888 1746 1031 1824 decimis,
1062 1749 1234 1811 ecclesiam
1257 1745 1364 1809 Curtis
1388 1745 1475 1826 regie
1498 1763 1571 1807 cum
1597 1744 1731 1805 decimis
1755 1753 1787 1805 et
1811 1753 1910 1819 curte,
1936 1745 1985 1805 ius

313 1832 515 1915 parrochiale
540 1834 572 1894 in
596 1833 694 1913 plebe
719 1833 760 1895 de
783 1834 937 1915 Nogaria,
966 1837 1049 1898 sicut
1072 1857 1131 1918 per
1154 1836 1363 1900 concordiam
1389 1835 1472 1896 inter
1494 1843 1527 1896 te
1550 1843 1583 1896 et
1605 1832 1787 1907 Albertum,
1812 1833 1984 1895 Nonantu-

314 1924 422 1984 lanum
451 1922 616 1996 abbatem,
650 1923 681 1984 in
712 1925 876 2003 presentia
900 1933 1010 1987 nostra
1034 1925 1154 1989 factam
1178 1926 1392 1988 determinate
1415 1933 1571 1986 statutum
1595 1932 1645 1984 est
1667 1929 1701 1984 et
1723 1922 1845 2002 scripto
1870 1933 1984 1984 nostro

314 2011 485 2086 firmatum,
510 2031 583 2072 cum
613 2011 755 2086 decimis,
781 2032 861 2092 quas
885 2016 1042 2077 canonice
1065 2016 1215 2097 possides
1239 2016 1271 2076 in
1296 2014 1411 2076 eadem
1433 2012 1511 2074 villa
1534 2012 1575 2073 de
1598 2011 1744 2092 Nogaria
1767 2022 1801 2073 et
1825 2012 1856 2072 in
1882 2010 1985 2073 altera

312 2089 396 2172 villa]
421 2120 483 2184 que
507 2100 623 2162 dicitur
644 2099 782 2181 Aspum,
808 2102 977 2166 ecclesiam
994 2103 1196 2180 Casalavum,
1221 2103 1391 2166 ecclesiam
1414 2098 1571 2176 Salezole,
1595 2101 1766 2162 ecclesiam
1781 2101 1984 2186 Ravannane

314 2210 386 2252 curn
417 2190 564 2264 decimis,
604 2190 775 2252 ecclesiam
798 2191 983 2255 Vauferrari
1015 2214 1087 2255 cum
1120 2194 1272 2268 decimis,
1304 2191 1438 2274 plebem
1469 2190 1600 2253 Cerrete
1618 2187 1649 2271 a)
1680 2209 1754 2250 curn
1785 2189 1920 2270 capellis
1952 2200 1986 2251 et

314 2279 449 2342 decimis
472 2289 504 2340 et
528 2279 649 2340 familia
672 2289 706 2341 et
729 2280 884 2360 quicquid
909 2281 996 2345 aliud
1020 2283 1143 2345 ibidem
1167 2283 1249 2345 iuste
1273 2281 1432 2363 possides,
1457 2279 1589 2361 plebem
1605 2279 1729 2342 Liniaci
1747 2298 1821 2340 cum
1838 2277 1984 2358 capellis,

313 2368 448 2430 decimis
481 2378 514 2429 et
544 2378 632 2429 curte
662 2377 695 2430 et
725 2370 849 2430 cunctis
881 2373 1085 2451 pertinentiis
1114 2373 1195 2447 suis,
1235 2371 1369 2452 plebem
1398 2370 1611 2432 Portuensem
1650 2387 1724 2430 cum
1760 2367 1920 2448 cappellis
1951 2379 1984 2429 et

314 2458 448 2519 decimis
471 2467 503 2518 et
527 2467 615 2518 curte
639 2457 819 2538 ceterisque
842 2460 1044 2539 pertinentiis
1071 2463 1145 2537 suis,
1176 2471 1299 2523 curtem
1322 2459 1454 2521 Buvosii
1478 2478 1552 2520 cum
1583 2456 1742 2538 cappellis
1773 2467 1806 2518 et
1836 2456 1982 2530 decimis,

312 2546 444 2628 plebem
469 2545 571 2608 sancti
594 2545 735 2608 Zenonis
759 2567 832 2609 cum
857 2549 991 2630 capellis
1014 2560 1048 2612 et
1072 2550 1207 2614 decimis
1230 2559 1263 2612 et
1286 2559 1383 2624 curte,
1408 2547 1541 2629 plebem
1563 2545 1707 2626 Englarii
1732 2564 1806 2607 cum
1831 2546 1984 2627 cappella

313 2645 346 2698 et
369 2636 511 2708 decimis,
535 2645 568 2697 et
592 2635 747 2715 quicquid
772 2635 859 2698 aliud
884 2637 1006 2701 ibidem
1031 2641 1113 2702 iuste
1136 2639 1294 2722 possides,
1328 2647 1451 2700 curtem
1474 2635 1659 2716 Bonadigui
1682 2654 1756 2698 cum
1780 2635 1926 2697 ecclesiis
1951 2647 1983 2696 et

313 2725 456 2798 decimis,
481 2723 651 2786 ecclesiam
674 2724 818 2786 Turracii
842 2746 917 2788 cum
940 2729 1085 2804 decimis,
1113 2729 1284 2792 ecclesiam
1308 2727 1382 2789 Vile
1406 2745 1480 2789 cum
1504 2725 1647 2800 decimis,
1679 2724 1851 2787 ecclesiam
1875 2723 1982 2786 Cincti

312 2834 386 2876 cum
410 2813 553 2888 decimis,
585 2812 756 2876 ecclesiam
779 2814 876 2878 Lusie
900 2837 974 2878 curn
998 2817 1140 2894 decimis,
1173 2827 1296 2881 curtem
1319 2815 1492 2898 Ripeclare
1515 2833 1588 2877 cum
1619 2813 1719 2894 plebe
1750 2823 1783 2875 et
1813 2813 1982 2895 cappellis,

313 2903 447 2965 decimis
471 2911 503 2964 et
526 2900 655 2964 familiis
679 2904 859 2984 ceterisque
882 2906 947 2968 suis
978 2908 1190 2988 pertinentiis,
1222 2907 1356 2988 plebem
1380 2904 1534 2968 Coriliani
1565 2924 1638 2965 cum
1669 2903 1813 2976 decimis,
1846 2902 1983 2984 plebem

311 2992 407 3054 Bodo
420 2991 463 3053 ini
488 3010 562 3054 cum
584 2990 752 3072 cappellis,
783 2991 917 3057 decimis
947 3005 981 3058 et
1003 3007 1101 3072 curte,
1131 2995 1264 3078 plebem
1286 2994 1417 3057 Tumbe
1440 3013 1513 3056 cum
1537 2990 1696 3075 cappellis
1719 3002 1752 3054 et
1781 2991 1919 3054 decimis
1950 3001 1984 3054 et

312 3091 401 3144 curte
433 3081 614 3161 ceterisque
645 3081 710 3142 suis
740 3083 959 3162 pertinentiis,
998 3085 1108 3148 villam
1140 3085 1222 3171 Case
1254 3103 1339 3171 nove
1375 3104 1449 3146 cum
1480 3083 1569 3145 omni
1601 3082 1748 3143 districto
1782 3090 1815 3142 et
1845 3081 1982 3143 castello

311 3169 422 3244 veteri,
451 3169 582 3250 plebem
611 3169 652 3232 de
675 3171 791 3233 Runco
824 3193 898 3234 cum
932 3175 1089 3256 cappellis
1121 3185 1154 3238 et
1186 3175 1330 3249 decimis,
1362 3173 1493 3254 plebem
1518 3170 1628 3235 Gerbe
1661 3190 1734 3232 cum
1766 3171 1927 3251 cappellis
1951 3181 1984 3232 et

312 3259 455 3334 decimis,
486 3258 619 3339 plebem
642 3258 745 3321 insule
767 3259 947 3324 Porcaricie
971 3283 1043 3326 cum
1067 3263 1226 3347 cappellis
1257 3273 1290 3326 et
1320 3261 1455 3325 decimis
1486 3271 1519 3323 et
1548 3271 1644 3335 curte,
1668 3259 1801 3342 plebem
1825 3259 1983 3340 Opedani

312 3369 386 3411 cunr
410 3347 567 3428 cappellis
590 3357 623 3410 et
647 3347 790 3424 decimis,
814 3364 938 3413 curtem
962 3351 1085 3416 Scarde
1106 3354 1194 3439 varie
1218 3373 1292 3415 cum
1315 3351 1460 3414 ecclesiis
1483 3360 1516 3412 et
1540 3349 1683 3424 decimis,
1707 3347 1840 3429 plebem
1861 3347 1982 3411 Gebeti

312 3457 386 3500 cum
409 3436 567 3517 cappellis
590 3446 623 3499 et
646 3435 788 3512 decimis,
812 3441 945 3522 plebem
960 3441 1142 3505 Azanensis
1161 3463 1235 3505 cum
1259 3441 1416 3522 cappellis
1433 3449 1465 3501 et
1482 3439 1625 3514 decimis,
1650 3438 1783 3518 plebem
1800 3439 1842 3499 de
1857 3436 1982 3500 Suavio

312 3547 386 3589 cum
416 3525 574 3607 cappellis
604 3531 637 3588 et
668 3526 810 3603 decimis,
843 3529 996 3592 ecclesias
1029 3531 1070 3594 de
1093 3531 1208 3594 Porcili
1234 3550 1308 3592 curn
1339 3529 1483 3603 decimiS,
1513 3539 1546 3591 et
1570 3527 1726 3608 quicquid
1749 3526 1875 3588 ibidem
1898 3527 1984 3588 iuste

311 3615 469 3697 possides
494 3623 617 3676 curtem
633 3613 776 3678 Galderii
797 3639 869 3680 cum
894 3619 1038 3683 ecclesiis
1060 3631 1094 3682 et
1117 3621 1251 3683 decimis
1275 3627 1308 3682 et
1331 3619 1469 3692 familiis
1493 3628 1526 3680 et
1542 3615 1698 3698 quicquid
1722 3616 1796 3677 iuris
1820 3613 1926 3678 habes
1949 3615 1983 3676 in

311 3725 453 3779 nemore,
478 3704 567 3784 quod
590 3711 726 3767 vocatur
748 3700 918 3782 Sarmatia,
941 3718 973 3771 et
1003 3709 1035 3771 in
1059 3709 1145 3772 silvis
1168 3710 1237 3772 sitis
1261 3709 1352 3770 iuxta
1376 3707 1525 3770 Montem
1549 3705 1668 3768 sortem
1691 3712 1724 3766 et
1746 3705 1779 3767 in
1802 3705 1981 3766 Fuscalino

311 3815 384 3857 cum
409 3794 532 3856 cunctis
559 3794 762 3874 pertinentiis
793 3797 939 3860 eiusdem
970 3800 1075 3874 curtis,
1100 3798 1231 3879 plebem
1255 3796 1427 3860 Coloniole
1451 3815 1525 3858 cum
1548 3793 1705 3876 cappellis
1729 3804 1762 3856 et
1785 3793 1924 3857 decimis
1948 3807 1981 3856 et

311 3883 439 3945 familiis
472 3893 504 3944 et
528 3882 663 3944 dimidia
686 3895 790 3960 curte,
822 3885 954 3966 plebem
977 3887 1062 3949 Ilasii
1086 3907 1159 3949 cum
1184 3886 1342 3968 cappellis
1364 3896 1398 3948 et
1421 3884 1556 3948 decimis
1580 3895 1613 3946 et
1636 3882 1761 3946 familiis
1785 3893 1818 3946 et
1841 3883 1981 3946 dimidia

311 3982 409 4048 curte,
433 3979 556 4034 curtem
573 3970 735 4058 Calavene
754 3991 827 4036 cum
844 3975 942 4056 plebe
964 3985 998 4038 et
1020 3977 1177 4058 cappellis
1201 3986 1234 4039 et
1257 3975 1392 4038 decimis
1415 3981 1448 4037 et
1471 3973 1601 4036 familiis
1624 3982 1657 4034 et
1680 3971 1794 4034 ceteris
1816 3971 1884 4034 suis
1907 3993 1980 4054 per·

310 4062 462 4136 tinentiis,
493 4062 726 4124 monasterium
752 4065 854 4125 sancti
877 4064 962 4126 Petri
987 4066 1028 4128 de
1052 4065 1203 4141 Calvena,
1227 4064 1359 4146 plebem
1383 4063 1425 4126 de
1449 4063 1587 4126 Mezano
1612 4080 1686 4124 cum
1709 4059 1843 4141 capellis
1866 4071 1900 4124 et
1924 4063 1979 4124 de·

311 4152 402 4213 cimis
427 4159 459 4212 et
482 4149 615 4213 castello
640 4161 672 4213 et
696 4150 833 4228 familiis,
864 4153 1032 4217 dimidiam
1056 4162 1179 4218 curtem
1202 4154 1338 4216 Lavanii
1363 4172 1436 4215 cum
1460 4151 1605 4214 ecclesiis
1629 4159 1662 4212 et
1685 4151 1827 4226 decimis
1852 4161 1979 4214 curtem

311 4241 432 4302 montis
455 4237 556 4302 Aurei
580 4259 653 4300 cum
677 4239 775 4320 plebe
798 4253 831 4303 et
853 4242 1010 4323 cappellis
1034 4254 1067 4306 et
1090 4243 1225 4306 decimis
1255 4253 1289 4304 et
1320 4242 1472 4304 omnibus
1503 4241 1569 4304 suis
1599 4239 1812 4321 pertinentiis
1843 4239 1980 4321 plebem

311 4330 353 4391 de
377 4328 533 4392 Gretiana
555 4348 629 4390 cum
653 4329 809 4409 cappellis
832 4340 864 4393 et
887 4331 1021 4394 decimis
1044 4343 1078 4395 et
1101 4332 1239 4407 familiis,
1267 4339 1392 4394 curtem
1414 4329 1574 4411 Alzenagi
1598 4336 1631 4392 et
1656 4329 1825 4392 dimidiam
1848 4340 1979 4410 partem

310 4417 424 4498 Azagi‚
449 4416 582 4498 plebem
597 4415 772 4480 Albuciani
797 4439 869 4481 cum
894 4419 1028 4484 decimis
1052 4431 1085 4484 et
1108 4415 1265 4503 cappellis
1289 4431 1321 4484 et
1345 4421 1490 4483 districtu
1514 4419 1601 4482 curie
1625 4429 1658 4481 et
1681 4418 1818 4494 familiis,
1843 4419 1979 4500 plebem

310 4508 414 4569 sancti
437 4506 579 4568 Floriani
604 4526 676 4568 cum
701 4507 859 4588 cappellis
881 4519 915 4572 et
937 4509 1072 4574 decimis
1095 4521 1128 4573 et
1151 4510 1288 4582 familiis,
1319 4509 1451 4591 plebem
1476 4509 1518 4571 de
1541 4509 1700 4589 Negrario
1724 4526 1799 4570 cum
1818 4507 1980 4589 cappellis

312 4606 345 4658 et
368 4595 502 4658 decimis
525 4605 559 4657 et
582 4595 710 4657 familiis
734 4603 767 4658 et
790 4598 925 4660 dimidia
948 4610 1041 4680 parte
1068 4601 1174 4674 curtis,
1205 4599 1337 4681 plebem
1364 4598 1467 4662 sancti
1491 4597 1625 4678 Georgii
1657 4617 1730 4660 cum
1761 4597 1923 4677 cappellis
1946 4607 1980 4659 et

312 4685 447 4746 decimis
480 4695 513 4746 et
542 4683 672 4747 familiis
703 4693 735 4748 et
768 4686 903 4749 dimidia
933 4701 1032 4751 curte.
1087 4690 1301 4752 Decemimus
1331 4708 1425 4770 erg0,
1462 4697 1497 4749 ut
1528 4686 1605 4749 nulli
1636 4687 1772 4749 omnino
1805 4686 1979 4749 hominum

311 4774 415 4848 liceat,
441 4773 640 4835 antedictam
664 4773 835 4837 ecclesiam
858 4785 980 4840 temere
1003 4778 1193 4860 perturbare
1217 4789 1273 4841 aut
1295 4778 1363 4840 eius
1386 4776 1611 4858 possessiones
1634 4774 1759 4838 auferre
1781 4775 1834 4838 vel
1850 4776 1980 4840 ablatas

311 4863 456 4938 retinere,
481 4861 625 4924 minuere
647 4883 703 4925 seu
728 4863 889 4945 aliquibus
912 4868 1141 4930 vexationibus
1164 4867 1309 4948 fatigare,
1333 4867 1391 4929 sed
1415 4865 1541 4928 illibata
1563 4864 1674 4927 omnia
1696 4875 1730 4928 et
1751 4865 1880 4946 integra
1902 4885 1979 4928 con-

310 4959 476 5014 serventur
499 4971 620 5028 eorum,
644 4972 704 5033 pro
729 4973 867 5033 quorum
889 4955 1127 5035 gubernatione
1150 4967 1183 5019 et
1205 4957 1442 5019 sustentatione
1465 4974 1622 5018 concessa
1639 4963 1723 5030 sunt,
1747 4953 1859 5017 usibus
1875 4957 1979 5017 omni·

311 5041 418 5104 modis
448 5040 632 5122 profutura,
663 5042 753 5104 salva
783 5043 816 5105 in
846 5045 999 5107 omnibus
1022 5046 1204 5130 apostolice
1227 5045 1314 5108 sedis
1337 5046 1538 5108 auctoritate.
1585 5042 1620 5107 Si
1644 5063 1709 5123 qua
1732 5043 1830 5123 igitur
1850 5041 1882 5126 b)
1907 5093 1914 5106 .
1939 5095 1946 5104 .
1972 5093 1979 5106 .

311 5131 527 5210 redemptoris
551 5130 651 5192 nostri
674 5131 745 5194 lesu
770 5131 888 5195 Christi
910 5137 937 5212 c)
963 5184 969 5197 .
994 5181 1001 5195 .
1026 5182 1033 5195 .
1059 5183 1064 5196 .
1089 5135 1263 5197 inveniant.
1309 5135 1427 5198 Amen.
1451 5134 1539 5196 A-m.
1562 5131 1681 5194 Amen.
1705 5165 1749 5177 -

524 5219 584 5297 (R)
608 5220 681 5300 Ego
704 5220 897 5284 Anastasius
921 5223 1081 5309 catholice
1104 5224 1239 5310 ecclesie
1263 5225 1439 5305 episcopus
1462 5245 1503 5285 ss.
1528 5223 1595 5299 (Ml

522 5341 566 5352 —
589 5303 609 5388 †
632 5309 705 5389 Ego
729 5308 1006 5395 GG.(Gregorius)
1031 5313 1193 5394 presbiter
1214 5312 1386 5375 cardinalis
1410 5313 1457 5375 tit.
1483 5311 1602 5374 Calixti
1626 5329 1667 5372 ss.
1691 5310 1738 5389 (1)

522 5394 543 5477 †
566 5397 639 5478 Ego
663 5397 836 5461 Hubaldus
859 5401 1021 5480 presbiter
1043 5401 1215 5464 cardinalis
1235 5402 1283 5463 tit.
1308 5411 1421 5464 sancte
1444 5401 1600 5464 Praxedis
1622 5419 1664 5461 ss.
1688 5399 1735 5479 (6)

521 5488 542 5565 †
557 5486 629 5567 Ego
641 5486 804 5550 Iohannes
815 5500 1002 5552 sanctorum
1011 5491 1166 5553 Iohannis
1176 5501 1209 5552 et
1216 5490 1331 5570 Plauli)
1343 5490 1504 5572 presbiter
1516 5488 1688 5553 cardinalis
1700 5489 1748 5551 tit.
1757 5485 1926 5552 Pamachii
1937 5509 1978 5551 ss.

520 5576 540 5657 †
564 5576 637 5656 Ego
661 5574 799 5640 Cencius
821 5579 983 5659 presbiter
1005 5578 1178 5642 cardinalis
1199 5580 1248 5642 tit.
1272 5582 1375 5643 sancti
1398 5579 1563 5644 Laurentii
1588 5579 1621 5641 in
1643 5578 1768 5640 Lucina
1790 5597 1833 5640 sa.

409 5673 440 5678 -.
466 5673 566 5680 ..μ-ι.

484 5699 493 5764 l
513 5703 537 5746 te
555 5713 601 5746 aus
618 5697 775 5764 dkcrrigirl.
