4090 6358
309 293 353 376 36

308 487 343 552 Si
367 505 433 566 qua
455 487 553 569 igitur
575 486 608 547 in
631 491 799 566 posterum
831 482 1050 549 ecclesiastica
1080 485 1276 551 secularisve
1297 509 1447 570 persona,
1477 487 1574 552 huius
1604 497 1713 578 nostre
1743 489 1969 554 constitutionis
2035 511 2037 514 ·

308 577 461 660 paginam
484 577 600 648 sciens,
623 580 736 636 contra
759 593 831 636 eam
856 580 980 637 temere
1003 575 1112 638 venire
1134 578 1352 660 temptaverit,
1384 579 1530 642 secundo
1554 581 1699 643 terciove
1722 581 1928 655 commonita,
1947 583 1969 643 si
2034 600 2038 634 τ

308 686 373 729 non
405 673 532 729 reatum
564 683 659 725 suum
699 663 862 745 condigne
899 667 1093 740 correxerit,
1136 667 1308 747 potestatis
1341 663 1552 752 [honorisque
1590 670 1638 731 sui
1670 665 1844 754 dignitate]
1874 678 1969 732 careat

308 774 464 835 reamque
479 774 515 817 se
530 753 641 815 divino
658 752 779 815 iudicio
802 753 943 816 existere
966 754 1010 818 de
1033 762 1223 836 perpetrata
1246 753 1438 842 inilquitate]
1462 767 1643 839 cognoscat
1665 767 1698 822 et
1721 780 1740 822 a
1764 759 1969 822 sacratissimo
2034 781 2038 816 ‘i

309 864 448 927 corpore
472 851 505 906 et
526 843 684 925 sanguine
707 842 761 904 dei
789 862 828 905 ac
852 842 985 916 domini,
1016 844 1235 926 redemptoris
1258 841 1372 932 [nostri
1396 845 1469 909 Iesu
1494 846 1621 925 Christi,
1644 845 1760 934 aliena]
1785 847 1851 924 fiat,
1881 856 1970 930 atque
2034 869 2038 906 ς

307 935 340 996 in
363 942 512 997 extremo
537 931 687 994 examine
710 931 857 994 districte
880 932 1048 996 subiaceat
1071 933 1195 996 ultioni.
1241 935 1479 999 Conservantes
1500 931 1506 1021 Ι
1525 945 1634 1001 autem
1662 937 1724 1001 hec
1747 939 1970 1021 omnipotentis
2034 960 2038 998 ς,

307 1025 361 1086 dei
391 1031 425 1086 et
455 1022 627 1086 beatorum
663 1020 904 1102 apostolorum,
944 1023 1030 1085 Petri
1068 1043 1107 1086 ac
1137 1023 1240 1100 Pauli,
1270 1021 1521 1113 benedic[tionis
1551 1024 1701 1116 gratiam]
1733 1035 1970 1108 consequantur.
2035 1053 2038 1085 3

307 1111 383 1176 Am.
407 1110 484 1175 Am.
508 1109 585 1174 Am.

520 1200 580 1278 (Rl
605 1199 679 1282 Ego
702 1199 910 1263 Innocentius
934 1197 1096 1288 catholice
1120 1201 1257 1266 ecclesie
1281 1223 1350 1286 eps.
1375 1226 1415 1268 ss
1439 1201 1502 1290 (M)

520 1287 540 1374 †
563 1289 636 1371 Ego
661 1287 832 1352 Conradus
855 1285 1041 1353 Sabinensis
1065 1291 1241 1374 episcopus
1264 1313 1305 1355 ss

520 1375 541 1462 'r
565 1378 638 1461 Ego
660 1376 903 1441 Theodewinus
926 1387 1036 1442 sancte
1060 1379 1175 1467 Rufine
1199 1383 1375 1465 episcopus
1399 1401 1440 1444 ss.
1464 1383 1512 1462 (2)
2037 1439 2038 1446 ,

521 1503 561 1514 -
586 1466 606 1551 †
629 1467 703 1549 Ego
720 1466 885 1531 Gerardus
901 1470 1063 1550 presbiter
1079 1471 1251 1534 cardinalis
1267 1473 1314 1534 tit
1330 1479 1443 1558 sancte
1460 1471 1572 1536 Crucis
1588 1471 1618 1534 in
1635 1471 1811 1536 Ierusalem
1827 1493 1868 1536 ss
1885 1472 1971 1556 (1¹12)
2036 1516 2037 1524 ,

521 1592 561 1602 —
587 1553 606 1640 †
630 1557 703 1638 Ego
728 1553 905 1640 Gregorius
928 1559 1086 1621 diaconus
1110 1559 1280 1623 cardinalis
1304 1569 1491 1624 sanctorum
1516 1561 1621 1643 Sergii
1645 1570 1679 1624 et
1701 1562 1803 1625 Bachi
1827 1583 1869 1624 ss.
1892 1566 1937 1642 (3)

467 1648 543 1708 Dat.
566 1647 727 1722 Laterani,
750 1667 810 1729 per
834 1667 964 1710 manum
988 1647 1156 1720 Aimerici,
1186 1658 1298 1713 sancte
1323 1649 1474 1714 Romane
1496 1650 1633 1716 ecclesie
1657 1651 1786 1715 diaconi
1811 1651 1974 1714 cardinalis

307 1741 340 1796 et
364 1732 552 1798 cancellarii.
600 1750 626 1799 11
648 1735 725 1798 Idus
749 1734 880 1818 Aprilis.
925 1735 1110 1801 Indictione
1132 1754 1166 1803 11.
1211 1738 1447 1804 Incarnationis
1471 1741 1635 1804 dominice
1663 1761 1748 1804 anno
1772 1753 1974 1805 mcxxxvlffl.

307 1821 518 1888 Pontificatus
542 1845 621 1888 vero
644 1825 756 1889 domni
779 1825 934 1889 Inoceutli
959 1841 983 1888 11
1006 1827 1065 1890 ΡΡ.
1088 1849 1175 1891 anno
1198 1843 1230 1892 Χ.

469 1939 511 1988 Or.
531 1941 575 1988 der
595 1940 719 1989 Colleclrbn
738 1937 842 1990 Morbios
859 1956 907 1990 von
925 1940 1047 2001 Mailaud,
1066 1943 1201 2008 argebaufl
1217 1943 1295 1992 durch
1313 1943 1397 1994 Isrmr
1423 1943 1630 2007 Willmersa'o'rser
1646 1951 1687 1994 etc.
1707 1943 1734 1992 in
1753 1944 1887 1994 Miinclrcu.

468 2011 537 2076 I’crg.
555 2012 616 2072 irat,
643 2012 679 2060 br.
699 2015 751 2072 OA,
776 2014 837 2078 lang
852 2015 921 2073 0,48,
948 2021 1022 2062 rerum
1041 2016 1117 2074 0,025
1135 2015 1324 2081 umgesclllctgcn,
1350 2015 1429 2064 durch
1446 2015 1499 2064 drei
1518 2015 1609 2064 Lo'clm
1626 2016 1652 2065 in
1666 2016 1771 2081 geruder
1787 2017 1859 2066 Lr'm'e
1871 2018 1927 2083 geht
1942 2017 1975 2065 eir

306 2081 382 2130 Sutck
399 2097 453 2130 rusa
471 2083 527 2131 und
537 2084 624 2148 gelber,
647 2084 804 2150 grofflidrger
820 2084 1003 2144 Scidenschnur,
1031 2086 1158 2150 Bleiriegel
1178 2089 1296 2136 verlorem
1332 2087 1439 2153 Fallung
1457 2087 1500 2136 der
1517 2088 1613 2136 Bullen.
1656 2088 1812 2154 Verewigung
1829 2088 1900 2138 Nrs
1921 2089 1975 2147 Pau,

306 2153 385 2218 menig
406 2154 595 2215 hemortrermd,
611 2156 680 2219 frillt
702 2172 754 2204 mar
771 2157 859 2216 0,o35.
894 2157 959 2205 Drei
974 2159 1050 2206 Anien
1073 2157 1197 2208 schliessen
1221 2159 1258 2207 die
1280 2162 1344 2208 letale
1367 2157 1436 2208 Zeile.
1473 2161 1536 2208 Rota
1553 2159 1596 2208 Nr
1614 2163 1637 2218 1,
1663 2158 1834 2224 Monogramm
1852 2161 1973 2226 diinnlr'nig

306 2225 347 2273 ll'r
364 2224 403 2284 3⁴³,
422 2226 482 2274 brrit
499 2229 586 2286 0‚038,
605 2226 665 2276 koch
683 2229 771 2286 0,044.
806 2227 854 2278 Dic
876 2228 1041 2293 bizlersclrrrft
1056 2229 1116 2294 urg!
1132 2230 1334 2290 Besonderlrer'lern
1360 2232 1446 2279 numal
1460 2231 1493 2279 im
1511 2247 1528 2296 g
1546 2231 1591 2278 mil
1608 2231 1692 2295 spr'lur
1709 2232 1975 2297 Durclrzugunrcrlinge

305 2297 361 2345 arrd
375 2296 409 2345 im
427 2297 439 2346 i
454 2297 498 2346 mil
524 2297 605 2347 linem
630 2299 724 2362 spilvcm
750 2299 948 2349 Blattsclrniirkel.
985 2301 1128 2366 lringkrmz,
1158 2301 1216 2351 Um·
1244 2303 1299 2351 und
1325 2301 1490 2366 Umersclrrift
1512 2301 1594 2351 Hand
1615 2303 1671 2351 rmd
1686 2303 1761 2352 Dime
1769 2303 1825 2367 fiir
1841 2303 1897 2353 siclt.
1934 2303 1976 2351 Dic

305 2375 381 2417 ersten
399 2368 452 2418 drei
468 2369 648 2436 Zeugcnſsrmm
670 2370 728 2419 sind
749 2369 795 2420 mit
817 2370 924 2438 gleicher
941 2371 1045 2421 durrkler
1060 2373 1144 2434 Divite,
1167 2373 1225 2422 doch
1243 2375 1310 2424 wolrl
1323 2387 1371 2422 von
1387 2373 1569 2423 verschiedencn
1586 2373 1698 2424 Hinden
1715 2375 1870 2441 eingetragm,
1892 2375 1977 2441 Gregvr

305 2439 390 2492 tallere
408 2440 489 2505 Diale,
508 2443 545 2492 dic
559 2440 657 2509 aldeae,
675 2442 720 2494 urie
737 2441 774 2495 die
791 2442 948 2506 Darumzeile,
967 2444 1045 2496 werin
1062 2445 1107 2495 das
1124 2446 1148 2496 A
1166 2445 1300 2496 Airrrcriclrs
1317 2461 1364 2495 von
1382 2445 1512 2496 duuklerer
1527 2445 1650 2496 kerriibt.

1061 2729 1128 2804 Nr.
1159 2733 1221 2805 42.

306 2879 459 2950 Innocens
475 2880 521 2948 II
538 2879 656 2948 rvrirrmt
676 2881 738 2945 den
756 2879 1080 2946 Kanorrikerkonvent
1100 2903 1164 2945 von
1182 2879 1295 2945 Narm'
1317 2884 1351 2946 in
1372 2881 1604 2966 aposlolzschen
1619 2882 1737 2948 Schutz
1753 2882 1822 2947 und
1833 2881 1978 2969 bestcitrgt

903 2971 993 3034 seina
1012 2969 1116 3035 Giiter
1128 2971 1197 3035 und
1212 2971 1331 3036 Rechte
1348 2973 1384 3056 ¹).
1785 2971 1790 2980 '

896 3105 980 3167 1139
1003 3102 1134 3170 October
1146 3107 1201 3169 29.
1239 3105 1390 3171 Lateran.

464 3241 670 3305 Innocentius
695 3241 879 3324 episcopus
907 3258 1020 3302 servus
1043 3260 1211 3304 servorum
1235 3239 1298 3316 dei,
1327 3239 1455 3305 dilectis
1478 3240 1551 3303 filiis
1574 3237 1709 3324 Hugoni
1741 3242 1976 3320 archidiacono,

306 3329 479 3395 Gotifredo
510 3331 707 3415 presbytero
739 3351 778 3394 ac
809 3329 946 3390 caeteris
980 3329 1142 3392 canonicis
1172 3330 1329 3394 ecclesiae
1358 3332 1462 3402 sa'ncti
1495 3329 1652 3394 Iuvenalis
1676 3330 1880 3409 Narniensis‚
1912 3341 1975 3396 tam

305 3421 532 3503 praesentibus
548 3440 646 3500 quam
669 3419 792 3490 suturis,
815 3429 854 3479 ΙΝ
870 3431 946 3479 ΡΡΜ.
971 3418 1164 3496 -Clerici,
1188 3421 1243 3501 qui
1268 3421 1301 3482 in
1325 3428 1447 3484 sortem
1471 3419 1595 3483 domini
1619 3429 1695 3483 sunt
1717 3426 1834 3499 vocati,
1858 3430 1977 3503 quanto

304 3511 489 3575 familiarius
528 3509 745 3592 omnipotenti
783 3506 920 3570 domino
956 3507 1136 3571 adhaerere
1175 3517 1368 3586 noscuntur,
1409 3516 1502 3573 tanto
1541 3530 1598 3572 eos
1631 3514 1798 3588 convenit,
1838 3521 1905 3576 tam
1936 3513 1975 3576 ab
2036 3547 2037 3598 i

305 3600 530 3664 exactionibus
561 3619 633 3663 esse
663 3598 795 3671 liberos,
826 3617 924 3678 quam
949 3617 968 3659 a
999 3619 1173 3680 pravorum
1205 3598 1373 3663 hominum
1405 3599 1640 3679 inquietatione
1662 3621 1803 3664 securos.
1849 3601 1976 3683 Equum

305 3699 355 3753 est
378 3691 472 3765 enim,
497 3697 540 3764 ut,
564 3689 845 3772 quemadmodum
862 3687 894 3748 in
916 3686 1137 3768 spiritualibus
1160 3697 1365 3752 sacrosancta
1388 3689 1441 3752 dei
1464 3688 1603 3751 ecclesia
1624 3689 1693 3752 sine
1710 3712 1789 3773 ruga
1806 3700 1839 3754 et
1854 3691 1978 3755 macula
2036 3715 2038 3762 3:

305 3789 338 3842 et
360 3780 509 3843 scismate
533 3780 664 3842 unitatis
687 3783 868 3861 perpetuae
891 3775 1068 3857 splendore
1091 3776 1246 3855 clarescit,
1280 3781 1324 3841 ita
1356 3781 1388 3842 in
1420 3778 1654 3860 temporalibus
1678 3780 1784 3844 nullus
1807 3780 1858 3843 vel
1881 3784 1913 3844 in
1936 3801 1978 3855 se,
2036 3829 2037 3832 ,

303 3869 355 3933 vel
380 3871 412 3932 in
436 3869 593 3932 membris
617 3869 682 3930 suis
705 3865 947 3950 gravaminibus
971 3865 1134 3948 affligatur
1157 3877 1198 3945 et,
1229 3868 1284 3949 qui
1308 3871 1377 3931 eius
1400 3876 1475 3931 sunt
1497 3870 1631 3931 servitio
1660 3872 1845 3952 mancipati,
1878 3870 1978 3934 nullas
2036 3905 2037 3910 κ

303 3961 431 4022 iniurias
461 3966 538 4022 tunc
568 3957 860 4021 extraordinarium
891 3957 1065 4036 patiantur.
1111 3958 1265 4038 ideoque,
1299 3956 1409 4021 dilecti
1432 3957 1463 4019 in
1487 3958 1623 4020 domino
1647 3958 1713 4036 tilii,
1744 3962 1860 4023 vestris
1883 3961 1978 4024 ratio·
2036 3999 2037 4002 =

304 4048 461 4112 nabilibus
484 4046 755 4131 postulationibus
777 4051 965 4120 annuentes,
988 4054 1130 4110 vestram
1154 4047 1368 4110 Narniensem
1394 4048 1498 4110 sancti
1515 4047 1674 4110 luvenalis
1699 4048 1867 4112 ecclesiam
1893 4048 1977 4113 beati

304 4140 390 4202 Petri
414 4139 621 4220 protectione
645 4138 814 4210 munimus,
838 4140 1027 4210 statuentes,
1060 4144 1096 4198 ut
1119 4156 1342 4219 quascumque
1366 4136 1600 4218 possessiones,
1633 4156 1861 4221 quaecumque
1892 4140 1979 4203 bona

304 4228 335 4291 in
367 4229 622 4310 praesentiarum
655 4225 770 4289 eadem
803 4220 939 4288 ecclesia
969 4224 1052 4287 iuste
1089 4232 1122 4287 et
1156 4228 1313 4290 canonice
1344 4226 1511 4309 possidet,
1552 4226 1645 4289 firma
1675 4228 1769 4292 vobis
1800 4229 1978 4311 vestrisque

304 4316 548 4380 successoribus
584 4325 617 4379 et
646 4315 769 4378 illibata
802 4321 1024 4396 permaneant.
1076 4315 1111 4378 In
1150 4316 1268 4395 quibus
1307 4313 1389 4378 haec
1429 4316 1569 4398 propriis
1608 4317 1793 4381 nominibus
1826 4318 1979 4381 duximus

305 4405 533 4489 exprimenda:
571 4403 722 4469 videlicet
749 4402 920 4467 ecclesiam
952 4402 1053 4467 sancti
1076 4401 1206 4467 Ioannis
1239 4405 1282 4468 de
1313 4413 1421 4468 castro
1443 4405 1612 4469 Albanino
1645 4426 1718 4470 cum
1753 4407 1906 4470 omnibus
1939 4407 1979 4470 ad

305 4517 378 4560 eam
401 4495 636 4577 pertinentibus
659 4502 700 4570 et,
724 4513 809 4574 quae
833 4490 959 4555 habetis
981 4493 1012 4554 in
1036 4495 1239 4574 pertinentiis
1262 4494 1409 4558 eiusdem
1433 4497 1529 4558 castri
1553 4497 1585 4557 in
1609 4495 1712 4572 terris,
1736 4498 1850 4572 vineis,
1872 4496 1979 4578 sylvis,

304 4584 477 4649 ecclesiam
500 4587 604 4648 sancti
620 4583 784 4648 Laurentii
804 4583 847 4646 de
868 4588 975 4644 castro
991 4580 1117 4645 Busone
1141 4603 1215 4646 cum
1237 4585 1387 4648 omnibus
1410 4585 1613 4667 pertinentiis
1637 4586 1710 4660 suis,
1734 4594 1847 4662 terras,
1870 4589 1979 4650 vineas

306 4683 339 4738 et
361 4673 479 4756 sylvas,
504 4695 585 4755 quas
609 4676 641 4736 in
665 4675 830 4737 territorio
855 4671 1003 4736 eiusdem
1029 4674 1124 4734 castri
1148 4671 1287 4750 habetis,
1311 4673 1466 4736 iustitiam
1490 4693 1632 4756 quoque,
1656 4696 1753 4757 quam
1778 4678 1810 4739 in
1827 4675 1979 4758 hospitali

305 4767 370 4828 sito
399 4765 452 4826 via
481 4763 640 4827 Flaminia
676 4763 766 4826 iuxta
798 4760 969 4845 scopulum
1002 4759 1146 4824 Carnarii
1184 4764 1216 4826 in
1254 4765 1509 4847 praesentiarum
1544 4772 1652 4827 vestra
1688 4765 1826 4829 ecclesia
1858 4764 1979 4829 habere

306 4854 531 4935 cognoscitur,
560 4852 656 4915 vobis
687 4850 894 4916 nihilominus
926 4849 1156 4914 confirmamus
1193 4852 1285 4916 salvo
1316 4853 1384 4916 iure
1415 4873 1613 4935 pauperum,
1647 4853 1816 4918 ecclesiam
1849 4864 1980 4919 sanctae

306 4945 429 5007 Mariae
451 4942 494 5005 de
516 4941 652 5006 Visiano
676 4963 749 5005 cum
780 4943 881 5019 terris,
911 4940 1022 5015 vineis,
1052 4940 1152 5021 sylvis
1176 4951 1210 5004 et
1234 4942 1387 5005 omnibus
1411 4952 1479 5005 tam
1513 4942 1705 5020 mobilibuS,
1739 4965 1837 5026 quam
1867 4945 1979 5008 immo·

305 5031 430 5108 bilibus,
452 5031 495 5095 ad
519 5051 590 5096 eam
615 5031 861 5114 pertinentibus,
885 5029 1055 5094 ecclesiam
1078 5032 1183 5093 sancti
1198 5030 1365 5094 Anastasii
1390 5031 1432 5094 de
1447 5031 1659 5096 Lumbriceto
1681 5054 1755 5096 cum
1780 5035 1980 5116 pertinentiis

306 5123 371 5185 suis
394 5130 435 5198 et,
465 5122 625 5202 quidquid
649 5121 776 5185 habetis
799 5123 830 5184 in
853 5120 1048 5203 pertinentia
1079 5117 1186 5201 plebis
1208 5122 1312 5183 sancti
1335 5120 1425 5184 Pauli
1457 5130 1490 5184 et
1521 5125 1553 5184 in
1576 5131 1684 5186 castro
1709 5121 1855 5187 Cisterna
1885 5133 1921 5187 et
1950 5126 1980 5186 in

306 5211 508 5295 pertinentiis
531 5213 609 5288 eiuS,
634 5210 804 5275 ecclesiam
827 5213 930 5273 sancti
956 5206 1041 5270 Petri
1066 5209 1109 5271 de
1133 5208 1279 5273 Collibus
1304 5230 1378 5273 cum
1402 5213 1503 5287 terris,
1527 5213 1640 5287 vineis,
1663 5212 1763 5294 sylvis
1780 5221 1813 5276 et
1829 5213 1981 5278 omnibus

306 5300 348 5364 ad
372 5319 443 5363 eam
476 5300 710 5382 pertinentibus
742 5308 782 5375 et,
812 5297 973 5382 quidquid
1003 5295 1132 5360 habetis
1155 5299 1186 5360 in
1211 5307 1317 5363 castro
1341 5303 1444 5363 sancti
1469 5301 1599 5365 Gemini
1623 5300 1674 5365 vel
1705 5305 1871 5367 territorio
1905 5305 1981 5367 eius.

307 5388 542 5471 Quaecumque
571 5398 742 5473 praeterea
771 5391 802 5452 in
834 5390 986 5460 futurum,
1019 5384 1176 5469 largiente
1207 5389 1281 5464 deo,
1312 5391 1525 5454 concessione
1556 5391 1757 5474 pontificum,
1789 5392 1980 5456 liberalitate

306 5499 428 5562 regum,
459 5479 630 5563 largitione
660 5481 854 5563 principum,
887 5475 1052 5542 oblatione
1082 5475 1236 5554 fidelium,
1266 5498 1324 5542 seu
1355 5478 1425 5543 aliis
1455 5479 1547 5544 iustis
1580 5482 1689 5545 modis
1712 5490 1819 5547 vestra
1843 5482 1981 5546 ecclesia

469 5657 493 5722 ι)
513 5656 695 5722 DieAbsclm'fl
711 5656 786 5708 dieser
802 5655 920 5707 Urkunde
935 5655 1056 5706 verdanke
1073 5654 1112 5704 iclr
1128 5655 1214 5706 Herm
1236 5657 1296 5706 Cari.
1310 5657 1368 5706 Dan
1386 5659 1473 5706 Rorrreo
1491 5657 1612 5724 Fagiolr'
1627 5658 1654 5708 in
1671 5658 1763 5710 Numi.
1784 5689 1815 5698 -
1838 5660 1978 5712 Cathedral.

306 5727 449 5782 Narnicmis
466 5729 561 5796 eiusqrre
578 5730 679 5795 capituli
693 5737 734 5780 etc.
752 5745 816 5779 mun.
835 5729 921 5779 Numi
936 5729 1006 5779 1770
1017 5735 1046 5792 p.
1067 5731 1090 5777 7.
1111 5755 1144 5764 -
1169 5729 1245 5795 Vergl.
1266 5728 1303 5779 die
1324 5729 1383 5780 Urk.
1403 5745 1458 5780 vora
1476 5731 1510 5779 10
1527 5729 1603 5795 April
1618 5732 1695 5782 1129.
