4142 6366
1715 298 1777 373 233

98 475 286 560 regularem
309 475 408 538 vitam
433 472 600 557 professis,
622 485 662 538 ΙΝ
683 485 760 536 ΡΡΜ.
784 509 828 521 -
848 475 853 556 Ι
872 472 1071 556 Religiosam
1094 476 1195 539 vitam
1220 475 1417 558 eligentibus
1446 475 1666 559 apostolicum
1700 501 1778 544 con-

98 568 189 630 venit
219 568 336 630 adesse
367 564 561 648 presidium,
593 584 634 626 ne
667 564 752 626 lorte
782 562 955 627 cuiuslibet
984 566 1175 628 temeritatis
1205 564 1349 628 incursus
1381 575 1437 629 aut
1466 586 1525 630 eos
1555 588 1575 630 a
1605 571 1778 651 proposito

97 664 237 720 revocet
259 663 316 718 aut
343 653 455 730 robur,
480 654 569 734 quod
594 653 688 727 absit,
709 651 715 736 Ι
734 672 826 716 sacre
850 650 1014 736 religionis
1037 654 1200 736 infringat.
1246 653 1440 738 Eapropter,
1463 655 1573 719 dilecti
1594 659 1625 720 in
1642 658 1778 722 domino

96 745 169 822 filii,
192 745 308 810 vestris
331 743 421 806 iustis
445 742 717 825 postulationibus
732 740 901 825 benignius
917 751 1106 814 annuentes,
1130 743 1325 826 prelibatam
1340 743 1510 808 ecclesiam
1528 766 1602 809 cum
1619 748 1778 825 omnibus,

96 855 167 917 que
189 835 279 898 bone
303 834 462 897 memorie
484 832 642 896 Amulius
660 830 688 918 ε)
712 840 745 894 et
768 852 852 894 uxor
874 834 943 895 eius
968 831 1137 896 Mathildis
1157 831 1194 918 b),
1223 833 1413 898 fundatores
1436 835 1537 917 ipsius
1567 837 1641 912 loci,
1672 839 1778 900 eidem

96 925 239 989 ecclesie
270 943 332 1006 pro
364 923 509 986 remedio
541 924 721 985 animarum
752 942 882 985 suarum
915 922 1152 986 rationabiliter
1181 922 1399 997 contulerunt,
1431 924 1492 988 sub
1523 925 1612 989 beati
1635 927 1721 990 Petri
1745 937 1779 990 et

96 1026 214 1078 nostra
245 1013 453 1096 protectione
483 1012 678 1094 suscipimus
709 1021 742 1074 et
769 1012 930 1093 presentis
952 1012 1064 1093 scripti
1088 1012 1260 1094 privilegio
1284 1014 1533 1077 communimus.
1580 1015 1777 1092 StatuenteS,

95 1115 135 1168 ut
160 1122 385 1185 quascumque
414 1103 649 1183 possessiones,
682 1120 887 1182 quecumque
910 1101 1000 1166 bona
1022 1101 1138 1164 eadem
1163 1101 1302 1164 ecclesia
1324 1103 1356 1164 in
1379 1104 1615 1184 presentiarum
1639 1106 1722 1168 iuste
1745 1112 1778 1167 et

95 1193 260 1257 canonice
294 1191 444 1273 possidet
475 1191 586 1253 autin
615 1190 756 1253 futurum
787 1192 1001 1253 concessione
1027 1189 1230 1271 pontificum,
1264 1191 1436 1272 largitione
1466 1212 1578 1274 regum
1609 1194 1661 1257 vel
1691 1195 1777 1276 prin·

95 1283 221 1366 cipum,
244 1279 414 1344 oblatione
437 1279 582 1343 fidelium
605 1299 662 1342 seu
686 1278 754 1343 aliis
774 1280 866 1342 iustis
882 1279 998 1354 modis,
1023 1289 1191 1362 prestante
1207 1281 1352 1356 domino,
1376 1282 1499 1362 poterit
1514 1283 1660 1364 adipisci,
1684 1283 1778 1346 firma

92 1373 195 1436 vobis
217 1371 400 1450 vestrisque
423 1369 664 1432 successoribus
688 1377 721 1432 et
744 1368 870 1431 illibata
893 1375 1116 1451 permaneant.
1162 1369 1198 1432 In
1223 1369 1342 1450 quibus
1368 1369 1430 1433 hec
1459 1373 1601 1453 propriis
1626 1373 1778 1436 duximus

93 1459 318 1544 exprimenda
347 1458 532 1521 vocabulis:
571 1459 681 1520 locum
712 1459 820 1541 ipsum
851 1459 883 1520 in
915 1478 981 1539 quo
1012 1458 1151 1522 ecclesia
1181 1469 1289 1522 vestra
1319 1459 1381 1522 sita
1411 1468 1470 1535 est,
1501 1461 1613 1524 vineas
1642 1482 1720 1524 vero
1745 1471 1778 1525 et

93 1571 197 1633 agros
221 1551 307 1612 circa
330 1548 471 1611 eundem
495 1548 605 1610 locum
628 1548 764 1629 positas,
795 1557 829 1610 et
852 1546 1009 1630 quicquid
1033 1548 1065 1610 in
1089 1548 1257 1611 montibus
1281 1557 1314 1611 et
1343 1549 1376 1610 in
1399 1547 1548 1624 vallibus,
1581 1551 1778 1614 molendinis

91 1652 129 1705 et
152 1639 286 1723 pascuis
310 1647 343 1700 et
366 1635 496 1718 alpibus
519 1643 619 1718 atque
642 1636 713 1700 aliis
736 1637 817 1700 locis
844 1636 1082 1700 rationabiliter
1104 1637 1290 1719 possidetis,
1321 1637 1417 1700 vobis
1447 1646 1481 1700 et
1511 1639 1648 1702 ecclesie
1670 1650 1777 1702 vestre

92 1729 295 1794 auctoritate
317 1725 502 1808 apostolica
531 1725 771 1789 continuamus.
817 1725 1026 1807 Sepulturam
1059 1746 1192 1808 quoque
1224 1727 1327 1808 ipsius
1357 1725 1421 1789 loci
1453 1727 1588 1790 liberam
1621 1749 1692 1792 esse
1723 1731 1777 1792 de·

92 1821 268 1893 cernimus,
301 1823 336 1880 ut
359 1835 472 1878 eorum
497 1816 666 1879 devotioni
690 1826 723 1878 et
746 1825 893 1878 extreme
915 1815 1085 1891 voluntati,
1118 1816 1172 1896 qui
1203 1835 1238 1879 se
1271 1816 1337 1878 illic
1364 1814 1494 1897 sepeliri
1518 1817 1778 1893 deliberaverint,

91 1910 156 1972 nisi
182 1908 268 1971 forte
292 1905 567 1968 excommunicati
591 1905 643 1966 vel
666 1905 830 1968 interdicti
854 1905 927 1980 sint,
952 1905 1057 1967 nullus
1081 1905 1229 1982 obsistat,
1253 1904 1343 1967 salva
1365 1915 1476 1968 tamen
1497 1905 1620 1969 iustitia
1635 1909 1778 1971 matricis

90 1998 244 2061 ecclesie.
299 1994 381 2058 Cum
413 2005 523 2057 autem
553 1994 706 2074 generale
739 1993 947 2057 interdictum
979 2003 1064 2056 terre
1095 1994 1205 2069 fuerit,
1244 1994 1342 2057 liceat
1370 1994 1483 2068 vobiS,
1516 1996 1632 2059 clausis
1664 1999 1777 2073 ianuis,

91 2085 239 2151 exclusis
269 2083 562 2147 excommunicatis
596 2093 628 2145 et
661 2083 850 2158 interdictis,
882 2103 949 2146 non
979 2083 1117 2164 pulsatis
1149 2083 1326 2165 campanis,
1357 2103 1533 2164 suppressa
1554 2105 1637 2148 voce
1667 2088 1779 2148 divina

91 2177 208 2240 officia
230 2173 405 2239 celebrare.
441 2171 528 2236 Sane
551 2171 718 2234 novalium
740 2180 931 2248 vestrorum,
957 2192 1021 2253 que
1043 2173 1185 2255 propriis
1209 2172 1360 2234 manibus
1384 2182 1439 2234 aut
1459 2175 1645 2255 sumptibus
1661 2176 1776 2251 colitis,

90 2267 162 2330 sive
196 2266 239 2329 de
275 2263 482 2326 nutrimentis
512 2271 693 2324 vestrorum
732 2262 920 2324 animalium
951 2261 1057 2324 nullus
1088 2282 1107 2324 a
1135 2261 1231 2324 vobis
1261 2261 1406 2324 decimas
1436 2274 1604 2344 presumat
1634 2265 1776 2346 exigere.

90 2356 311 2419 Decernimus
327 2371 414 2434 erg0‚
439 2361 475 2412 ut
490 2350 566 2412 nulli
584 2351 720 2413 omnino
736 2350 907 2414 hominurn
930 2350 1034 2426 liceat,
1059 2350 1221 2434 prefatam
1249 2350 1422 2413 ecclesiam
1440 2400 1446 2414 .
1463 2399 1469 2412 .
1487 2401 1494 2415 .
1511 2353 1622 2415 usibus
1646 2349 1775 2440 [omni]-

92 2446 204 2508 modis
228 2444 407 2526 profutura,
429 2441 520 2502 salva
541 2440 629 2503 sedis
652 2440 835 2521 apostolice
858 2440 1052 2503 auctoritate
1072 2450 1105 2502 et
1121 2441 1287 2503 diocesani
1304 2441 1452 2522 episcopi
1468 2443 1629 2504 canonica
1644 2445 1774 2509 iustitia.

92 2535 131 2598 Si
155 2555 222 2616 qua
247 2533 375 2616 igitur.
401 2579 408 2592 .
433 2579 439 2591 .
464 2527 599 2593 Cunctis
622 2540 732 2592 autern
755 2576 763 2590 .
788 2577 794 2591 .
820 2578 826 2592 .
850 2529 1026 2592 inveniant.
1071 2528 1190 2592 Amen.
1214 2528 1306 2592 A·m.
1329 2527 1450 2592 Amen.
1473 2563 1519 2576 -

310 2615 365 2702 (R)
387 2619 462 2700 Ego
483 2617 677 2681 Alexander
699 2618 860 2682 catholice
881 2618 1019 2681 ecclesie
1042 2619 1218 2700 episcopus
1240 2639 1282 2682 ss.
1305 2613 1367 2702 (M)

310 2704 331 2790 i
354 2708 427 2790 Ego
451 2705 625 2770 Hubaldus
648 2707 832 2770 Hostiensis
856 2708 1032 2789 episcopus
1054 2727 1096 2770 ss.

308 2798 331 2876 †
353 2795 426 2879 Ego
448 2797 635 2860 Bernardus
657 2796 844 2860 Portuensis
867 2804 901 2860 et
922 2806 1036 2859 sancte
1058 2795 1177 2858 Rufine
1199 2795 1375 2879 episcopus
1397 2817 1439 2860 ss.
1463 2791 1509 2881 (6)

309 2921 354 2932 -
377 2884 397 2968 †
421 2883 494 2967 Ego
517 2884 680 2948 Iohannes
703 2885 866 2968 presbiter
884 2885 1060 2968 cardinalis
1083 2886 1132 2947 tit.
1155 2895 1268 2947 sancte
1290 2884 1467 2949 Anastasie
1490 2907 1531 2949 ss.

310 2973 331 3058 †
353 2975 427 3056 Ego
451 2975 644 3039 Guillelmus
666 2975 828 3057 presbiter
850 2975 1022 3038 cardinalis
1046 2975 1093 3037 tit,
1117 2975 1221 3037 sancti
1244 2975 1330 3037 Petri
1354 2975 1397 3037 ad
1421 2975 1560 3038 Vincula
1582 2997 1623 3040 ss.

309 3063 330 3146 †
352 3065 426 3146 Ego
450 3062 539 3126 Boso
562 3064 724 3146 presbiter
746 3065 920 3127 cardinalis
942 3072 1055 3150 sancte
1077 3063 1279 3148 Pudentiane
1302 3065 1350 3126 tit.
1375 3065 1519 3128 Pastoris
1541 3085 1583 3129 ss.

309 3155 331 3230 †
352 3154 426 3235 Ego
451 3151 564 3217 Petrus
587 3153 750 3237 presbiter
772 3153 946 3217 cardinalis
969 3154 1017 3217 tit.
1041 3154 1146 3216 sancti
1169 3153 1334 3216 Laurentii
1359 3153 1391 3216 in
1415 3152 1564 3218 Damaso
1587 3177 1628 3219 ss.

310 3239 331 3325 i
353 3243 427 3324 Ego
450 3241 613 3305 Iohannes
636 3243 799 3324 presbiter
820 3243 993 3306 cardinalis
1016 3243 1065 3305 tit.
1088 3243 1192 3304 sancti
1216 3240 1318 3305 Marci
1342 3263 1383 3305 ss.

309 3331 330 3412 †
353 3333 426 3413 Ego
450 3332 640 3394 Manlredus
662 3332 825 3413 presbiter
847 3332 1020 3394 cardinalis
1044 3332 1092 3395 tit.
1115 3337 1229 3394 sancte
1253 3329 1373 3395 Cecilie
1396 3353 1438 3396 ss.
1462 3328 1508 3418 (1)

310 3417 331 3503 'r
353 3422 426 3504 Ego
449 3419 563 3483 Petrus
586 3420 749 3502 presbiter
771 3421 945 3484 cardinalis
967 3421 1015 3483 tit.
1038 3421 1142 3483 sancti
1166 3419 1342 3501 Grisogoni
1366 3441 1410 3484 ss.

309 3544 353 3555 -
375 3507 396 3593 i
418 3510 494 3573 EGo
525 3509 627 3574 Oddo
659 3510 817 3573 diaconus
845 3511 1017 3573 cardinalis
1044 3509 1147 3572 sancti
1171 3508 1323 3571 Nicholai
1347 3509 1379 3572 in
1403 3530 1533 3574 carcere
1555 3509 1708 3574 Tulliano
1731 3531 1772 3575 ss.

308 3599 329 3682 †
353 3598 425 3681 Ego
450 3597 610 3681 Cinthyus
634 3597 791 3662 diaconus
815 3600 987 3662 cardinalis
1008 3600 1113 3661 sancti
1135 3596 1275 3660 Adriani
1298 3617 1341 3661 ss.

309 3685 426 3771 †Ego
449 3689 550 3768 Hugo
577 3687 749 3750 Boniensis
781 3688 940 3752 diaconus
969 3688 1142 3751 cardinalis
1172 3687 1276 3749 sancti
1302 3687 1469 3752 Eustachii
1500 3689 1593 3751 iuxta
1611 3688 1771 3770 templum

522 3775 674 3857 Agrippe
697 3797 738 3838 ³³·
890 3797 894 3804 ·

309 3861 330 3947 i
353 3862 427 3946 Ego
451 3861 602 3927 Vitellius
626 3865 783 3928 diaconus
806 3863 978 3927 cardinalis
1001 3871 1189 3927 sanctorum
1213 3860 1318 3946 Sergii
1342 3873 1376 3928 et
1398 3863 1499 3929 Bachi
1524 3886 1565 3929 ss.
1588 3861 1635 3950 (4)

256 3955 332 4016 Dat.
355 3952 519 4034 Anagnie,
549 3973 610 4037 per
640 3973 773 4016 manum
796 3953 943 4018 Gratiani
963 3952 1005 4039 c),
1035 3965 1149 4017 sancte
1171 3954 1323 4017 Romane
1352 3955 1490 4018 ecclesie
1518 3954 1712 4018 subdiaconi
1737 3965 1771 4018 et

7 4035 8 4044 ’
91 4044 223 4107 notarii.
261 4041 367 4107 111Kl.
384 4043 478 4106 Febr.
513 4043 696 4106 Indictione
711 4057 771 4106 vll.
808 4043 1043 4107 incarnationis
1059 4043 1225 4106 dominice
1246 4063 1333 4106 anno
1349 4057 1521 4108 MCLXXIII.
1558 4043 1770 4107 Pontificatus

90 4153 172 4196 vero
196 4133 310 4195 domni
334 4132 516 4196 Alexandri
541 4153 598 4214 pp.
621 4146 660 4196 111
684 4151 771 4195 anno
794 4143 851 4195 xv.

256 4247 298 4296 Or.
319 4246 352 4295 im
370 4246 474 4296 Archiae
491 4246 532 4294 des
553 4244 740 4295 Germanirehen
758 4243 883 4295 Mmeecms
900 4262 930 4295 ru
946 4245 1085 4311 usenberg.

7 4367 8 4378 ,
255 4319 324 4384 Perg.
347 4319 409 4377 reae,
435 4319 567 4376 nouae,
592 4319 653 4382 lang
675 4319 762 4376 0,675,
787 4324 860 4366 carten
878 4319 956 4378 uoto
980 4318 1171 4383 umgeschlagen,
1196 4319 1274 4368 durch
1292 4321 1309 4369 2
1328 4317 1422 4369 Lhrhec
1439 4315 1497 4383 geht
1517 4316 1555 4367 die
1580 4315 1771 4382 brh'eenlr'ehgelhe

7 4381 8 4402 ¹
90 4391 277 4450 Salinarum,
304 4405 390 4439 moran
414 4390 459 4438 dar
485 4387 611 4454 Blein'egcl
632 4389 714 4455 hdcrgt.
750 4388 860 4455 Falueng
881 4391 925 4439 der
947 4390 1045 4439 Bullen.
1081 4389 1252 4454 Harcpthlirper
1274 4391 1343 4440 misse
1364 4406 1415 4438 mer
1432 4391 1519 4448 0,402.
1560 4387 1695 4454 Unuchnfl
1716 4389 1773 4438 rend

7 4463 8 4466 ’
92 4463 261 4528 Unterrchnfl
275 4479 329 4511 vem
347 4459 566 4510 Kontectschreiher
582 4475 667 4509 messer
682 4460 728 4509 das
744 4459 781 4510 die
798 4463 889 4512 letstere
906 4463 1040 4511 einlee'tende
1051 4461 1081 4524 E,
1100 4461 1198 4511 welches
1214 4463 1259 4510 ιυίι
1276 4463 1321 4510 das
1335 4461 1473 4526 Ringlcrercr
1489 4476 1536 4510 von
1554 4459 1684 4510 dmklercr
1694 4461 1770 4510 Dinee

7 4575 8 4600 ,
88 4533 215 4596 aaran,
233 4533 301 4584 wohl
314 4549 361 4582 von
378 4533 480 4581 mederer
496 4534 535 4580 als
546 4531 626 4581 dasG
643 4531 767 4591 Gratim,
786 4533 884 4583 welches
896 4535 922 4583 in
939 4534 977 4582 dr'e
988 4532 1172 4598 Date'crengreile
1189 4534 1338 4599 er'ngctragen
1355 4534 1401 4592 c'st,·
1418 4531 1617 4582 wahrsrher'hlich
1634 4531 1706 4581 dieses
1716 4532 1773 4581 rend

7 4615 8 4620 ’
89 4607 126 4656 die
137 4607 302 4656 Kmectrercrc
313 4604 370 4654 ιιιιᾶ
377 4603 584 4668 Nachrragungen
596 4603 636 4652 des
647 4603 829 4668 Hoecpteerpm
839 4619 887 4656 von
895 4605 1000 4671 gleicher
1009 4604 1090 4655 Hand
1103 4605 1161 4654 und
1174 4605 1257 4654 Driree.
1288 4604 1468 4670 Zeccgmſsrmen
1479 4619 1534 4652 um
1549 4609 1674 4668 grisseren
1690 4603 1770 4652 Thale

88 4693 137 4731 vm
156 4678 335 4728 verschiedencn
351 4675 463 4724 thden
484 4674 541 4723 und
555 4675 630 4724 Dicere
651 4676 807 4740 gerchn'ebcrc,
832 4677 877 4726 das
893 4677 976 4726 Krene
992 4677 1032 4725 des
1049 4683 1125 4728 ersten
1144 4675 1279 4742 Presbyters
1299 4677 1426 4741 Johanerer
1447 4675 1505 4740 ser'g!
1520 4677 1605 4725 hellen
1622 4675 1698 4724 Dinte
1714 4675 1772 4723 md

89 4754 220 4802 schemen
236 4749 317 4798 Harrei
332 4749 370 4797 als
387 4747 425 4796 die
442 4745 543 4810 Schnst,
572 4747 617 4796 dar
633 4747 673 4795 des
691 4746 818 4798 Dr'ahcnen
840 4750 893 4798 oceo
919 4750 992 4799 riihrt
1008 4749 1075 4798 wohl
1094 4763 1142 4797 von
1166 4747 1296 4798 dcmhlcrer
1311 4748 1387 4798 Dinte
1403 4749 1447 4797 her
1463 4749 1501 4795 als
1518 4746 1556 4795 die
1571 4745 1654 4810 ithaige
1671 4745 1767 4796 Fimea.

249 5017 276 5080 a)
295 5015 363 5066 mall
384 5015 437 5080 ores
454 5016 540 5064 Ram
563 5029 611 5064 von
639 5012 768 5064 drochlerer
784 5014 859 5070 Dicite
880 5015 937 5064 und
957 5014 1060 5064 ικᾶιιιι
1082 5014 1163 5066 Hand
1268 5013 1296 5078 b)
1320 5028 1368 5064 von
1392 5013 1523 5064 durhlercr
1546 5011 1623 5063 Dicte
1646 5013 1702 5062 rrnd
1725 5013 1769 5061 der

88 5089 186 5154 verigen
205 5087 286 5138 Hane
300 5089 450 5152 er'ngctragm
522 5089 546 5150 c)
565 5085 618 5150 ares
631 5087 721 5135 h'arrer.

135 5785 157 5814 r.
171 5773 466 5824 errant-nunnus,
482 5774 538 5814 Acta
551 5773 593 5813 111.
