<?xml version="1.0" encoding="UTF-8"?>
<!DOCTYPE html PUBLIC "-//W3C//DTD XHTML 1.0 Transitional//EN"
    "http://www.w3.org/TR/xhtml1/DTD/xhtml1-transitional.dtd">
<html xmlns="http://www.w3.org/1999/xhtml" xml:lang="en" lang="en">
 <head>
  <title>
</title>
<meta http-equiv="Content-Type" content="text/html;charset=utf-8" />
  <meta name='ocr-system' content='tesseract 3.04.00' />
  <meta name='ocr-capabilities' content='ocr_page ocr_carea ocr_par ocr_line ocrx_word'/>
</head>
<body>
  <div class='ocr_page' id='page_1' title='image "./actapontificumr00hargoog_0382.png"; bbox 0 0 4126 6366; ppageno 0'>
   <div class='ocr_carea' id='block_1_1' title="bbox 312 331 378 399">
    <p class='ocr_par' dir='ltr' id='par_1_1' title="bbox 312 331 378 399">
     <span class='ocr_line' id='line_1_1' title="bbox 312 331 378 399; baseline 0.015 -1"><span class='ocrx_word' id='word_1_1' title='bbox 312 331 378 399; x_wconf 84' lang='lat'>370</span> 
     </span>
    </p>
   </div>
   <div class='ocr_carea' id='block_1_2' title="bbox 311 499 2000 3176">
    <p class='ocr_par' dir='ltr' id='par_1_2' title="bbox 311 499 2000 3176">
     <span class='ocr_line' id='line_1_2' title="bbox 314 499 1993 587; baseline -0.005 -18"><span class='ocrx_word' id='word_1_2' title='bbox 314 506 433 570; x_wconf 86' lang='lat' dir='ltr'>lurtum</span> <span class='ocrx_word' id='word_1_3' title='bbox 457 505 672 578; x_wconf 86' lang='lat' dir='ltr'>committere,</span> <span class='ocrx_word' id='word_1_4' title='bbox 703 505 813 585; x_wconf 86' lang='lat' dir='ltr'>ignem</span> <span class='ocrx_word' id='word_1_5' title='bbox 837 523 1022 586; x_wconf 90' lang='lat' dir='ltr'>apponere,</span> <span class='ocrx_word' id='word_1_6' title='bbox 1052 502 1221 567; x_wconf 94' lang='lat' dir='ltr'>hominem</span> <span class='ocrx_word' id='word_1_7' title='bbox 1253 523 1371 587; x_wconf 85' lang='lat' dir='ltr'>capere</span> <span class='ocrx_word' id='word_1_8' title='bbox 1392 502 1446 565; x_wconf 90' lang='lat' dir='ltr'>vel</span> <span class='ocrx_word' id='word_1_9' title='bbox 1470 499 1651 563; x_wconf 87' lang='lat' dir='ltr'>interficere</span> <span class='ocrx_word' id='word_1_10' title='bbox 1673 499 1780 580; x_wconf 89' lang='lat' dir='ltr'>aliqua</span> <span class='ocrx_word' id='word_1_11' title='bbox 1803 500 1993 562; x_wconf 85' lang='lat' dir='ltr'>temeritate</span> 
     </span>
     <span class='ocr_line' id='line_1_3' title="bbox 312 588 1992 679; baseline -0.005 -21"><span class='ocrx_word' id='word_1_12' title='bbox 312 604 488 679; x_wconf 90' lang='lat' dir='ltr'>presumat.</span> <span class='ocrx_word' id='word_1_13' title='bbox 535 591 622 656; x_wconf 90' lang='lat' dir='ltr'>Sane</span> <span class='ocrx_word' id='word_1_14' title='bbox 652 596 678 656; x_wconf 93' lang='lat' dir='ltr'>si</span> <span class='ocrx_word' id='word_1_15' title='bbox 719 593 867 675; x_wconf 87' lang='lat' dir='ltr'>episcopi</span> <span class='ocrx_word' id='word_1_16' title='bbox 905 592 1029 672; x_wconf 91' lang='lat' dir='ltr'>aliquid</span> <span class='ocrx_word' id='word_1_17' title='bbox 1063 593 1104 655; x_wconf 94' lang='lat' dir='ltr'>ab</span> <span class='ocrx_word' id='word_1_18' title='bbox 1136 592 1312 657; x_wconf 87' lang='lat' dir='ltr'>abbatibus</span> <span class='ocrx_word' id='word_1_19' title='bbox 1342 593 1441 657; x_wconf 90' lang='lat' dir='ltr'>vestri</span> <span class='ocrx_word' id='word_1_20' title='bbox 1475 590 1595 652; x_wconf 89' lang='lat' dir='ltr'>ordinis</span> <span class='ocrx_word' id='word_1_21' title='bbox 1626 598 1737 672; x_wconf 92' lang='lat' dir='ltr'>preter</span> <span class='ocrx_word' id='word_1_22' title='bbox 1766 588 1992 652; x_wconf 87' lang='lat' dir='ltr'>obedientiam</span> 
     </span>
     <span class='ocr_line' id='line_1_4' title="bbox 311 677 1994 766; baseline -0.004 -19"><span class='ocrx_word' id='word_1_23' title='bbox 311 684 457 748; x_wconf 89' lang='lat' dir='ltr'>debitam</span> <span class='ocrx_word' id='word_1_24' title='bbox 480 683 533 746; x_wconf 91' lang='lat' dir='ltr'>vel</span> <span class='ocrx_word' id='word_1_25' title='bbox 557 683 719 766; x_wconf 87' lang='lat' dir='ltr'>principes</span> <span class='ocrx_word' id='word_1_26' title='bbox 741 690 828 744; x_wconf 90' lang='lat' dir='ltr'>terre</span> <span class='ocrx_word' id='word_1_27' title='bbox 850 691 963 744; x_wconf 92' lang='lat' dir='ltr'>contra</span> <span class='ocrx_word' id='word_1_28' title='bbox 986 681 1169 745; x_wconf 91' lang='lat' dir='ltr'>libertatem</span> <span class='ocrx_word' id='word_1_29' title='bbox 1187 682 1309 745; x_wconf 90' lang='lat' dir='ltr'>ordinis</span> <span class='ocrx_word' id='word_1_30' title='bbox 1333 679 1657 764; x_wconf 89' lang='lat' dir='ltr'>apredecessoribus</span> <span class='ocrx_word' id='word_1_31' title='bbox 1673 680 1791 742; x_wconf 92' lang='lat' dir='ltr'>nostris</span> <span class='ocrx_word' id='word_1_32' title='bbox 1808 686 1843 741; x_wconf 88' lang='lat' dir='ltr'>et</span> <span class='ocrx_word' id='word_1_33' title='bbox 1857 699 1877 740; x_wconf 89' lang='lat' dir='ltr'>a</span> <span class='ocrx_word' id='word_1_34' title='bbox 1894 677 1994 740; x_wconf 89' lang='lat' dir='ltr'>nobis</span> 
     </span>
     <span class='ocr_line' id='line_1_5' title="bbox 312 767 1994 854; baseline -0.005 -17"><span class='ocrx_word' id='word_1_35' title='bbox 312 773 469 837; x_wconf 85' lang='lat' dir='ltr'>indultam</span> <span class='ocrx_word' id='word_1_36' title='bbox 493 774 699 854; x_wconf 86' lang='lat' dir='ltr'>expetierint,</span> <span class='ocrx_word' id='word_1_37' title='bbox 721 771 857 834; x_wconf 89' lang='lat' dir='ltr'>liberum</span> <span class='ocrx_word' id='word_1_38' title='bbox 882 771 923 833; x_wconf 92' lang='lat' dir='ltr'>sit</span> <span class='ocrx_word' id='word_1_39' title='bbox 945 772 1071 834; x_wconf 90' lang='lat' dir='ltr'>eisdem</span> <span class='ocrx_word' id='word_1_40' title='bbox 1094 770 1271 835; x_wconf 86' lang='lat' dir='ltr'>abbatibus</span> <span class='ocrx_word' id='word_1_41' title='bbox 1294 771 1487 834; x_wconf 90' lang='lat' dir='ltr'>auctoritate</span> <span class='ocrx_word' id='word_1_42' title='bbox 1503 768 1686 851; x_wconf 88' lang='lat' dir='ltr'>apostolica</span> <span class='ocrx_word' id='word_1_43' title='bbox 1701 768 1875 850; x_wconf 83' lang='lat' dir='ltr'>denegare,</span> <span class='ocrx_word' id='word_1_44' title='bbox 1899 767 1994 848; x_wconf 89' lang='lat' dir='ltr'>quod</span> 
     </span>
     <span class='ocr_line' id='line_1_6' title="bbox 312 856 1996 946; baseline -0.004 -20"><span class='ocrx_word' id='word_1_45' title='bbox 312 866 507 945; x_wconf 67' lang='lat' dir='ltr'>petituque</span> <span class='ocrx_word' id='word_1_46' title='bbox 531 863 705 924; x_wconf 90' lang='lat' dir='ltr'>occasione</span> <span class='ocrx_word' id='word_1_47' title='bbox 728 863 790 924; x_wconf 91' lang='lat' dir='ltr'>ista</span> <span class='ocrx_word' id='word_1_48' title='bbox 814 861 980 942; x_wconf 89' lang='lat' dir='ltr'>predictus</span> <span class='ocrx_word' id='word_1_49' title='bbox 1004 857 1109 945; x_wconf 87' lang='lat' dir='ltr'>[ord0,</span> <span class='ocrx_word' id='word_1_50' title='bbox 1134 857 1201 946; x_wconf 90' lang='lat' dir='ltr'>qui]</span> <span class='ocrx_word' id='word_1_51' title='bbox 1225 859 1383 924; x_wconf 91' lang='lat' dir='ltr'>hactenus</span> <span class='ocrx_word' id='word_1_52' title='bbox 1407 858 1489 922; x_wconf 90' lang='lat' dir='ltr'>liber</span> <span class='ocrx_word' id='word_1_53' title='bbox 1512 858 1627 932; x_wconf 86' lang='lat' dir='ltr'>extitit,</span> <span class='ocrx_word' id='word_1_54' title='bbox 1658 856 1801 920; x_wconf 92' lang='lat' dir='ltr'>humane</span> <span class='ocrx_word' id='word_1_55' title='bbox 1824 859 1996 920; x_wconf 91' lang='lat' dir='ltr'>servitutis</span> 
     </span>
     <span class='ocr_line' id='line_1_7' title="bbox 313 945 1996 1035; baseline -0.004 -21"><span class='ocrx_word' id='word_1_56' title='bbox 313 952 433 1035; x_wconf 91' lang='lat' dir='ltr'>laqueo</span> <span class='ocrx_word' id='word_1_57' title='bbox 455 952 615 1034; x_wconf 90' lang='lat' dir='ltr'>alligetur.</span> <span class='ocrx_word' id='word_1_58' title='bbox 662 947 814 1032; x_wconf 85' lang='lat' dir='ltr'>Quodsi</span> <span class='ocrx_word' id='word_1_59' title='bbox 838 951 900 1032; x_wconf 95' lang='lat' dir='ltr'>ipsi</span> <span class='ocrx_word' id='word_1_60' title='bbox 933 951 1081 1033; x_wconf 87' lang='lat' dir='ltr'>episcopi</span> <span class='ocrx_word' id='word_1_61' title='bbox 1111 949 1252 1030; x_wconf 83' lang='lat' dir='ltr'>aliquam</span> <span class='ocrx_word' id='word_1_62' title='bbox 1285 959 1421 1033; x_wconf 89' lang='lat' dir='ltr'>propter</span> <span class='ocrx_word' id='word_1_63' title='bbox 1453 948 1517 1010; x_wconf 92' lang='lat' dir='ltr'>hoc</span> <span class='ocrx_word' id='word_1_64' title='bbox 1547 949 1580 1010; x_wconf 91' lang='lat' dir='ltr'>in</span> <span class='ocrx_word' id='word_1_65' title='bbox 1613 946 1767 1010; x_wconf 89' lang='lat' dir='ltr'>ecclesias</span> <span class='ocrx_word' id='word_1_66' title='bbox 1789 955 1917 1010; x_wconf 87' lang='lat' dir='ltr'>vestras</span> <span class='ocrx_word' id='word_1_67' title='bbox 1941 945 1996 1007; x_wconf 89' lang='lat' dir='ltr'>vel</span> 
     </span>
     <span class='ocr_line' id='line_1_8' title="bbox 313 1031 1996 1124; baseline -0.004 -19"><span class='ocrx_word' id='word_1_68' title='bbox 313 1062 470 1124; x_wconf 86' lang='lat' dir='ltr'>personas</span> <span class='ocrx_word' id='word_1_69' title='bbox 492 1043 686 1104; x_wconf 87' lang='lat' dir='ltr'>sententiam</span> <span class='ocrx_word' id='word_1_70' title='bbox 711 1039 997 1121; x_wconf 84' lang='lat' dir='ltr'>promulgaverint,</span> <span class='ocrx_word' id='word_1_71' title='bbox 1021 1039 1159 1102; x_wconf 90' lang='lat' dir='ltr'>liberum</span> <span class='ocrx_word' id='word_1_72' title='bbox 1182 1042 1224 1103; x_wconf 94' lang='lat' dir='ltr'>sit</span> <span class='ocrx_word' id='word_1_73' title='bbox 1248 1040 1372 1104; x_wconf 87' lang='lat' dir='ltr'>eisdem</span> <span class='ocrx_word' id='word_1_74' title='bbox 1396 1031 1605 1122; x_wconf 84' lang='lat' dir='ltr'>abb[ati]bus,</span> <span class='ocrx_word' id='word_1_75' title='bbox 1628 1037 1767 1100; x_wconf 89' lang='lat' dir='ltr'>eandem</span> <span class='ocrx_word' id='word_1_76' title='bbox 1792 1037 1996 1099; x_wconf 83' lang='lat' dir='ltr'>sententiam</span> 
     </span>
     <span class='ocr_line' id='line_1_9' title="bbox 313 1123 1997 1213; baseline -0.005 -18"><span class='ocrx_word' id='word_1_77' title='bbox 313 1141 480 1212; x_wconf 90' lang='lat' dir='ltr'>tamquam</span> <span class='ocrx_word' id='word_1_78' title='bbox 496 1138 610 1193; x_wconf 90' lang='lat' dir='ltr'>contra</span> <span class='ocrx_word' id='word_1_79' title='bbox 625 1128 809 1213; x_wconf 92' lang='lat' dir='ltr'>apostolice</span> <span class='ocrx_word' id='word_1_80' title='bbox 825 1129 911 1191; x_wconf 89' lang='lat' dir='ltr'>sedis</span> <span class='ocrx_word' id='word_1_81' title='bbox 928 1123 1077 1213; x_wconf 84' lang='lat' dir='ltr'>[indulta]</span> <span class='ocrx_word' id='word_1_82' title='bbox 1092 1128 1263 1212; x_wconf 91' lang='lat' dir='ltr'>prolatam,</span> <span class='ocrx_word' id='word_1_83' title='bbox 1280 1129 1485 1192; x_wconf 91' lang='lat' dir='ltr'>decernimus</span> <span class='ocrx_word' id='word_1_84' title='bbox 1505 1124 1532 1210; x_wconf 78' lang='lat' dir='ltr'>a)</span> <span class='ocrx_word' id='word_1_85' title='bbox 1548 1126 1746 1189; x_wconf 91' lang='lat' dir='ltr'>irritandam.</span> <span class='ocrx_word' id='word_1_86' title='bbox 1775 1125 1997 1188; x_wconf 91' lang='lat' dir='ltr'>Decernimus</span> 
     </span>
     <span class='ocr_line' id='line_1_10' title="bbox 313 1211 1999 1303; baseline -0.004 -20"><span class='ocrx_word' id='word_1_87' title='bbox 313 1240 403 1303; x_wconf 92' lang='lat' dir='ltr'>ergo,</span> <span class='ocrx_word' id='word_1_88' title='bbox 435 1232 469 1283; x_wconf 87' lang='lat' dir='ltr'>ut</span> <span class='ocrx_word' id='word_1_89' title='bbox 492 1219 569 1282; x_wconf 94' lang='lat' dir='ltr'>nulli</span> <span class='ocrx_word' id='word_1_90' title='bbox 598 1221 732 1282; x_wconf 92' lang='lat' dir='ltr'>omnino</span> <span class='ocrx_word' id='word_1_91' title='bbox 755 1217 923 1281; x_wconf 92' lang='lat' dir='ltr'>hominum</span> <span class='ocrx_word' id='word_1_92' title='bbox 946 1217 1050 1294; x_wconf 92' lang='lat' dir='ltr'>liceat,</span> <span class='ocrx_word' id='word_1_93' title='bbox 1081 1218 1243 1300; x_wconf 81' lang='lat' dir='ltr'>prefatum</span> <span class='ocrx_word' id='word_1_94' title='bbox 1268 1217 1500 1280; x_wconf 89' lang='lat' dir='ltr'>monasterium</span> <span class='ocrx_word' id='word_1_95' title='bbox 1519 1211 1548 1299; x_wconf 80' lang='lat' dir='ltr'>b)</span> <span class='ocrx_word' id='word_1_96' title='bbox 1571 1223 1696 1278; x_wconf 90' lang='lat' dir='ltr'>temere</span> <span class='ocrx_word' id='word_1_97' title='bbox 1719 1215 1915 1297; x_wconf 90' lang='lat' dir='ltr'>perturbare</span> <span class='ocrx_word' id='word_1_98' title='bbox 1938 1223 1999 1277; x_wconf 90' lang='lat' dir='ltr'>aut</span> 
     </span>
     <span class='ocr_line' id='line_1_11' title="bbox 314 1303 1998 1393; baseline -0.005 -20"><span class='ocrx_word' id='word_1_99' title='bbox 314 1313 383 1373; x_wconf 91' lang='lat' dir='ltr'>eius</span> <span class='ocrx_word' id='word_1_100' title='bbox 400 1310 624 1392; x_wconf 89' lang='lat' dir='ltr'>possessiones</span> <span class='ocrx_word' id='word_1_101' title='bbox 639 1307 767 1372; x_wconf 86' lang='lat' dir='ltr'>auferre</span> <span class='ocrx_word' id='word_1_102' title='bbox 782 1307 834 1370; x_wconf 92' lang='lat' dir='ltr'>vel</span> <span class='ocrx_word' id='word_1_103' title='bbox 849 1306 976 1370; x_wconf 86' lang='lat' dir='ltr'>ablatas</span> <span class='ocrx_word' id='word_1_104' title='bbox 993 1303 1156 1393; x_wconf 82' lang='lat' dir='ltr'>[retinere]</span> <span class='ocrx_word' id='word_1_105' title='bbox 1181 1327 1241 1370; x_wconf 92' lang='lat' dir='ltr'>nec</span> <span class='ocrx_word' id='word_1_106' title='bbox 1257 1326 1354 1374; x_wconf 85' lang='lat' dir='ltr'>causa</span> <span class='ocrx_word' id='word_1_107' title='bbox 1370 1305 1455 1368; x_wconf 87' lang='lat' dir='ltr'>fodri</span> <span class='ocrx_word' id='word_1_108' title='bbox 1471 1325 1529 1368; x_wconf 91' lang='lat' dir='ltr'>seu</span> <span class='ocrx_word' id='word_1_109' title='bbox 1545 1304 1747 1384; x_wconf 86' lang='lat' dir='ltr'>quibuslibet</span> <span class='ocrx_word' id='word_1_110' title='bbox 1761 1303 1998 1368; x_wconf 83' lang='lat' dir='ltr'>vexationibus</span> 
     </span>
     <span class='ocr_line' id='line_1_12' title="bbox 314 1393 1999 1481; baseline -0.005 -19"><span class='ocrx_word' id='word_1_111' title='bbox 314 1399 460 1481; x_wconf 85' lang='lat' dir='ltr'>fatigare,</span> <span class='ocrx_word' id='word_1_112' title='bbox 477 1400 535 1462; x_wconf 90' lang='lat' dir='ltr'>sed</span> <span class='ocrx_word' id='word_1_113' title='bbox 552 1399 662 1461; x_wconf 90' lang='lat' dir='ltr'>omnia</span> <span class='ocrx_word' id='word_1_114' title='bbox 678 1399 806 1480; x_wconf 90' lang='lat' dir='ltr'>integra</span> <span class='ocrx_word' id='word_1_115' title='bbox 822 1407 1054 1460; x_wconf 89' lang='lat' dir='ltr'>conserventur</span> <span class='ocrx_word' id='word_1_116' title='bbox 1070 1417 1195 1472; x_wconf 90' lang='lat' dir='ltr'>eorum,</span> <span class='ocrx_word' id='word_1_117' title='bbox 1211 1417 1273 1479; x_wconf 92' lang='lat' dir='ltr'>pro</span> <span class='ocrx_word' id='word_1_118' title='bbox 1289 1415 1429 1476; x_wconf 92' lang='lat' dir='ltr'>quorum</span> <span class='ocrx_word' id='word_1_119' title='bbox 1445 1395 1682 1477; x_wconf 88' lang='lat' dir='ltr'>gubernatione</span> <span class='ocrx_word' id='word_1_120' title='bbox 1697 1415 1735 1457; x_wconf 92' lang='lat' dir='ltr'>ac</span> <span class='ocrx_word' id='word_1_121' title='bbox 1750 1393 1999 1458; x_wconf 88' lang='lat' dir='ltr'>sustentatione</span> 
     </span>
     <span class='ocr_line' id='line_1_13' title="bbox 314 1481 2000 1568; baseline -0.004 -18"><span class='ocrx_word' id='word_1_122' title='bbox 314 1509 472 1553; x_wconf 91' lang='lat' dir='ltr'>concessa</span> <span class='ocrx_word' id='word_1_123' title='bbox 493 1495 581 1563; x_wconf 92' lang='lat' dir='ltr'>sunt,</span> <span class='ocrx_word' id='word_1_124' title='bbox 613 1487 723 1550; x_wconf 89' lang='lat' dir='ltr'>usibus</span> <span class='ocrx_word' id='word_1_125' title='bbox 747 1487 947 1550; x_wconf 91' lang='lat' dir='ltr'>omnimodis</span> <span class='ocrx_word' id='word_1_126' title='bbox 978 1485 1165 1568; x_wconf 85' lang='lat' dir='ltr'>profutura,</span> <span class='ocrx_word' id='word_1_127' title='bbox 1194 1486 1283 1550; x_wconf 91' lang='lat' dir='ltr'>salva</span> <span class='ocrx_word' id='word_1_128' title='bbox 1305 1486 1393 1548; x_wconf 89' lang='lat' dir='ltr'>sedis</span> <span class='ocrx_word' id='word_1_129' title='bbox 1416 1482 1598 1566; x_wconf 90' lang='lat' dir='ltr'>apostolice</span> <span class='ocrx_word' id='word_1_130' title='bbox 1621 1484 1819 1547; x_wconf 90' lang='lat' dir='ltr'>auctoritate.</span> <span class='ocrx_word' id='word_1_131' title='bbox 1866 1481 2000 1562; x_wconf 89' lang='lat' dir='ltr'>Siqua</span> 
     </span>
     <span class='ocr_line' id='line_1_14' title="bbox 316 1572 1582 1660; baseline -0.004 -20"><span class='ocrx_word' id='word_1_132' title='bbox 316 1579 412 1660; x_wconf 91' lang='lat' dir='ltr'>igitur</span> <span class='ocrx_word' id='word_1_133' title='bbox 436 1626 443 1642; x_wconf 93' lang='lat'>.</span> <span class='ocrx_word' id='word_1_134' title='bbox 469 1628 476 1643; x_wconf 92' lang='lat'>.</span> <span class='ocrx_word' id='word_1_135' title='bbox 501 1627 508 1642; x_wconf 93' lang='lat'>.</span> <span class='ocrx_word' id='word_1_136' title='bbox 533 1576 666 1641; x_wconf 90' lang='lat' dir='ltr'>Cunctis</span> <span class='ocrx_word' id='word_1_137' title='bbox 690 1587 799 1639; x_wconf 91' lang='lat' dir='ltr'>autem</span> <span class='ocrx_word' id='word_1_138' title='bbox 822 1622 830 1638; x_wconf 87' lang='lat'>.</span> <span class='ocrx_word' id='word_1_139' title='bbox 855 1625 862 1639; x_wconf 97' lang='lat'>.</span> <span class='ocrx_word' id='word_1_140' title='bbox 887 1623 894 1639; x_wconf 90' lang='lat'>.</span> <span class='ocrx_word' id='word_1_141' title='bbox 918 1577 1092 1639; x_wconf 90' lang='lat' dir='ltr'>inveniant.</span> <span class='ocrx_word' id='word_1_142' title='bbox 1139 1575 1258 1638; x_wconf 91' lang='lat' dir='ltr'>Amen.</span> <span class='ocrx_word' id='word_1_143' title='bbox 1280 1573 1372 1637; x_wconf 93' lang='lat' dir='ltr'>A·m.</span> <span class='ocrx_word' id='word_1_144' title='bbox 1394 1572 1514 1636; x_wconf 90' lang='lat' dir='ltr'>Amen.</span> <span class='ocrx_word' id='word_1_145' title='bbox 1537 1607 1582 1618; x_wconf 91' lang='lat'><em>-</em></span> 
     </span>
     <span class='ocr_line' id='line_1_15' title="bbox 528 1659 1574 1752; baseline -0.002 -23"><span class='ocrx_word' id='word_1_146' title='bbox 528 1663 583 1752; x_wconf 84' lang='lat' dir='ltr'>(R)</span> <span class='ocrx_word' id='word_1_147' title='bbox 606 1666 680 1748; x_wconf 90' lang='lat' dir='ltr'>Ego</span> <span class='ocrx_word' id='word_1_148' title='bbox 704 1664 856 1729; x_wconf 90' lang='lat' dir='ltr'>Clemens</span> <span class='ocrx_word' id='word_1_149' title='bbox 879 1661 1064 1750; x_wconf 70' lang='lat' dir='ltr'>catblolice]</span> <span class='ocrx_word' id='word_1_150' title='bbox 1088 1666 1224 1729; x_wconf 89' lang='lat' dir='ltr'>ecclesie</span> <span class='ocrx_word' id='word_1_151' title='bbox 1247 1666 1423 1747; x_wconf 89' lang='lat' dir='ltr'>episcopus</span> <span class='ocrx_word' id='word_1_152' title='bbox 1446 1683 1487 1726; x_wconf 89' lang='lat' dir='ltr'>ss.</span> <span class='ocrx_word' id='word_1_153' title='bbox 1512 1659 1574 1748; x_wconf 88' lang='lat' dir='ltr'>(M)</span> 
     </span>
     <span class='ocr_line' id='line_1_16' title="bbox 527 1749 1999 1838; baseline -0.003 -22"><span class='ocrx_word' id='word_1_154' title='bbox 527 1753 603 1837; x_wconf 84' lang='lat'>-†</span> <span class='ocrx_word' id='word_1_155' title='bbox 619 1753 692 1838; x_wconf 91' lang='lat' dir='ltr'>Ego</span> <span class='ocrx_word' id='word_1_156' title='bbox 704 1755 875 1818; x_wconf 90' lang='lat' dir='ltr'>Laborans</span> <span class='ocrx_word' id='word_1_157' title='bbox 891 1755 1050 1837; x_wconf 87' lang='lat' dir='ltr'>presbiter</span> <span class='ocrx_word' id='word_1_158' title='bbox 1066 1753 1236 1817; x_wconf 92' lang='lat' dir='ltr'>cardinalis</span> <span class='ocrx_word' id='word_1_159' title='bbox 1259 1763 1370 1817; x_wconf 89' lang='lat' dir='ltr'>sancte</span> <span class='ocrx_word' id='word_1_160' title='bbox 1384 1752 1486 1816; x_wconf 89' lang='lat' dir='ltr'>Marie</span> <span class='ocrx_word' id='word_1_161' title='bbox 1506 1749 1740 1830; x_wconf 86' lang='lat' dir='ltr'>transtyberim</span> <span class='ocrx_word' id='word_1_162' title='bbox 1754 1751 1803 1814; x_wconf 90' lang='lat' dir='ltr'>tit.</span> <span class='ocrx_word' id='word_1_163' title='bbox 1816 1749 1939 1814; x_wconf 89' lang='lat' dir='ltr'>Calixti</span> <span class='ocrx_word' id='word_1_164' title='bbox 1955 1770 1999 1812; x_wconf 78' lang='lat' dir='ltr'>ss</span> 
     </span>
     <span class='ocr_line' id='line_1_17' title="bbox 529 1839 1786 1928; baseline -0.004 -21"><span class='ocrx_word' id='word_1_165' title='bbox 529 1841 549 1928; x_wconf 84' lang='lat'><em>†</em></span> <span class='ocrx_word' id='word_1_166' title='bbox 572 1844 646 1926; x_wconf 88' lang='lat' dir='ltr'>Ego</span> <span class='ocrx_word' id='word_1_167' title='bbox 669 1843 845 1907; x_wconf 86' lang='lat' dir='ltr'>Pandulius</span> <span class='ocrx_word' id='word_1_168' title='bbox 868 1844 1032 1926; x_wconf 90' lang='lat' dir='ltr'>presbiter</span> <span class='ocrx_word' id='word_1_169' title='bbox 1054 1843 1224 1907; x_wconf 86' lang='lat' dir='ltr'>cardinalis</span> <span class='ocrx_word' id='word_1_170' title='bbox 1248 1843 1382 1908; x_wconf 89' lang='lat' dir='ltr'>basilice</span> <span class='ocrx_word' id='word_1_171' title='bbox 1406 1856 1457 1906; x_wconf 83' lang='lat' dir='ltr'>XII</span> <span class='ocrx_word' id='word_1_172' title='bbox 1480 1839 1720 1924; x_wconf 90' lang='lat' dir='ltr'>Apostolorum</span> <span class='ocrx_word' id='word_1_173' title='bbox 1744 1860 1786 1902; x_wconf 90' lang='lat' dir='ltr'>ss.</span> 
     </span>
     <span class='ocr_line' id='line_1_18' title="bbox 529 1927 1903 2016; baseline -0.004 -20"><span class='ocrx_word' id='word_1_174' title='bbox 529 1930 550 2015; x_wconf 92' lang='lat'><strong>†</strong></span> <span class='ocrx_word' id='word_1_175' title='bbox 573 1933 646 2015; x_wconf 90' lang='lat' dir='ltr'>Ego</span> <span class='ocrx_word' id='word_1_176' title='bbox 670 1932 813 1996; x_wconf 90' lang='lat' dir='ltr'>Albinus</span> <span class='ocrx_word' id='word_1_177' title='bbox 835 1935 884 1996; x_wconf 91' lang='lat' dir='ltr'>tit.</span> <span class='ocrx_word' id='word_1_178' title='bbox 907 1941 1019 1996; x_wconf 89' lang='lat' dir='ltr'>sancte</span> <span class='ocrx_word' id='word_1_179' title='bbox 1042 1931 1154 1996; x_wconf 90' lang='lat' dir='ltr'>Crucis</span> <span class='ocrx_word' id='word_1_180' title='bbox 1177 1935 1211 1995; x_wconf 91' lang='lat' dir='ltr'>in</span> <span class='ocrx_word' id='word_1_181' title='bbox 1231 1931 1408 1996; x_wconf 88' lang='lat' dir='ltr'>Ierusalem</span> <span class='ocrx_word' id='word_1_182' title='bbox 1426 1927 1456 2016; x_wconf 87' lang='lat' dir='ltr'>c)</span> <span class='ocrx_word' id='word_1_183' title='bbox 1479 1929 1642 2013; x_wconf 88' lang='lat' dir='ltr'>presbiter</span> <span class='ocrx_word' id='word_1_184' title='bbox 1665 1929 1837 1994; x_wconf 90' lang='lat' dir='ltr'>cardinalis</span> <span class='ocrx_word' id='word_1_185' title='bbox 1859 1948 1903 1992; x_wconf 91' lang='lat' dir='ltr'>ss.</span> 
     </span>
     <span class='ocr_line' id='line_1_19' title="bbox 529 2020 1611 2105; baseline -0.001 -22"><span class='ocrx_word' id='word_1_186' title='bbox 529 2021 550 2105; x_wconf 83' lang='lat'>†</span> <span class='ocrx_word' id='word_1_187' title='bbox 574 2021 647 2104; x_wconf 90' lang='lat' dir='ltr'>Ego</span> <span class='ocrx_word' id='word_1_188' title='bbox 670 2022 767 2085; x_wconf 90' lang='lat' dir='ltr'>Bobo</span> <span class='ocrx_word' id='word_1_189' title='bbox 790 2024 835 2086; x_wconf 84' lang='lat' dir='ltr'>tit</span> <span class='ocrx_word' id='word_1_190' title='bbox 858 2031 980 2088; x_wconf 84' lang='lat' dir='ltr'>sancte.</span> <span class='ocrx_word' id='word_1_191' title='bbox 994 2021 1168 2085; x_wconf 88' lang='lat' dir='ltr'>Anastasie</span> <span class='ocrx_word' id='word_1_192' title='bbox 1192 2021 1353 2105; x_wconf 90' lang='lat' dir='ltr'>presbiter</span> <span class='ocrx_word' id='word_1_193' title='bbox 1376 2020 1546 2084; x_wconf 89' lang='lat' dir='ltr'>cardinalis</span> <span class='ocrx_word' id='word_1_194' title='bbox 1569 2040 1611 2082; x_wconf 75' lang='lat' dir='ltr'>ss,</span> 
     </span>
     <span class='ocr_line' id='line_1_20' title="bbox 530 2106 1709 2197; baseline -0.002 -23"><span class='ocrx_word' id='word_1_195' title='bbox 530 2110 550 2194; x_wconf 93' lang='lat'><em>†</em></span> <span class='ocrx_word' id='word_1_196' title='bbox 574 2111 647 2192; x_wconf 91' lang='lat' dir='ltr'>Ego</span> <span class='ocrx_word' id='word_1_197' title='bbox 670 2106 886 2197; x_wconf 87' lang='lat' dir='ltr'>Alex(ander)</span> <span class='ocrx_word' id='word_1_198' title='bbox 908 2114 957 2174; x_wconf 90' lang='lat' dir='ltr'>tit.</span> <span class='ocrx_word' id='word_1_199' title='bbox 980 2123 1093 2175; x_wconf 89' lang='lat' dir='ltr'>sancte</span> <span class='ocrx_word' id='word_1_200' title='bbox 1115 2109 1264 2176; x_wconf 90' lang='lat' dir='ltr'>Susanne</span> <span class='ocrx_word' id='word_1_201' title='bbox 1287 2111 1450 2194; x_wconf 90' lang='lat' dir='ltr'>presbiter</span> <span class='ocrx_word' id='word_1_202' title='bbox 1472 2110 1645 2173; x_wconf 86' lang='lat' dir='ltr'>cardinalis</span> <span class='ocrx_word' id='word_1_203' title='bbox 1668 2129 1709 2172; x_wconf 94' lang='lat' dir='ltr'>ss.</span> 
     </span>
     <span class='ocr_line' id='line_1_21' title="bbox 530 2195 1536 2284; baseline 0.001 -23"><span class='ocrx_word' id='word_1_204' title='bbox 530 2199 550 2284; x_wconf 88' lang='lat'>†</span> <span class='ocrx_word' id='word_1_205' title='bbox 574 2199 647 2282; x_wconf 93' lang='lat' dir='ltr'>Ego</span> <span class='ocrx_word' id='word_1_206' title='bbox 669 2202 784 2264; x_wconf 91' lang='lat' dir='ltr'>Petrus</span> <span class='ocrx_word' id='word_1_207' title='bbox 808 2201 856 2264; x_wconf 91' lang='lat' dir='ltr'>tit.</span> <span class='ocrx_word' id='word_1_208' title='bbox 880 2203 983 2265; x_wconf 92' lang='lat' dir='ltr'>sancti</span> <span class='ocrx_word' id='word_1_209' title='bbox 1006 2201 1173 2264; x_wconf 87' lang='lat' dir='ltr'>Laurentii</span> <span class='ocrx_word' id='word_1_210' title='bbox 1197 2203 1230 2264; x_wconf 91' lang='lat' dir='ltr'>in</span> <span class='ocrx_word' id='word_1_211' title='bbox 1253 2199 1400 2264; x_wconf 90' lang='lat' dir='ltr'>Damaso</span> <span class='ocrx_word' id='word_1_212' title='bbox 1423 2219 1465 2262; x_wconf 78' lang='lat' dir='ltr'>ss,</span> <span class='ocrx_word' id='word_1_213' title='bbox 1489 2195 1536 2284; x_wconf 87' lang='lat'>(1)</span> 
     </span>
     <span class='ocr_line' id='line_1_22' title="bbox 529 2285 1922 2376; baseline -0.004 -24"><span class='ocrx_word' id='word_1_214' title='bbox 529 2325 574 2336; x_wconf 96' lang='lat'>—</span> <span class='ocrx_word' id='word_1_215' title='bbox 597 2287 616 2372; x_wconf 93' lang='lat'>†</span> <span class='ocrx_word' id='word_1_216' title='bbox 640 2288 713 2372; x_wconf 93' lang='lat' dir='ltr'>Ego</span> <span class='ocrx_word' id='word_1_217' title='bbox 736 2285 902 2376; x_wconf 87' lang='lat' dir='ltr'>Iac(intus)</span> <span class='ocrx_word' id='word_1_218' title='bbox 925 2291 1084 2354; x_wconf 91' lang='lat' dir='ltr'>diaconus</span> <span class='ocrx_word' id='word_1_219' title='bbox 1107 2291 1280 2354; x_wconf 91' lang='lat' dir='ltr'>cardinalis</span> <span class='ocrx_word' id='word_1_220' title='bbox 1303 2300 1416 2353; x_wconf 89' lang='lat' dir='ltr'>sancte</span> <span class='ocrx_word' id='word_1_221' title='bbox 1434 2287 1464 2374; x_wconf 83' lang='lat' dir='ltr'>d)</span> <span class='ocrx_word' id='word_1_222' title='bbox 1488 2288 1592 2352; x_wconf 89' lang='lat' dir='ltr'>Marie</span> <span class='ocrx_word' id='word_1_223' title='bbox 1616 2289 1649 2350; x_wconf 92' lang='lat' dir='ltr'>in</span> <span class='ocrx_word' id='word_1_224' title='bbox 1672 2285 1854 2367; x_wconf 89' lang='lat' dir='ltr'>Cosmidyn</span> <span class='ocrx_word' id='word_1_225' title='bbox 1876 2307 1922 2348; x_wconf 76' lang='lat' dir='ltr'>ss</span> 
     </span>
     <span class='ocr_line' id='line_1_23' title="bbox 530 2375 1946 2466; baseline -0.003 -24"><span class='ocrx_word' id='word_1_226' title='bbox 530 2377 550 2464; x_wconf 88' lang='lat'>†</span> <span class='ocrx_word' id='word_1_227' title='bbox 574 2380 647 2460; x_wconf 89' lang='lat' dir='ltr'>Ego</span> <span class='ocrx_word' id='word_1_228' title='bbox 673 2376 872 2465; x_wconf 89' lang='lat' dir='ltr'>Gra(tianus)</span> <span class='ocrx_word' id='word_1_229' title='bbox 891 2377 918 2466; x_wconf 89' lang='lat' dir='ltr'>e)</span> <span class='ocrx_word' id='word_1_230' title='bbox 940 2389 1126 2443; x_wconf 88' lang='lat' dir='ltr'>sanctorum</span> <span class='ocrx_word' id='word_1_231' title='bbox 1150 2378 1271 2443; x_wconf 90' lang='lat' dir='ltr'>Cosme</span> <span class='ocrx_word' id='word_1_232' title='bbox 1294 2387 1328 2441; x_wconf 91' lang='lat' dir='ltr'>et</span> <span class='ocrx_word' id='word_1_233' title='bbox 1348 2379 1502 2441; x_wconf 91' lang='lat' dir='ltr'>Damiani</span> <span class='ocrx_word' id='word_1_234' title='bbox 1524 2378 1682 2441; x_wconf 91' lang='lat' dir='ltr'>diaconus</span> <span class='ocrx_word' id='word_1_235' title='bbox 1705 2375 1876 2439; x_wconf 91' lang='lat' dir='ltr'>cardinalis</span> <span class='ocrx_word' id='word_1_236' title='bbox 1899 2395 1946 2438; x_wconf 82' lang='lat' dir='ltr'>ss,</span> 
     </span>
     <span class='ocr_line' id='line_1_24' title="bbox 447 2466 1566 2551; baseline 0.001 -23"><span class='ocrx_word' id='word_1_237' title='bbox 447 2517 450 2522; x_wconf 95' lang='lat'>.</span> <span class='ocrx_word' id='word_1_238' title='bbox 530 2467 551 2551; x_wconf 83' lang='lat'>†</span> <span class='ocrx_word' id='word_1_239' title='bbox 575 2466 648 2548; x_wconf 89' lang='lat' dir='ltr'>Ego</span> <span class='ocrx_word' id='word_1_240' title='bbox 673 2468 840 2532; x_wconf 89' lang='lat' dir='ltr'>Gerardus</span> <span class='ocrx_word' id='word_1_241' title='bbox 863 2469 964 2531; x_wconf 93' lang='lat' dir='ltr'>sancti</span> <span class='ocrx_word' id='word_1_242' title='bbox 988 2466 1122 2532; x_wconf 92' lang='lat' dir='ltr'>Adriani</span> <span class='ocrx_word' id='word_1_243' title='bbox 1146 2470 1303 2532; x_wconf 89' lang='lat' dir='ltr'>diaconus</span> <span class='ocrx_word' id='word_1_244' title='bbox 1326 2468 1500 2531; x_wconf 90' lang='lat' dir='ltr'>cardinalis</span> <span class='ocrx_word' id='word_1_245' title='bbox 1524 2488 1566 2531; x_wconf 91' lang='lat' dir='ltr'>ss.</span> 
     </span>
     <span class='ocr_line' id='line_1_25' title="bbox 531 2555 1830 2640; baseline -0.002 -21"><span class='ocrx_word' id='word_1_246' title='bbox 531 2556 552 2640; x_wconf 83' lang='lat'>†</span> <span class='ocrx_word' id='word_1_247' title='bbox 575 2557 648 2638; x_wconf 92' lang='lat' dir='ltr'>Ego</span> <span class='ocrx_word' id='word_1_248' title='bbox 673 2555 872 2620; x_wconf 91' lang='lat' dir='ltr'>Octavianus</span> <span class='ocrx_word' id='word_1_249' title='bbox 895 2566 1080 2621; x_wconf 92' lang='lat' dir='ltr'>sanctorum</span> <span class='ocrx_word' id='word_1_250' title='bbox 1104 2558 1208 2640; x_wconf 88' lang='lat' dir='ltr'>Sergii</span> <span class='ocrx_word' id='word_1_251' title='bbox 1232 2567 1266 2621; x_wconf 91' lang='lat' dir='ltr'>et</span> <span class='ocrx_word' id='word_1_252' title='bbox 1287 2556 1388 2620; x_wconf 90' lang='lat' dir='ltr'>Bachi</span> <span class='ocrx_word' id='word_1_253' title='bbox 1411 2557 1569 2620; x_wconf 89' lang='lat' dir='ltr'>diaconus</span> <span class='ocrx_word' id='word_1_254' title='bbox 1593 2555 1765 2619; x_wconf 90' lang='lat' dir='ltr'>cardinalis</span> <span class='ocrx_word' id='word_1_255' title='bbox 1788 2575 1830 2616; x_wconf 88' lang='lat' dir='ltr'>ss.</span> 
     </span>
     <span class='ocr_line' id='line_1_26' title="bbox 531 2642 1890 2734; baseline -0.003 -25"><span class='ocrx_word' id='word_1_256' title='bbox 531 2644 551 2728; x_wconf 93' lang='lat'><em>†</em></span> <span class='ocrx_word' id='word_1_257' title='bbox 575 2647 648 2728; x_wconf 92' lang='lat' dir='ltr'>Ego</span> <span class='ocrx_word' id='word_1_258' title='bbox 671 2645 832 2710; x_wconf 91' lang='lat' dir='ltr'>Iohannes</span> <span class='ocrx_word' id='word_1_259' title='bbox 856 2647 935 2711; x_wconf 85' lang='lat' dir='ltr'>felix</span> <span class='ocrx_word' id='word_1_260' title='bbox 957 2647 1115 2711; x_wconf 92' lang='lat' dir='ltr'>diaconus</span> <span class='ocrx_word' id='word_1_261' title='bbox 1138 2647 1307 2711; x_wconf 92' lang='lat' dir='ltr'>cardinalis</span> <span class='ocrx_word' id='word_1_262' title='bbox 1330 2642 1469 2734; x_wconf 84' lang='lat' dir='ltr'>iux(s&gt;ta</span> <span class='ocrx_word' id='word_1_263' title='bbox 1492 2645 1651 2729; x_wconf 91' lang='lat' dir='ltr'>templum</span> <span class='ocrx_word' id='word_1_264' title='bbox 1674 2643 1825 2727; x_wconf 86' lang='lat' dir='ltr'>Agrippe</span> <span class='ocrx_word' id='word_1_265' title='bbox 1847 2663 1890 2705; x_wconf 89' lang='lat' dir='ltr'>ss.</span> 
     </span>
     <span class='ocr_line' id='line_1_27' title="bbox 531 2733 1666 2818; baseline 0 -22"><span class='ocrx_word' id='word_1_266' title='bbox 531 2734 552 2818; x_wconf 83' lang='lat'>†</span> <span class='ocrx_word' id='word_1_267' title='bbox 575 2733 649 2816; x_wconf 91' lang='lat' dir='ltr'>Ego</span> <span class='ocrx_word' id='word_1_268' title='bbox 672 2736 857 2800; x_wconf 92' lang='lat' dir='ltr'>Bernardus</span> <span class='ocrx_word' id='word_1_269' title='bbox 878 2745 990 2800; x_wconf 90' lang='lat' dir='ltr'>sancte</span> <span class='ocrx_word' id='word_1_270' title='bbox 1015 2738 1119 2801; x_wconf 91' lang='lat' dir='ltr'>Marie</span> <span class='ocrx_word' id='word_1_271' title='bbox 1141 2756 1226 2800; x_wconf 93' lang='lat' dir='ltr'>nove</span> <span class='ocrx_word' id='word_1_272' title='bbox 1249 2737 1405 2799; x_wconf 90' lang='lat' dir='ltr'>diaconus</span> <span class='ocrx_word' id='word_1_273' title='bbox 1429 2736 1603 2799; x_wconf 89' lang='lat' dir='ltr'>cardinalis</span> <span class='ocrx_word' id='word_1_274' title='bbox 1625 2755 1666 2797; x_wconf 82' lang='lat' dir='ltr'>ss,</span> 
     </span>
     <span class='ocr_line' id='line_1_28' title="bbox 531 2822 1759 2908; baseline -0.002 -20"><span class='ocrx_word' id='word_1_275' title='bbox 531 2822 552 2908; x_wconf 84' lang='lat'>†</span> <span class='ocrx_word' id='word_1_276' title='bbox 576 2825 650 2907; x_wconf 89' lang='lat' dir='ltr'>Ego</span> <span class='ocrx_word' id='word_1_277' title='bbox 673 2823 850 2908; x_wconf 87' lang='lat' dir='ltr'>Gregorius</span> <span class='ocrx_word' id='word_1_278' title='bbox 872 2835 987 2889; x_wconf 91' lang='lat' dir='ltr'>sancte</span> <span class='ocrx_word' id='word_1_279' title='bbox 1010 2825 1115 2890; x_wconf 87' lang='lat' dir='ltr'>Marie</span> <span class='ocrx_word' id='word_1_280' title='bbox 1138 2827 1170 2889; x_wconf 96' lang='lat' dir='ltr'>in</span> <span class='ocrx_word' id='word_1_281' title='bbox 1194 2825 1323 2907; x_wconf 92' lang='lat' dir='ltr'>Aquiro</span> <span class='ocrx_word' id='word_1_282' title='bbox 1346 2825 1503 2888; x_wconf 91' lang='lat' dir='ltr'>diaconus</span> <span class='ocrx_word' id='word_1_283' title='bbox 1526 2823 1695 2888; x_wconf 85' lang='lat' dir='ltr'>cardinalis</span> <span class='ocrx_word' id='word_1_284' title='bbox 1718 2843 1759 2886; x_wconf 90' lang='lat' dir='ltr'>ss.</span> 
     </span>
     <span class='ocr_line' id='line_1_29' title="bbox 478 2911 1996 2997; baseline -0.003 -23"><span class='ocrx_word' id='word_1_285' title='bbox 478 2912 552 2976; x_wconf 84' lang='lat' dir='ltr'>Dat</span> <span class='ocrx_word' id='word_1_286' title='bbox 576 2914 743 2990; x_wconf 87' lang='lat' dir='ltr'>Laterani,</span> <span class='ocrx_word' id='word_1_287' title='bbox 774 2935 834 2997; x_wconf 89' lang='lat' dir='ltr'>per</span> <span class='ocrx_word' id='word_1_288' title='bbox 864 2935 995 2978; x_wconf 92' lang='lat' dir='ltr'>manum</span> <span class='ocrx_word' id='word_1_289' title='bbox 1021 2914 1145 2996; x_wconf 87' lang='lat' dir='ltr'>Moysi,</span> <span class='ocrx_word' id='word_1_290' title='bbox 1176 2923 1289 2978; x_wconf 92' lang='lat' dir='ltr'>sancte</span> <span class='ocrx_word' id='word_1_291' title='bbox 1311 2915 1463 2977; x_wconf 89' lang='lat' dir='ltr'>Romane</span> <span class='ocrx_word' id='word_1_292' title='bbox 1492 2915 1630 2978; x_wconf 89' lang='lat' dir='ltr'>ecclesie</span> <span class='ocrx_word' id='word_1_293' title='bbox 1660 2911 1862 2985; x_wconf 88' lang='lat' dir='ltr'>subdiaconi,</span> <span class='ocrx_word' id='word_1_294' title='bbox 1886 2911 1996 2971; x_wconf 90' lang='lat' dir='ltr'>vicem</span> 
     </span>
     <span class='ocr_line' id='line_1_30' title="bbox 319 2998 1997 3087; baseline -0.004 -22"><span class='ocrx_word' id='word_1_295' title='bbox 319 3003 445 3085; x_wconf 90' lang='lat' dir='ltr'>agentis</span> <span class='ocrx_word' id='word_1_296' title='bbox 482 3003 672 3068; x_wconf 90' lang='lat' dir='ltr'>cancellarii.</span> <span class='ocrx_word' id='word_1_297' title='bbox 724 3017 749 3066; x_wconf 87' lang='lat' dir='ltr'>x</span> <span class='ocrx_word' id='word_1_298' title='bbox 780 3003 833 3066; x_wconf 92' lang='lat' dir='ltr'>Kl.</span> <span class='ocrx_word' id='word_1_299' title='bbox 863 3003 970 3086; x_wconf 91' lang='lat' dir='ltr'>April.</span> <span class='ocrx_word' id='word_1_300' title='bbox 1023 3005 1204 3067; x_wconf 89' lang='lat' dir='ltr'>Indictione</span> <span class='ocrx_word' id='word_1_301' title='bbox 1237 3003 1385 3087; x_wconf 85' lang='lat' dir='ltr'>septima</span> <span class='ocrx_word' id='word_1_302' title='bbox 1431 3001 1533 3066; x_wconf 90' lang='lat' dir='ltr'>Anno</span> <span class='ocrx_word' id='word_1_303' title='bbox 1563 3003 1795 3066; x_wconf 87' lang='lat' dir='ltr'>incarnationis</span> <span class='ocrx_word' id='word_1_304' title='bbox 1826 2998 1997 3062; x_wconf 89' lang='lat' dir='ltr'>dominice</span> 
     </span>
     <span class='ocr_line' id='line_1_31' title="bbox 320 3091 1758 3176; baseline 0.001 -24"><span class='ocrx_word' id='word_1_305' title='bbox 320 3103 541 3155; x_wconf 76' lang='lat' dir='ltr'>Mchxxvm.</span> <span class='ocrx_word' id='word_1_306' title='bbox 587 3091 796 3155; x_wconf 89' lang='lat' dir='ltr'>Pontificatus</span> <span class='ocrx_word' id='word_1_307' title='bbox 819 3112 898 3156; x_wconf 90' lang='lat' dir='ltr'>vero</span> <span class='ocrx_word' id='word_1_308' title='bbox 921 3093 1035 3157; x_wconf 93' lang='lat' dir='ltr'>domni</span> <span class='ocrx_word' id='word_1_309' title='bbox 1058 3091 1264 3156; x_wconf 79' lang='lat' dir='ltr'>CLEMENTIS</span> <span class='ocrx_word' id='word_1_310' title='bbox 1287 3115 1344 3176; x_wconf 93' lang='lat' dir='ltr'>pp.</span> <span class='ocrx_word' id='word_1_311' title='bbox 1367 3107 1407 3156; x_wconf 91' lang='lat'>111</span> <span class='ocrx_word' id='word_1_312' title='bbox 1429 3113 1515 3156; x_wconf 91' lang='lat' dir='ltr'>anno</span> <span class='ocrx_word' id='word_1_313' title='bbox 1538 3094 1692 3156; x_wconf 90' lang='lat' dir='ltr'>secundo.</span> <span class='ocrx_word' id='word_1_314' title='bbox 1718 3127 1758 3136; x_wconf 94' lang='lat'>—</span> 
     </span>
    </p>
   </div>
   <div class='ocr_carea' id='block_1_3' title="bbox 313 3205 2004 3772">
    <p class='ocr_par' dir='ltr' id='par_1_3' title="bbox 484 3205 1502 3270">
     <span class='ocr_line' id='line_1_32' title="bbox 484 3205 1502 3270; baseline 0.003 -16"><span class='ocrx_word' id='word_1_315' title='bbox 484 3205 526 3256; x_wconf 88' lang='lat' dir='ltr'>Or.</span> <span class='ocrx_word' id='word_1_316' title='bbox 546 3205 583 3270; x_wconf 81' lang='lat' dir='ltr'>(S.</span> <span class='ocrx_word' id='word_1_317' title='bbox 603 3205 689 3256; x_wconf 77' lang='lat' dir='ltr'>Maria</span> <span class='ocrx_word' id='word_1_318' title='bbox 706 3206 734 3255; x_wconf 84' lang='lat' dir='ltr'>di</span> <span class='ocrx_word' id='word_1_319' title='bbox 754 3207 880 3256; x_wconf 82' lang='lat' dir='ltr'>Casanova</span> <span class='ocrx_word' id='word_1_320' title='bbox 899 3206 981 3256; x_wconf 73' lang='lat' dir='ltr'>Maro</span> <span class='ocrx_word' id='word_1_321' title='bbox 1000 3206 1018 3256; x_wconf 90' lang='lat' dir='ltr'><em>I</em></span> <span class='ocrx_word' id='word_1_322' title='bbox 1020 3213 1036 3267; x_wconf 72' lang='lat' dir='ltr'>i,</span> <span class='ocrx_word' id='word_1_323' title='bbox 1055 3207 1089 3256; x_wconf 83' lang='lat' dir='ltr'>r&#39;m</span> <span class='ocrx_word' id='word_1_324' title='bbox 1106 3208 1219 3257; x_wconf 77' lang='lat' dir='ltr'>Arclrr&#39;vio</span> <span class='ocrx_word' id='word_1_325' title='bbox 1237 3207 1265 3255; x_wconf 86' lang='lat' dir='ltr'>di</span> <span class='ocrx_word' id='word_1_326' title='bbox 1280 3207 1347 3256; x_wconf 71' lang='lat' dir='ltr'>State</span> <span class='ocrx_word' id='word_1_327' title='bbox 1364 3223 1394 3256; x_wconf 83' lang='lat' dir='ltr'>au</span> <span class='ocrx_word' id='word_1_328' title='bbox 1416 3207 1502 3257; x_wconf 74' lang='lat' dir='ltr'>Yltrr&#39;n.</span> 
     </span>
    </p>

    <p class='ocr_par' dir='ltr' id='par_1_4' title="bbox 313 3274 2004 3772">
     <span class='ocr_line' id='line_1_33' title="bbox 483 3274 1999 3345; baseline -0.003 -19"><span class='ocrx_word' id='word_1_329' title='bbox 483 3277 552 3343; x_wconf 82' lang='lat' dir='ltr'>Perg.</span> <span class='ocrx_word' id='word_1_330' title='bbox 570 3278 630 3338; x_wconf 69' lang='lat' dir='ltr'>atat,</span> <span class='ocrx_word' id='word_1_331' title='bbox 649 3279 685 3328; x_wconf 81' lang='lat' dir='ltr'>br.</span> <span class='ocrx_word' id='word_1_332' title='bbox 704 3280 790 3338; x_wconf 81' lang='lat'>0,522,</span> <span class='ocrx_word' id='word_1_333' title='bbox 809 3280 869 3344; x_wconf 80' lang='lat' dir='ltr'>lang</span> <span class='ocrx_word' id='word_1_334' title='bbox 886 3281 974 3340; x_wconf 80' lang='lat' dir='ltr'>0,d36,</span> <span class='ocrx_word' id='word_1_335' title='bbox 990 3287 1065 3330; x_wconf 82' lang='lat' dir='ltr'>untcn</span> <span class='ocrx_word' id='word_1_336' title='bbox 1083 3281 1161 3338; x_wconf 79' lang='lat'>0,025</span> <span class='ocrx_word' id='word_1_337' title='bbox 1178 3280 1367 3345; x_wconf 80' lang='lat' dir='ltr'>umgescltlagen,</span> <span class='ocrx_word' id='word_1_338' title='bbox 1387 3279 1465 3330; x_wconf 81' lang='lat' dir='ltr'>durch</span> <span class='ocrx_word' id='word_1_339' title='bbox 1483 3279 1541 3328; x_wconf 77' lang='lat' dir='ltr'>arvei</span> <span class='ocrx_word' id='word_1_340' title='bbox 1550 3279 1641 3328; x_wconf 68' lang='lat' dir='ltr'>Ldrher</span> <span class='ocrx_word' id='word_1_341' title='bbox 1654 3278 1719 3342; x_wconf 80' lang='lat' dir='ltr'>gr&#39;ng</span> <span class='ocrx_word' id='word_1_342' title='bbox 1734 3276 1772 3325; x_wconf 83' lang='lat' dir='ltr'>dr&#39;e</span> <span class='ocrx_word' id='word_1_343' title='bbox 1783 3275 1889 3332; x_wconf 62' lang='lat' dir='ltr'>ssim,</span> <span class='ocrx_word' id='word_1_344' title='bbox 1910 3274 1999 3322; x_wconf 62' lang='lat' dir='ltr'>welch</span> 
     </span>
     <span class='ocr_line' id='line_1_34' title="bbox 320 3343 2004 3416; baseline -0.005 -17"><span class='ocrx_word' id='word_1_345' title='bbox 320 3349 365 3399; x_wconf 81' lang='lat' dir='ltr'>mit</span> <span class='ocrx_word' id='word_1_346' title='bbox 382 3348 435 3397; x_wconf 84' lang='lat' dir='ltr'>dem</span> <span class='ocrx_word' id='word_1_347' title='bbox 451 3347 575 3414; x_wconf 64' lang='lat' dir='ltr'>Blnssrr&#39;egel</span> <span class='ocrx_word' id='word_1_348' title='bbox 594 3353 703 3399; x_wconf 84' lang='lat' dir='ltr'>verloren</span> <span class='ocrx_word' id='word_1_349' title='bbox 737 3349 809 3416; x_wconf 79' lang='lat' dir='ltr'>(jctrt</span> <span class='ocrx_word' id='word_1_350' title='bbox 825 3351 856 3398; x_wconf 78' lang='lat' dir='ltr'>ist</span> <span class='ocrx_word' id='word_1_351' title='bbox 878 3351 956 3399; x_wconf 79' lang='lat' dir='ltr'>durch</span> <span class='ocrx_word' id='word_1_352' title='bbox 982 3351 1019 3399; x_wconf 83' lang='lat' dir='ltr'>dr&#39;e</span> <span class='ocrx_word' id='word_1_353' title='bbox 1035 3351 1129 3400; x_wconf 68' lang='lat' dir='ltr'>delm</span> <span class='ocrx_word' id='word_1_354' title='bbox 1150 3351 1201 3401; x_wconf 81' lang='lat' dir='ltr'>eine</span> <span class='ocrx_word' id='word_1_355' title='bbox 1224 3367 1279 3399; x_wconf 83' lang='lat' dir='ltr'>roso</span> <span class='ocrx_word' id='word_1_356' title='bbox 1302 3352 1358 3401; x_wconf 77' lang='lat' dir='ltr'>und</span> <span class='ocrx_word' id='word_1_357' title='bbox 1376 3353 1441 3416; x_wconf 70' lang='lat' dir='ltr'>gelre</span> <span class='ocrx_word' id='word_1_358' title='bbox 1465 3352 1564 3401; x_wconf 73' lang='lat' dir='ltr'>Scanor</span> <span class='ocrx_word' id='word_1_359' title='bbox 1587 3350 1632 3399; x_wconf 79' lang='lat' dir='ltr'>mit</span> <span class='ocrx_word' id='word_1_360' title='bbox 1654 3350 1707 3399; x_wconf 84' lang='lat' dir='ltr'>dem</span> <span class='ocrx_word' id='word_1_361' title='bbox 1726 3348 1806 3413; x_wconf 82' lang='lat' dir='ltr'>Sr&#39;egel</span> <span class='ocrx_word' id='word_1_362' title='bbox 1819 3346 1944 3395; x_wconf 71' lang='lat' dir='ltr'>Imeus</span> <span class='ocrx_word' id='word_1_363' title='bbox 1962 3343 2004 3392; x_wconf 85' lang='lat' dir='ltr'>IV</span> 
     </span>
     <span class='ocr_line' id='line_1_35' title="bbox 317 3419 1998 3489; baseline -0.002 -20"><span class='ocrx_word' id='word_1_364' title='bbox 317 3425 437 3487; x_wconf 78' lang='lat' dir='ltr'>gewgm).</span> <span class='ocrx_word' id='word_1_365' title='bbox 456 3419 566 3486; x_wconf 81' lang='lat' dir='ltr'>Faltung</span> <span class='ocrx_word' id='word_1_366' title='bbox 581 3421 624 3471; x_wconf 84' lang='lat' dir='ltr'>der</span> <span class='ocrx_word' id='word_1_367' title='bbox 640 3422 738 3474; x_wconf 74' lang='lat' dir='ltr'>Brdlen.</span> <span class='ocrx_word' id='word_1_368' title='bbox 774 3422 911 3488; x_wconf 76' lang='lat' dir='ltr'>Rr&#39;ngkrruz</span> <span class='ocrx_word' id='word_1_369' title='bbox 929 3423 1022 3472; x_wconf 83' lang='lat' dir='ltr'>undE</span> <span class='ocrx_word' id='word_1_370' title='bbox 1041 3423 1085 3471; x_wconf 78' lang='lat' dir='ltr'>der</span> <span class='ocrx_word' id='word_1_371' title='bbox 1105 3423 1268 3487; x_wconf 79' lang='lat' dir='ltr'>Untersclur&#39;st</span> <span class='ocrx_word' id='word_1_372' title='bbox 1283 3423 1377 3472; x_wconf 66' lang='lat' dir='ltr'>emma</span> <span class='ocrx_word' id='word_1_373' title='bbox 1395 3439 1443 3472; x_wconf 80' lang='lat' dir='ltr'>urm</span> <span class='ocrx_word' id='word_1_374' title='bbox 1460 3425 1565 3489; x_wconf 79' lang='lat' dir='ltr'>gleicher</span> <span class='ocrx_word' id='word_1_375' title='bbox 1580 3421 1661 3470; x_wconf 84' lang='lat' dir='ltr'>Hand</span> <span class='ocrx_word' id='word_1_376' title='bbox 1682 3421 1739 3470; x_wconf 84' lang='lat' dir='ltr'>und</span> <span class='ocrx_word' id='word_1_377' title='bbox 1753 3419 1829 3468; x_wconf 73' lang='lat' dir='ltr'>Dino</span> <span class='ocrx_word' id='word_1_378' title='bbox 1853 3419 1998 3474; x_wconf 65' lang='lat' dir='ltr'>anuum,</span> 
     </span>
     <span class='ocr_line' id='line_1_36' title="bbox 320 3487 2000 3561; baseline -0.002 -20"><span class='ocrx_word' id='word_1_379' title='bbox 320 3493 358 3541; x_wconf 80' lang='lat' dir='ltr'>die</span> <span class='ocrx_word' id='word_1_380' title='bbox 375 3491 503 3557; x_wconf 80' lang='lat' dir='ltr'>Datinmg</span> <span class='ocrx_word' id='word_1_381' title='bbox 519 3492 550 3540; x_wconf 82' lang='lat' dir='ltr'>ist</span> <span class='ocrx_word' id='word_1_382' title='bbox 566 3507 621 3541; x_wconf 82' lang='lat' dir='ltr'>vom</span> <span class='ocrx_word' id='word_1_383' title='bbox 638 3491 922 3556; x_wconf 61' lang='lat' dir='ltr'>Hasrprktrperschrcioer</span> <span class='ocrx_word' id='word_1_384' title='bbox 938 3495 1090 3559; x_wconf 71' lang='lat' dir='ltr'>arogfithn,</span> <span class='ocrx_word' id='word_1_385' title='bbox 1109 3494 1154 3542; x_wconf 84' lang='lat' dir='ltr'>das</span> <span class='ocrx_word' id='word_1_386' title='bbox 1172 3495 1199 3543; x_wconf 90' lang='lat' dir='ltr'>M</span> <span class='ocrx_word' id='word_1_387' title='bbox 1218 3495 1258 3543; x_wconf 83' lang='lat' dir='ltr'>des</span> <span class='ocrx_word' id='word_1_388' title='bbox 1276 3493 1354 3544; x_wconf 80' lang='lat' dir='ltr'>Moses</span> <span class='ocrx_word' id='word_1_389' title='bbox 1371 3495 1462 3543; x_wconf 70' lang='lat' dir='ltr'>scheria!</span> <span class='ocrx_word' id='word_1_390' title='bbox 1477 3495 1653 3561; x_wconf 78' lang='lat' dir='ltr'>nochgetragm</span> <span class='ocrx_word' id='word_1_391' title='bbox 1677 3509 1707 3541; x_wconf 77' lang='lat' dir='ltr'>ru</span> <span class='ocrx_word' id='word_1_392' title='bbox 1729 3491 1788 3540; x_wconf 83' lang='lat' dir='ltr'>sein.</span> <span class='ocrx_word' id='word_1_393' title='bbox 1823 3489 1873 3538; x_wconf 83' lang='lat' dir='ltr'>Dr&#39;e</span> <span class='ocrx_word' id='word_1_394' title='bbox 1889 3487 2000 3554; x_wconf 69' lang='lat' dir='ltr'>Zeugm-</span> 
     </span>
     <span class='ocr_line' id='line_1_37' title="bbox 313 3559 2003 3631; baseline -0.003 -18"><span class='ocrx_word' id='word_1_395' title='bbox 313 3565 407 3630; x_wconf 73' lang='lat' dir='ltr'>firmen</span> <span class='ocrx_word' id='word_1_396' title='bbox 423 3563 482 3613; x_wconf 79' lang='lat' dir='ltr'>sind</span> <span class='ocrx_word' id='word_1_397' title='bbox 496 3563 619 3614; x_wconf 75' lang='lat' dir='ltr'>thn&#39;lron&#39;se</span> <span class='ocrx_word' id='word_1_398' title='bbox 635 3579 683 3614; x_wconf 84' lang='lat' dir='ltr'>von</span> <span class='ocrx_word' id='word_1_399' title='bbox 697 3565 803 3630; x_wconf 77' lang='lat' dir='ltr'>gleicker</span> <span class='ocrx_word' id='word_1_400' title='bbox 818 3565 893 3614; x_wconf 72' lang='lat' dir='ltr'>Dina</span> <span class='ocrx_word' id='word_1_401' title='bbox 910 3565 967 3614; x_wconf 73' lang='lat' dir='ltr'>rard</span> <span class='ocrx_word' id='word_1_402' title='bbox 987 3567 1054 3615; x_wconf 79' lang='lat' dir='ltr'>wohl</span> <span class='ocrx_word' id='word_1_403' title='bbox 1074 3566 1138 3615; x_wconf 77' lang='lat' dir='ltr'>auch</span> <span class='ocrx_word' id='word_1_404' title='bbox 1155 3565 1237 3616; x_wconf 80' lang='lat' dir='ltr'>Hand</span> <span class='ocrx_word' id='word_1_405' title='bbox 1257 3567 1375 3631; x_wconf 75' lang='lat' dir='ltr'>gemacht,</span> <span class='ocrx_word' id='word_1_406' title='bbox 1395 3570 1409 3629; x_wconf 74' lang='lat' dir='ltr'>t</span> <span class='ocrx_word' id='word_1_407' title='bbox 1428 3567 1485 3631; x_wconf 87' lang='lat' dir='ltr'>Ego</span> <span class='ocrx_word' id='word_1_408' title='bbox 1510 3567 1539 3616; x_wconf 84' lang='lat' dir='ltr'>la</span> <span class='ocrx_word' id='word_1_409' title='bbox 1561 3581 1609 3615; x_wconf 83' lang='lat' dir='ltr'>von</span> <span class='ocrx_word' id='word_1_410' title='bbox 1633 3566 1752 3615; x_wconf 76' lang='lat' dir='ltr'>schwerrr</span> <span class='ocrx_word' id='word_1_411' title='bbox 1767 3562 1854 3622; x_wconf 81' lang='lat' dir='ltr'>Hand,</span> <span class='ocrx_word' id='word_1_412' title='bbox 1880 3559 1929 3610; x_wconf 77' lang='lat' dir='ltr'>der</span> <span class='ocrx_word' id='word_1_413' title='bbox 1945 3563 2003 3609; x_wconf 73' lang='lat' dir='ltr'>Res!</span> 
     </span>
     <span class='ocr_line' id='line_1_38' title="bbox 321 3632 2000 3705; baseline -0.002 -21"><span class='ocrx_word' id='word_1_414' title='bbox 321 3636 365 3686; x_wconf 85' lang='lat' dir='ltr'>der</span> <span class='ocrx_word' id='word_1_415' title='bbox 380 3634 469 3684; x_wconf 80' lang='lat' dir='ltr'>Firmo</span> <span class='ocrx_word' id='word_1_416' title='bbox 484 3650 533 3684; x_wconf 80' lang='lat' dir='ltr'>von</span> <span class='ocrx_word' id='word_1_417' title='bbox 549 3636 645 3686; x_wconf 76' lang='lat' dir='ltr'>leichter</span> <span class='ocrx_word' id='word_1_418' title='bbox 661 3636 788 3687; x_wconf 59' lang='lat' dir='ltr'>stracten</span> <span class='ocrx_word' id='word_1_419' title='bbox 828 3636 863 3685; x_wconf 76' lang='lat' dir='ltr'>Ob</span> <span class='ocrx_word' id='word_1_420' title='bbox 880 3639 895 3701; x_wconf 87' lang='lat'>†</span> <span class='ocrx_word' id='word_1_421' title='bbox 913 3637 935 3686; x_wconf 84' lang='grc' dir='ltr'><strong>Ε</strong></span> <span class='ocrx_word' id='word_1_422' title='bbox 952 3651 1001 3686; x_wconf 80' lang='lat' dir='ltr'>von</span> <span class='ocrx_word' id='word_1_423' title='bbox 1027 3637 1126 3687; x_wconf 79' lang='lat' dir='ltr'>lrellem</span> <span class='ocrx_word' id='word_1_424' title='bbox 1143 3638 1219 3687; x_wconf 76' lang='lat' dir='ltr'>Dr&#39;nte</span> <span class='ocrx_word' id='word_1_425' title='bbox 1237 3640 1275 3686; x_wconf 64' lang='grc' dir='ltr'>αις</span> <span class='ocrx_word' id='word_1_426' title='bbox 1292 3639 1329 3687; x_wconf 79' lang='lat' dir='ltr'>die</span> <span class='ocrx_word' id='word_1_427' title='bbox 1346 3638 1429 3703; x_wconf 70' lang='lat' dir='ltr'>itbnge</span> <span class='ocrx_word' id='word_1_428' title='bbox 1446 3639 1583 3705; x_wconf 75' lang='lat' dir='ltr'>Signr&#39;nmg</span> <span class='ocrx_word' id='word_1_429' title='bbox 1606 3637 1646 3686; x_wconf 84' lang='lat' dir='ltr'>des</span> <span class='ocrx_word' id='word_1_430' title='bbox 1663 3635 1792 3686; x_wconf 61' lang='grc' dir='ltr'><em>[Μυκη</em></span> <span class='ocrx_word' id='word_1_431' title='bbox 1809 3632 1934 3684; x_wconf 75' lang='lat' dir='ltr'>Bermd</span> <span class='ocrx_word' id='word_1_432' title='bbox 1948 3633 2000 3681; x_wconf 64' lang='lat' dir='ltr'>ta»</span> 
     </span>
     <span class='ocr_line' id='line_1_39' title="bbox 321 3707 582 3772; baseline -0.004 -14"><span class='ocrx_word' id='word_1_433' title='bbox 321 3708 402 3767; x_wconf 61' lang='lat' dir='ltr'>marr,</span> <span class='ocrx_word' id='word_1_434' title='bbox 418 3707 449 3756; x_wconf 80' lang='lat' dir='ltr'>r&#39;st</span> <span class='ocrx_word' id='word_1_435' title='bbox 458 3707 582 3772; x_wconf 80' lang='lat' dir='ltr'>fraglr&#39;clr.</span> 
     </span>
    </p>
   </div>
   <div class='ocr_carea' id='block_1_4' title="bbox 1062 3995 1323 4071">
    <p class='ocr_par' dir='ltr' id='par_1_5' title="bbox 1062 3995 1323 4071">
     <span class='ocr_line' id='line_1_40' title="bbox 1062 3995 1323 4071; baseline -0.008 -1"><span class='ocrx_word' id='word_1_436' title='bbox 1062 3995 1130 4070; x_wconf 87' lang='lat' dir='ltr'>Nr.</span> <span class='ocrx_word' id='word_1_437' title='bbox 1157 3998 1247 4071; x_wconf 80' lang='lat'>427.</span> <span class='ocrx_word' id='word_1_438' title='bbox 1316 4053 1323 4068; x_wconf 82' lang='lat'>.</span> 
     </span>
    </p>
   </div>
   <div class='ocr_carea' id='block_1_5' title="bbox 323 4123 1998 4304">
    <p class='ocr_par' dir='ltr' id='par_1_6' title="bbox 323 4123 1998 4304">
     <span class='ocr_line' id='line_1_41' title="bbox 323 4123 1998 4212; baseline 0 -22"><span class='ocrx_word' id='word_1_439' title='bbox 323 4123 468 4191; x_wconf 81' lang='lat' dir='ltr'>Clemens</span> <span class='ocrx_word' id='word_1_440' title='bbox 480 4123 504 4190; x_wconf 90' lang='lat' dir='ltr'><em>I</em></span> <span class='ocrx_word' id='word_1_441' title='bbox 502 4126 525 4190; x_wconf 89' lang='grc' dir='ltr'><em>Ι</em></span> <span class='ocrx_word' id='word_1_442' title='bbox 523 4125 546 4190; x_wconf 85' lang='grc' dir='ltr'><em>Ι</em></span> <span class='ocrx_word' id='word_1_443' title='bbox 557 4127 674 4190; x_wconf 85' lang='lat' dir='ltr'>nimmt</span> <span class='ocrx_word' id='word_1_444' title='bbox 687 4125 749 4189; x_wconf 83' lang='lat' dir='ltr'>das</span> <span class='ocrx_word' id='word_1_445' title='bbox 760 4123 972 4212; x_wconf 78' lang='lat' dir='ltr'>Domkapitel</span> <span class='ocrx_word' id='word_1_446' title='bbox 982 4150 1043 4192; x_wconf 82' lang='lat' dir='ltr'>von</span> <span class='ocrx_word' id='word_1_447' title='bbox 1054 4129 1198 4211; x_wconf 78' lang='lat' dir='ltr'>Pemgia</span> <span class='ocrx_word' id='word_1_448' title='bbox 1214 4129 1248 4192; x_wconf 85' lang='lat' dir='ltr'>in</span> <span class='ocrx_word' id='word_1_449' title='bbox 1262 4127 1496 4211; x_wconf 79' lang='lat' dir='ltr'>apostoliscten</span> <span class='ocrx_word' id='word_1_450' title='bbox 1508 4127 1626 4193; x_wconf 79' lang='lat' dir='ltr'>Schutz</span> <span class='ocrx_word' id='word_1_451' title='bbox 1636 4125 1706 4192; x_wconf 83' lang='lat' dir='ltr'>und</span> <span class='ocrx_word' id='word_1_452' title='bbox 1714 4126 1866 4212; x_wconf 77' lang='lat' dir='ltr'>bestiitr&#39;gt</span> <span class='ocrx_word' id='word_1_453' title='bbox 1879 4125 1998 4190; x_wconf 82' lang='lat' dir='ltr'>dessen</span> 
     </span>
     <span class='ocr_line' id='line_1_42' title="bbox 903 4215 1406 4304; baseline 0.004 -24"><span class='ocrx_word' id='word_1_454' title='bbox 903 4215 1140 4282; x_wconf 73' lang='lat' dir='ltr'>Besz&#39;trtlu&#39;c&#39;mer</span> <span class='ocrx_word' id='word_1_455' title='bbox 1153 4218 1221 4281; x_wconf 84' lang='lat' dir='ltr'>und</span> <span class='ocrx_word' id='word_1_456' title='bbox 1236 4217 1351 4281; x_wconf 82' lang='lat' dir='ltr'>Rechte</span> <span class='ocrx_word' id='word_1_457' title='bbox 1369 4221 1406 4304; x_wconf 92' lang='lat'>¹).</span> 
     </span>
    </p>
   </div>
   <div class='ocr_carea' id='block_1_6' title="bbox 944 4334 1367 4397">
    <p class='ocr_par' dir='ltr' id='par_1_7' title="bbox 944 4334 1367 4397">
     <span class='ocr_line' id='line_1_43' title="bbox 944 4334 1367 4397; baseline 0.005 -2"><span class='ocrx_word' id='word_1_458' title='bbox 944 4335 1028 4396; x_wconf 85' lang='grc'><em>1189</em></span> <span class='ocrx_word' id='word_1_459' title='bbox 1044 4334 1121 4397; x_wconf 84' lang='lat' dir='ltr'>Mai</span> <span class='ocrx_word' id='word_1_460' title='bbox 1134 4335 1186 4397; x_wconf 77' lang='lat'>17.</span> <span class='ocrx_word' id='word_1_461' title='bbox 1217 4334 1367 4397; x_wconf 69' lang='lat' dir='ltr'>caterae.</span> 
     </span>
    </p>
   </div>
   <div class='ocr_carea' id='block_1_7' title="bbox 316 4446 1995 5516">
    <p class='ocr_par' dir='ltr' id='par_1_8' title="bbox 316 4446 1995 5516">
     <span class='ocr_line' id='line_1_44' title="bbox 478 4446 1995 4531; baseline 0 -19"><span class='ocrx_word' id='word_1_462' title='bbox 478 4447 631 4512; x_wconf 90' lang='lat' dir='ltr'>Clemens</span> <span class='ocrx_word' id='word_1_463' title='bbox 655 4449 841 4530; x_wconf 91' lang='lat' dir='ltr'>episcopus,</span> <span class='ocrx_word' id='word_1_464' title='bbox 873 4467 986 4512; x_wconf 91' lang='lat' dir='ltr'>servus</span> <span class='ocrx_word' id='word_1_465' title='bbox 1008 4470 1175 4514; x_wconf 89' lang='lat' dir='ltr'>servorum</span> <span class='ocrx_word' id='word_1_466' title='bbox 1199 4451 1261 4525; x_wconf 85' lang='lat' dir='ltr'>dei,</span> <span class='ocrx_word' id='word_1_467' title='bbox 1293 4449 1420 4514; x_wconf 92' lang='lat' dir='ltr'>dilectis</span> <span class='ocrx_word' id='word_1_468' title='bbox 1444 4450 1525 4526; x_wconf 87' lang='lat' dir='ltr'>filiis,</span> <span class='ocrx_word' id='word_1_469' title='bbox 1555 4448 1692 4513; x_wconf 91' lang='lat' dir='ltr'>Iohanni</span> <span class='ocrx_word' id='word_1_470' title='bbox 1716 4446 1995 4531; x_wconf 89' lang='lat' dir='ltr'>archipresbitero</span> 
     </span>
     <span class='ocr_line' id='line_1_45' title="bbox 317 4531 1995 4621; baseline -0.001 -19"><span class='ocrx_word' id='word_1_471' title='bbox 317 4545 351 4602; x_wconf 91' lang='lat' dir='ltr'>et</span> <span class='ocrx_word' id='word_1_472' title='bbox 374 4537 537 4601; x_wconf 90' lang='lat' dir='ltr'>canonicis</span> <span class='ocrx_word' id='word_1_473' title='bbox 559 4538 663 4599; x_wconf 93' lang='lat' dir='ltr'>sancti</span> <span class='ocrx_word' id='word_1_474' title='bbox 687 4537 852 4600; x_wconf 91' lang='lat' dir='ltr'>Laurentii</span> <span class='ocrx_word' id='word_1_475' title='bbox 875 4539 1034 4617; x_wconf 87' lang='lat' dir='ltr'>Perusini,</span> <span class='ocrx_word' id='word_1_476' title='bbox 1063 4548 1132 4603; x_wconf 90' lang='lat' dir='ltr'>tam</span> <span class='ocrx_word' id='word_1_477' title='bbox 1164 4539 1371 4621; x_wconf 90' lang='lat' dir='ltr'>presentibus</span> <span class='ocrx_word' id='word_1_478' title='bbox 1410 4559 1508 4620; x_wconf 92' lang='lat' dir='ltr'>quam</span> <span class='ocrx_word' id='word_1_479' title='bbox 1532 4538 1657 4614; x_wconf 83' lang='lat' dir='ltr'>suturis,</span> <span class='ocrx_word' id='word_1_480' title='bbox 1689 4531 1870 4621; x_wconf 87' lang='lat' dir='ltr'>regularem</span> <span class='ocrx_word' id='word_1_481' title='bbox 1892 4541 1995 4601; x_wconf 87' lang='lat' dir='ltr'>vitam</span> 
     </span>
     <span class='ocr_line' id='line_1_46' title="bbox 318 4623 1995 4712; baseline 0 -23"><span class='ocrx_word' id='word_1_482' title='bbox 318 4626 483 4710; x_wconf 82' lang='lat' dir='ltr'>professis,</span> <span class='ocrx_word' id='word_1_483' title='bbox 514 4638 552 4689; x_wconf 84' lang='grc' dir='ltr'>ΙΝ</span> <span class='ocrx_word' id='word_1_484' title='bbox 575 4638 653 4687; x_wconf 83' lang='grc' dir='ltr'><strong>ΡΡΜ.</strong></span> <span class='ocrx_word' id='word_1_485' title='bbox 676 4661 721 4672; x_wconf 92' lang='lat'>-</span> <span class='ocrx_word' id='word_1_486' title='bbox 740 4623 745 4710; x_wconf 75' lang='lat' dir='ltr'>l</span> <span class='ocrx_word' id='word_1_487' title='bbox 766 4623 926 4708; x_wconf 85' lang='lat' dir='ltr'>Quotiens</span> <span class='ocrx_word' id='word_1_488' title='bbox 948 4649 968 4691; x_wconf 93' lang='lat' dir='ltr'>a</span> <span class='ocrx_word' id='word_1_489' title='bbox 990 4628 1087 4692; x_wconf 93' lang='lat' dir='ltr'>nobis</span> <span class='ocrx_word' id='word_1_490' title='bbox 1111 4631 1245 4712; x_wconf 91' lang='lat' dir='ltr'>petitur,</span> <span class='ocrx_word' id='word_1_491' title='bbox 1277 4629 1368 4710; x_wconf 92' lang='lat' dir='ltr'>quod</span> <span class='ocrx_word' id='word_1_492' title='bbox 1399 4628 1544 4712; x_wconf 90' lang='lat' dir='ltr'>religioni</span> <span class='ocrx_word' id='word_1_493' title='bbox 1576 4637 1609 4692; x_wconf 91' lang='lat' dir='ltr'>et</span> <span class='ocrx_word' id='word_1_494' title='bbox 1632 4627 1796 4691; x_wconf 88' lang='lat' dir='ltr'>honestati</span> <span class='ocrx_word' id='word_1_495' title='bbox 1821 4631 1995 4692; x_wconf 91' lang='lat' dir='ltr'>convenire</span> 
     </span>
     <span class='ocr_line' id='line_1_47' title="bbox 318 4715 1993 4801; baseline 0 -22"><span class='ocrx_word' id='word_1_496' title='bbox 318 4717 508 4792; x_wconf 89' lang='lat' dir='ltr'>dinoscitur,</span> <span class='ocrx_word' id='word_1_497' title='bbox 532 4715 640 4778; x_wconf 90' lang='lat' dir='ltr'>animo</span> <span class='ocrx_word' id='word_1_498' title='bbox 665 4736 725 4778; x_wconf 93' lang='lat' dir='ltr'>nos</span> <span class='ocrx_word' id='word_1_499' title='bbox 748 4716 846 4780; x_wconf 90' lang='lat' dir='ltr'>decet</span> <span class='ocrx_word' id='word_1_500' title='bbox 869 4717 981 4780; x_wconf 92' lang='lat' dir='ltr'>libenti</span> <span class='ocrx_word' id='word_1_501' title='bbox 998 4719 1181 4781; x_wconf 90' lang='lat' dir='ltr'>concedere</span> <span class='ocrx_word' id='word_1_502' title='bbox 1204 4725 1237 4781; x_wconf 91' lang='lat' dir='ltr'>et</span> <span class='ocrx_word' id='word_1_503' title='bbox 1261 4721 1442 4801; x_wconf 90' lang='lat' dir='ltr'>petentium</span> <span class='ocrx_word' id='word_1_504' title='bbox 1459 4718 1627 4782; x_wconf 90' lang='lat' dir='ltr'>desideriis</span> <span class='ocrx_word' id='word_1_505' title='bbox 1643 4719 1794 4781; x_wconf 83' lang='lat' dir='ltr'>ellectum</span> <span class='ocrx_word' id='word_1_506' title='bbox 1812 4737 1993 4800; x_wconf 91' lang='lat' dir='ltr'>congruum</span> 
     </span>
     <span class='ocr_line' id='line_1_48' title="bbox 318 4803 1995 4891; baseline -0.001 -23"><span class='ocrx_word' id='word_1_507' title='bbox 318 4806 486 4886; x_wconf 90' lang='lat' dir='ltr'>impertiri.</span> <span class='ocrx_word' id='word_1_508' title='bbox 532 4803 733 4887; x_wconf 89' lang='lat' dir='ltr'>Eapropter‚</span> <span class='ocrx_word' id='word_1_509' title='bbox 763 4805 876 4869; x_wconf 91' lang='lat' dir='ltr'>dilecti</span> <span class='ocrx_word' id='word_1_510' title='bbox 909 4809 943 4870; x_wconf 94' lang='lat' dir='ltr'>in</span> <span class='ocrx_word' id='word_1_511' title='bbox 973 4807 1108 4871; x_wconf 91' lang='lat' dir='ltr'>domino</span> <span class='ocrx_word' id='word_1_512' title='bbox 1139 4806 1203 4882; x_wconf 87' lang='lat' dir='ltr'>filii,</span> <span class='ocrx_word' id='word_1_513' title='bbox 1228 4804 1232 4891; x_wconf 92' lang='grc' dir='ltr'>Ι</span> <span class='ocrx_word' id='word_1_514' title='bbox 1257 4811 1373 4871; x_wconf 91' lang='lat' dir='ltr'>vestris</span> <span class='ocrx_word' id='word_1_515' title='bbox 1401 4810 1493 4871; x_wconf 93' lang='lat' dir='ltr'>iustis</span> <span class='ocrx_word' id='word_1_516' title='bbox 1517 4808 1792 4891; x_wconf 85' lang='lat' dir='ltr'>postulationibus</span> <span class='ocrx_word' id='word_1_517' title='bbox 1816 4807 1995 4870; x_wconf 89' lang='lat' dir='ltr'>clementer</span> 
     </span>
     <span class='ocr_line' id='line_1_49' title="bbox 319 4893 1992 4980; baseline 0.001 -24"><span class='ocrx_word' id='word_1_518' title='bbox 319 4895 489 4957; x_wconf 89' lang='lat' dir='ltr'>annuimus</span> <span class='ocrx_word' id='word_1_519' title='bbox 529 4901 562 4956; x_wconf 92' lang='lat' dir='ltr'>et</span> <span class='ocrx_word' id='word_1_520' title='bbox 597 4893 756 4976; x_wconf 79' lang='lat' dir='ltr'>prefatam</span> <span class='ocrx_word' id='word_1_521' title='bbox 789 4895 976 4972; x_wconf 89' lang='lat' dir='ltr'>ecclesiam,</span> <span class='ocrx_word' id='word_1_522' title='bbox 1011 4898 1042 4959; x_wconf 95' lang='lat' dir='ltr'>in</span> <span class='ocrx_word' id='word_1_523' title='bbox 1071 4916 1136 4977; x_wconf 89' lang='lat' dir='ltr'>qua</span> <span class='ocrx_word' id='word_1_524' title='bbox 1167 4897 1278 4959; x_wconf 92' lang='lat' dir='ltr'>divino</span> <span class='ocrx_word' id='word_1_525' title='bbox 1309 4900 1387 4961; x_wconf 90' lang='lat' dir='ltr'>estis</span> <span class='ocrx_word' id='word_1_526' title='bbox 1412 4898 1572 4977; x_wconf 91' lang='lat' dir='ltr'>obsequio</span> <span class='ocrx_word' id='word_1_527' title='bbox 1597 4897 1787 4980; x_wconf 89' lang='lat' dir='ltr'>mancipati,</span> <span class='ocrx_word' id='word_1_528' title='bbox 1819 4898 1882 4960; x_wconf 90' lang='lat' dir='ltr'>sub</span> <span class='ocrx_word' id='word_1_529' title='bbox 1906 4897 1992 4960; x_wconf 89' lang='lat' dir='ltr'>beati</span> 
     </span>
     <span class='ocr_line' id='line_1_50' title="bbox 316 4984 1993 5071; baseline 0 -24"><span class='ocrx_word' id='word_1_530' title='bbox 316 4984 402 5047; x_wconf 90' lang='lat' dir='ltr'>Petri</span> <span class='ocrx_word' id='word_1_531' title='bbox 426 4991 459 5046; x_wconf 90' lang='lat' dir='ltr'>et</span> <span class='ocrx_word' id='word_1_532' title='bbox 482 4991 593 5045; x_wconf 89' lang='lat' dir='ltr'>nostra</span> <span class='ocrx_word' id='word_1_533' title='bbox 621 4985 826 5065; x_wconf 91' lang='lat' dir='ltr'>protectione</span> <span class='ocrx_word' id='word_1_534' title='bbox 857 4989 1052 5068; x_wconf 90' lang='lat' dir='ltr'>suscipimus</span> <span class='ocrx_word' id='word_1_535' title='bbox 1093 4993 1126 5048; x_wconf 92' lang='lat' dir='ltr'>et</span> <span class='ocrx_word' id='word_1_536' title='bbox 1149 4988 1310 5069; x_wconf 91' lang='lat' dir='ltr'>presentis</span> <span class='ocrx_word' id='word_1_537' title='bbox 1333 4988 1445 5069; x_wconf 91' lang='lat' dir='ltr'>scripti</span> <span class='ocrx_word' id='word_1_538' title='bbox 1468 4985 1638 5071; x_wconf 89' lang='lat' dir='ltr'>privilegio</span> <span class='ocrx_word' id='word_1_539' title='bbox 1663 4989 1912 5050; x_wconf 91' lang='lat' dir='ltr'>communimus.</span> <span class='ocrx_word' id='word_1_540' title='bbox 1959 4984 1993 5048; x_wconf 87' lang='lat' dir='ltr'>ln</span> 
     </span>
     <span class='ocr_line' id='line_1_51' title="bbox 316 5071 1991 5158; baseline 0.001 -23"><span class='ocrx_word' id='word_1_541' title='bbox 316 5075 431 5156; x_wconf 90' lang='lat' dir='ltr'>primis</span> <span class='ocrx_word' id='word_1_542' title='bbox 454 5071 617 5155; x_wconf 91' lang='lat' dir='ltr'>siquidem</span> <span class='ocrx_word' id='word_1_543' title='bbox 641 5079 832 5149; x_wconf 88' lang='lat' dir='ltr'>statuentes,</span> <span class='ocrx_word' id='word_1_544' title='bbox 864 5082 899 5138; x_wconf 93' lang='lat' dir='ltr'>ut</span> <span class='ocrx_word' id='word_1_545' title='bbox 923 5076 1005 5139; x_wconf 94' lang='lat' dir='ltr'>ordo</span> <span class='ocrx_word' id='word_1_546' title='bbox 1030 5075 1213 5150; x_wconf 92' lang='lat' dir='ltr'>canonicus,</span> <span class='ocrx_word' id='word_1_547' title='bbox 1238 5075 1292 5158; x_wconf 94' lang='lat' dir='ltr'>qui</span> <span class='ocrx_word' id='word_1_548' title='bbox 1315 5078 1493 5140; x_wconf 90' lang='lat' dir='ltr'>secundum</span> <span class='ocrx_word' id='word_1_549' title='bbox 1518 5076 1616 5139; x_wconf 91' lang='lat' dir='ltr'>deum</span> <span class='ocrx_word' id='word_1_550' title='bbox 1650 5085 1683 5138; x_wconf 93' lang='lat' dir='ltr'>et</span> <span class='ocrx_word' id='word_1_551' title='bbox 1706 5075 1793 5138; x_wconf 89' lang='lat' dir='ltr'>beati</span> <span class='ocrx_word' id='word_1_552' title='bbox 1818 5074 1991 5158; x_wconf 89' lang='lat' dir='ltr'>Augustini</span> 
     </span>
     <span class='ocr_line' id='line_1_52' title="bbox 316 5161 1993 5248; baseline 0 -23"><span class='ocrx_word' id='word_1_553' title='bbox 316 5161 460 5245; x_wconf 90' lang='lat' dir='ltr'>regulam</span> <span class='ocrx_word' id='word_1_554' title='bbox 477 5165 509 5224; x_wconf 94' lang='lat' dir='ltr'>in</span> <span class='ocrx_word' id='word_1_555' title='bbox 525 5162 644 5225; x_wconf 90' lang='lat' dir='ltr'>eodem</span> <span class='ocrx_word' id='word_1_556' title='bbox 659 5161 735 5232; x_wconf 76' lang='lat' dir='ltr'>loco</span> <span class='ocrx_word' id='word_1_557' title='bbox 751 5163 915 5227; x_wconf 91' lang='lat' dir='ltr'>institutus</span> <span class='ocrx_word' id='word_1_558' title='bbox 931 5185 1004 5228; x_wconf 90' lang='lat' dir='ltr'>esse</span> <span class='ocrx_word' id='word_1_559' title='bbox 1020 5165 1207 5242; x_wconf 90' lang='lat' dir='ltr'>dinoscitur,</span> <span class='ocrx_word' id='word_1_560' title='bbox 1225 5168 1391 5247; x_wconf 90' lang='lat' dir='ltr'>perpetuis</span> <span class='ocrx_word' id='word_1_561' title='bbox 1409 5166 1533 5229; x_wconf 89' lang='lat' dir='ltr'>ibidem</span> <span class='ocrx_word' id='word_1_562' title='bbox 1548 5165 1752 5248; x_wconf 92' lang='lat' dir='ltr'>temporibus</span> <span class='ocrx_word' id='word_1_563' title='bbox 1765 5165 1993 5228; x_wconf 86' lang='lat' dir='ltr'>inviolabiliter</span> 
     </span>
     <span class='ocr_line' id='line_1_53' title="bbox 317 5249 1991 5337; baseline 0.001 -22"><span class='ocrx_word' id='word_1_564' title='bbox 317 5252 519 5315; x_wconf 89' lang='lat' dir='ltr'>observetur.</span> <span class='ocrx_word' id='word_1_565' title='bbox 568 5249 732 5326; x_wconf 90' lang='lat' dir='ltr'>Preterea‚</span> <span class='ocrx_word' id='word_1_566' title='bbox 765 5271 989 5337; x_wconf 89' lang='lat' dir='ltr'>quascumque</span> <span class='ocrx_word' id='word_1_567' title='bbox 1020 5255 1259 5337; x_wconf 90' lang='lat' dir='ltr'>possessiones,</span> <span class='ocrx_word' id='word_1_568' title='bbox 1291 5275 1499 5336; x_wconf 90' lang='lat' dir='ltr'>quecumque</span> <span class='ocrx_word' id='word_1_569' title='bbox 1529 5254 1617 5317; x_wconf 91' lang='lat' dir='ltr'>bona</span> <span class='ocrx_word' id='word_1_570' title='bbox 1649 5255 1766 5318; x_wconf 89' lang='lat' dir='ltr'>eadem</span> <span class='ocrx_word' id='word_1_571' title='bbox 1798 5252 1937 5317; x_wconf 79' lang='lat' dir='ltr'>ecclesia</span> <span class='ocrx_word' id='word_1_572' title='bbox 1963 5255 1991 5315; x_wconf 90' lang='lat' dir='ltr'>in</span> 
     </span>
     <span class='ocr_line' id='line_1_54' title="bbox 317 5341 1991 5426; baseline 0.001 -23"><span class='ocrx_word' id='word_1_573' title='bbox 317 5342 550 5424; x_wconf 90' lang='lat' dir='ltr'>presentiarum</span> <span class='ocrx_word' id='word_1_574' title='bbox 573 5341 656 5405; x_wconf 92' lang='lat' dir='ltr'>iuste</span> <span class='ocrx_word' id='word_1_575' title='bbox 679 5349 713 5404; x_wconf 90' lang='lat' dir='ltr'>et</span> <span class='ocrx_word' id='word_1_576' title='bbox 729 5343 884 5405; x_wconf 90' lang='lat' dir='ltr'>canonice</span> <span class='ocrx_word' id='word_1_577' title='bbox 900 5343 1050 5425; x_wconf 92' lang='lat' dir='ltr'>possidet</span> <span class='ocrx_word' id='word_1_578' title='bbox 1080 5352 1136 5407; x_wconf 88' lang='lat' dir='ltr'>aut</span> <span class='ocrx_word' id='word_1_579' title='bbox 1159 5345 1190 5406; x_wconf 95' lang='lat' dir='ltr'>in</span> <span class='ocrx_word' id='word_1_580' title='bbox 1208 5343 1350 5407; x_wconf 82' lang='lat' dir='ltr'>futurum</span> <span class='ocrx_word' id='word_1_581' title='bbox 1367 5346 1579 5408; x_wconf 87' lang='lat' dir='ltr'>concessione</span> <span class='ocrx_word' id='word_1_582' title='bbox 1595 5342 1798 5426; x_wconf 89' lang='lat' dir='ltr'>pontificum,</span> <span class='ocrx_word' id='word_1_583' title='bbox 1822 5343 1991 5426; x_wconf 86' lang='lat' dir='ltr'>largitione</span> 
     </span>
     <span class='ocr_line' id='line_1_55' title="bbox 317 5429 1991 5516; baseline 0 -23"><span class='ocrx_word' id='word_1_584' title='bbox 317 5449 431 5514; x_wconf 88' lang='lat' dir='ltr'>regum</span> <span class='ocrx_word' id='word_1_585' title='bbox 453 5429 505 5495; x_wconf 91' lang='lat' dir='ltr'>vel</span> <span class='ocrx_word' id='word_1_586' title='bbox 529 5431 723 5514; x_wconf 91' lang='lat' dir='ltr'>principum,</span> <span class='ocrx_word' id='word_1_587' title='bbox 747 5432 915 5497; x_wconf 89' lang='lat' dir='ltr'>oblatione</span> <span class='ocrx_word' id='word_1_588' title='bbox 938 5431 1081 5495; x_wconf 89' lang='lat' dir='ltr'>fidelium</span> <span class='ocrx_word' id='word_1_589' title='bbox 1111 5453 1168 5496; x_wconf 93' lang='lat' dir='ltr'>seu</span> <span class='ocrx_word' id='word_1_590' title='bbox 1185 5433 1255 5496; x_wconf 92' lang='lat' dir='ltr'>aliis</span> <span class='ocrx_word' id='word_1_591' title='bbox 1272 5436 1363 5497; x_wconf 90' lang='lat' dir='ltr'>iustis</span> <span class='ocrx_word' id='word_1_592' title='bbox 1380 5435 1495 5510; x_wconf 89' lang='lat' dir='ltr'>modis,</span> <span class='ocrx_word' id='word_1_593' title='bbox 1520 5440 1688 5516; x_wconf 89' lang='lat' dir='ltr'>prestante</span> <span class='ocrx_word' id='word_1_594' title='bbox 1704 5433 1850 5510; x_wconf 92' lang='lat' dir='ltr'>domino,</span> <span class='ocrx_word' id='word_1_595' title='bbox 1874 5433 1991 5516; x_wconf 84' lang='lat' dir='ltr'>poterit</span> 
     </span>
    </p>
   </div>
   <div class='ocr_carea' id='block_1_8' title="bbox 315 5659 1988 5802">
    <p class='ocr_par' dir='ltr' id='par_1_9' title="bbox 315 5659 1988 5802">
     <span class='ocr_line' id='line_1_56' title="bbox 475 5659 1988 5729; baseline 0.003 -20"><span class='ocrx_word' id='word_1_596' title='bbox 475 5660 500 5726; x_wconf 85' lang='lat' dir='ltr'>a)</span> <span class='ocrx_word' id='word_1_597' title='bbox 517 5661 578 5725; x_wconf 81' lang='lat' dir='ltr'>Aus</span> <span class='ocrx_word' id='word_1_598' title='bbox 589 5662 690 5720; x_wconf 59' lang='lat' dir='ltr'>Rasum</span> <span class='ocrx_word' id='word_1_599' title='bbox 708 5660 764 5709; x_wconf 74' lang='lat' dir='ltr'>lies:</span> <span class='ocrx_word' id='word_1_600' title='bbox 782 5659 920 5709; x_wconf 88' lang='lat' dir='ltr'>decernere</span> <span class='ocrx_word' id='word_1_601' title='bbox 993 5660 1020 5722; x_wconf 87' lang='lat' dir='ltr'>b)</span> <span class='ocrx_word' id='word_1_602' title='bbox 1039 5659 1091 5724; x_wconf 85' lang='lat' dir='ltr'>auf</span> <span class='ocrx_word' id='word_1_603' title='bbox 1101 5660 1185 5708; x_wconf 83' lang='lat' dir='ltr'>ll‘asur</span> <span class='ocrx_word' id='word_1_604' title='bbox 1257 5663 1280 5722; x_wconf 87' lang='lat' dir='ltr'>c)</span> <span class='ocrx_word' id='word_1_605' title='bbox 1295 5661 1362 5710; x_wconf 87' lang='lat' dir='ltr'>dasI</span> <span class='ocrx_word' id='word_1_606' title='bbox 1375 5663 1679 5728; x_wconf 76' lang='lat' dir='ltr'>nacltrr&#39;r&#39;gliclrvorgesetrt</span> <span class='ocrx_word' id='word_1_607' title='bbox 1750 5662 1778 5726; x_wconf 81' lang='lat' dir='ltr'>d)</span> <span class='ocrx_word' id='word_1_608' title='bbox 1793 5665 1988 5729; x_wconf 63' lang='lat' dir='ltr'>magestatem</span> 
     </span>
     <span class='ocr_line' id='line_1_57' title="bbox 315 5730 1890 5802; baseline 0.002 -21"><span class='ocrx_word' id='word_1_609' title='bbox 315 5733 340 5800; x_wconf 76' lang='lat' dir='ltr'>e)</span> <span class='ocrx_word' id='word_1_610' title='bbox 359 5730 482 5782; x_wconf 79' lang='lat' dir='ltr'>theilroer&#39;se</span> <span class='ocrx_word' id='word_1_611' title='bbox 499 5732 551 5796; x_wconf 88' lang='lat' dir='ltr'>aus</span> <span class='ocrx_word' id='word_1_612' title='bbox 564 5734 655 5783; x_wconf 74' lang='lat' dir='ltr'>Ramr.</span> <span class='ocrx_word' id='word_1_613' title='bbox 673 5771 726 5778; x_wconf 88' lang='lat'>.-</span> <span class='ocrx_word' id='word_1_614' title='bbox 749 5734 773 5798; x_wconf 89' lang='lat'>1)</span> <span class='ocrx_word' id='word_1_615' title='bbox 796 5732 875 5796; x_wconf 80' lang='lat' dir='ltr'>Vergl.</span> <span class='ocrx_word' id='word_1_616' title='bbox 894 5732 932 5780; x_wconf 87' lang='lat' dir='ltr'>dr&#39;e</span> <span class='ocrx_word' id='word_1_617' title='bbox 953 5731 1071 5782; x_wconf 76' lang='lat' dir='ltr'>Urkunde</span> <span class='ocrx_word' id='word_1_618' title='bbox 1088 5747 1143 5780; x_wconf 79' lang='lat' dir='ltr'>vom</span> <span class='ocrx_word' id='word_1_619' title='bbox 1161 5733 1178 5780; x_wconf 74' lang='lat'><strong><em>4</em></strong></span> <span class='ocrx_word' id='word_1_620' title='bbox 1196 5731 1253 5781; x_wconf 82' lang='lat' dir='ltr'>Mai</span> <span class='ocrx_word' id='word_1_621' title='bbox 1270 5735 1343 5793; x_wconf 80' lang='lat' dir='ltr'>riou,</span> <span class='ocrx_word' id='word_1_622' title='bbox 1365 5733 1409 5784; x_wconf 82' lang='lat' dir='ltr'>Or.</span> <span class='ocrx_word' id='word_1_623' title='bbox 1429 5735 1462 5784; x_wconf 84' lang='lat' dir='ltr'>im</span> <span class='ocrx_word' id='word_1_624' title='bbox 1480 5735 1554 5785; x_wconf 71' lang='lat' dir='ltr'>Arclc</span> <span class='ocrx_word' id='word_1_625' title='bbox 1578 5735 1711 5799; x_wconf 76' lang='lat' dir='ltr'>Capitolrre</span> <span class='ocrx_word' id='word_1_626' title='bbox 1728 5753 1759 5784; x_wconf 79' lang='lat' dir='ltr'>ru</span> <span class='ocrx_word' id='word_1_627' title='bbox 1780 5735 1890 5802; x_wconf 67' lang='lat' dir='ltr'>stragia.</span> 
     </span>
    </p>
   </div>
   <div class='ocr_carea' id='block_1_9' title="bbox 0 0 2080 6356">
    <p class='ocr_par' dir='ltr' id='par_1_10' title="bbox 0 0 2080 6356">
     <span class='ocr_line' id='line_1_58' title="bbox 0 0 2080 6356; baseline 0 0"><span class='ocrx_word' id='word_1_628' title='bbox 0 0 2080 6356; x_wconf 95' lang='lat' dir='ltr'> </span> 
     </span>
    </p>
   </div>
  </div>
 </body>
</html>
