4126 6356
1677 303 1736 374 143

71 477 274 561 pertinentiis
305 479 371 543 suis
401 488 434 542 et
464 478 602 542 ecclesia
632 478 673 541 de
698 476 886 554 Corticellis,
920 477 1079 560 quidquid
1102 477 1230 540 habetis
1262 477 1295 538 in
1320 477 1565 560 MontemagnO,
1598 490 1737 543 castrum

71 567 271 632 Cortanseris
296 589 369 631 cum
393 569 596 648 pertinentiis
619 568 693 642 suis,
719 565 848 648 Caprile
873 587 946 630 cum
969 588 1028 630 suo
1052 567 1209 628 comitatu
1232 577 1266 628 et
1281 577 1387 628 castro
1403 568 1522 649 Plagie,
1547 570 1739 632 comitatum

71 658 122 739 qui
147 658 268 720 dicitur
283 657 485 738 Serrelonge,
510 668 650 720 castrum
674 666 786 718 sancte
802 657 948 719 Victorie
965 677 1039 719 cum
1054 657 1198 719 ecclesiis
1214 666 1248 717 et
1263 657 1416 718 omnibus
1438 658 1504 719 suis
1526 659 1739 738 pertinentiis,

71 747 169 828 sylva,
194 767 259 827 que
283 747 400 809 dicitur
421 747 600 828 PopulariS,
623 766 697 808 cum
721 747 832 808 castris
856 757 889 808 et
911 745 994 808 villis
1018 745 1100 808 infra
1124 745 1294 819 contentis,
1327 743 1496 808 Cercsolas
1526 767 1598 810 cum
1632 757 1739 810 castro

71 845 102 898 et
134 836 340 917 pertiuentiis
363 837 438 912 suis,
469 847 611 898 castrum
634 835 769 898 Summe
800 835 869 915 ripe
901 835 941 897 de
964 836 1072 898 Bosco
1103 854 1177 896 cum
1209 834 1344 896 decimis
1375 844 1407 896 et
1437 836 1503 898 suis
1525 837 1738 917 pertinentiis

72 935 211 988 castrum
227 924 362 989 Summe
378 926 448 1006 ripe
472 925 513 987 de
528 925 677 987 Paderno
694 944 768 986 cum
784 924 849 986 suis
872 924 1083 1004 pertinentiis,
1108 923 1282 986 Carascum
1302 921 1331 1002 ει)
1356 944 1430 985 curn
1445 926 1510 986 suis
1525 927 1738 1006 pertinentiis,

72 1023 211 1076 castrum
235 1014 326 1094 quod
351 1015 467 1076 dicitur
491 1016 589 1076 Mons
613 1011 704 1088 altus,
731 1013 922 1074 comitatum
946 1023 979 1075 et
1002 1023 1168 1093 receptum
1192 1012 1353 1087 Polencie,
1385 1014 1578 1076 comitatum
1602 1015 1739 1078 civitatis

71 1113 103 1166 et
124 1103 226 1166 totius
250 1104 460 1184 episcopatus
484 1123 558 1164 cum
581 1102 721 1183 publicis
746 1102 966 1164 functionibus
990 1111 1030 1176 et,
1063 1121 1126 1183 que
1156 1101 1326 1182 largitione
1350 1102 1583 1183 imperatorum
1606 1104 1738 1167 Astensi

71 1192 205 1254 ecclesie
230 1191 467 1254 rationabiliter
489 1191 609 1254 collata
631 1211 702 1254 esse
725 1201 908 1253 noscuntur.
954 1190 1125 1254 Sancimus
1145 1200 1300 1271 preterea,
1325 1200 1360 1253 ut
1376 1210 1489 1254 omnes
1506 1192 1740 1257 decimationes

69 1280 163 1344 vestri
180 1282 402 1363 episcopatus
426 1282 573 1362 exceptis
598 1279 655 1355 his,
680 1301 743 1362 que
768 1281 809 1342 de
825 1279 991 1342 laboribus
1007 1281 1080 1354 suis,
1097 1281 1151 1360 qui
1169 1280 1309 1360 propriis
1325 1281 1475 1342 manibus
1490 1281 1541 1342 vel
1556 1283 1740 1364 sumptibus

71 1369 235 1445 excolunt,
258 1369 428 1432 monachis
444 1391 464 1431 a
479 1370 558 1432 sede
574 1369 756 1450 apostolica
772 1370 895 1431 indulte
911 1380 993 1443 sunt,
1019 1369 1197 1431 secundum
1217 1388 1382 1430 sacrorum
1406 1389 1568 1432 canonum
1585 1372 1739 1448 instituta,

71 1459 137 1522 sine
169 1459 307 1522 alicuius
338 1459 598 1522 contradictione
628 1459 660 1520 in
692 1469 799 1521 vestra
835 1458 1051 1539 dispositione
1085 1458 1273 1520 consistant.
1324 1454 1424 1537 Quod
1455 1461 1480 1520 si
1515 1459 1633 1522 feudali
1664 1482 1739 1523 con·

71 1548 242 1610 suetudine
273 1548 315 1610 de
346 1549 481 1610 decimis
513 1549 586 1611 lites
616 1548 813 1622 emerserint,
846 1546 1067 1610 ecclesiastico
1098 1556 1225 1610 tantum
1255 1547 1375 1608 iudicio
1400 1549 1620 1611 terminentur.
1666 1551 1741 1612 Hoc

71 1648 220 1718 preterea
244 1637 388 1718 capitulo
413 1638 615 1700 decrevimus
638 1635 861 1712 inhibendum,
887 1648 921 1699 ut
944 1647 1053 1717 preter
1075 1647 1164 1697 tuam
1188 1645 1243 1697 aut
1265 1656 1487 1698 successorum
1510 1644 1640 1700 tuorum
1664 1659 1740 1702 con·

7 1725 8 1728 ’
71 1727 242 1789 scientiam
270 1737 304 1788 et
332 1747 526 1789 consensum
558 1726 662 1788 nullus
695 1727 831 1788 omnino
862 1726 895 1787 in
924 1736 981 1788 tuo
1013 1725 1206 1806 episcopatu
1238 1744 1357 1787 novam
1388 1725 1558 1789 ecclesiam
1590 1727 1741 1790 edificare

70 1825 247 1896 presumat
291 1816 405 1878 Liceat
429 1835 561 1896 quoque
584 1815 688 1890 vobiS,
720 1817 917 1889 exactiones,
943 1835 1006 1896 que
1036 1814 1097 1876 sub
1120 1823 1272 1894 pretextu
1296 1813 1384 1877 leudi
1408 1815 1459 1878 vel
1483 1816 1546 1877 alia
1569 1818 1742 1880 occasione

72 1905 102 1966 in
124 1904 274 1967 ecclesiis
306 1903 395 1980 fiunt,
428 1925 448 1966 a
477 1906 567 1967 laicis
598 1925 773 1966 removere.
819 1906 855 1966 ln
885 1902 1142 1985 parrochialibus
1172 1923 1250 1965 vero
1281 1903 1434 1977 ecclesiis,
1466 1925 1546 1984 quas
1577 1906 1609 1967 in
1632 1918 1741 1969 vestro

71 1994 265 2074 episcopatu
290 1993 441 2057 monachi
466 2014 522 2056 seu
547 1993 707 2074 regulares
731 1994 879 2055 canonici
909 2003 1028 2068 tenent,
1060 1993 1151 2054 iuxta
1174 1992 1339 2055 decretum
1369 1993 1608 2074 predecessoris
1631 1997 1740 2071 nostri,

72 2082 170 2144 felicis
195 2083 354 2145 memorie
377 2103 464 2164 pape
488 2082 624 2158 Urbani,
655 2083 855 2165 presbiteros
878 2082 1000 2162 eligant
1023 2092 1057 2144 et
1078 2081 1174 2143 vobis
1197 2091 1393 2162 presentent,
1426 2082 1553 2162 quibus,
1577 2085 1602 2146 si
1632 2085 1741 2146 idonei

73 2171 203 2248 luerint,
243 2173 424 2234 animarum
456 2193 566 2234 curam
596 2193 656 2234 vos
688 2173 815 2236 debetis
846 2173 1065 2246 committere,
1097 2180 1133 2232 ut
1164 2171 1205 2232 de
1236 2170 1343 2251 plebis
1376 2171 1509 2252 quidem
1540 2192 1616 2235 cura
1646 2175 1741 2236 vobis

73 2261 313 2342 respondeant,
345 2261 391 2324 eis
419 2280 498 2324 vero
529 2281 589 2343 pro
614 2262 710 2324 rebus
740 2261 992 2342 temporalibus,
1023 2260 1065 2322 ad
1090 2279 1201 2322 eorum
1225 2259 1298 2321 loca
1321 2261 1575 2340 pertinentibus,
1608 2261 1741 2343 dignam

72 2349 310 2412 subiectionem
337 2350 523 2424 exhibeant,
554 2350 651 2414 salvis
682 2351 832 2412 nimirum
857 2350 1038 2431 apostolice
1069 2349 1155 2410 sedis
1186 2349 1370 2429 privilegiis.
1416 2350 1630 2413 Decernimus
1652 2372 1740 2433 ergo,

71 2449 104 2500 ut
125 2439 204 2501 nulli
223 2440 360 2502 omnino
383 2438 554 2502 hominum
577 2441 681 2514 liceat,
705 2440 867 2521 prefatam
890 2438 1060 2502 ecclesiam
1085 2486 1091 2499 .
1117 2486 1122 2498 .
1147 2485 1154 2498 .
1179 2487 1185 2499 .
1210 2438 1321 2500 usibus
1344 2439 1543 2502 omnimodis
1563 2441 1740 2521 profutura.

72 2526 103 2590 Si
126 2548 193 2609 qua
218 2528 348 2610 igitur.
374 2577 380 2590 .
405 2577 412 2591 .
436 2527 570 2592 Cunctis
593 2539 702 2591 autem
728 2578 733 2592 .
760 2579 766 2592 .
791 2579 797 2592 .
822 2529 997 2591 inveniant.
1043 2527 1162 2590 Amen.
1186 2525 1305 2590 Amen.

285 2615 342 2700 (R)
365 2617 438 2698 Ego
462 2617 656 2681 Anastasius
680 2618 841 2681 catholice
864 2619 1000 2680 ecclesie
1023 2617 1198 2698 episcopus
1219 2637 1261 2678 ss.
1285 2614 1350 2696 (M)

283 2709 303 2785 †
326 2707 399 2788 Ego
424 2706 698 2788 GG.(Gregorius)
722 2707 884 2789 presbiter
906 2705 1078 2770 cardinalis
1101 2707 1149 2768 tit.
1173 2706 1277 2769 sancti
1302 2705 1419 2768 Calixti
1433 2725 1474 2769 ss.

285 2793 305 2878 †
329 2786 535 2877 Ego'Guido
559 2797 720 2877 presbiter
743 2797 915 2860 cardinalis
938 2797 986 2858 tit.
1010 2796 1113 2858 sancti
1138 2795 1343 2877 Chrysogoni
1366 2815 1407 2857 ss.

285 2883 305 2965 †
329 2883 402 2966 Ego
426 2884 600 2948 Hubaldus
622 2885 784 2967 presbiter
807 2885 979 2949 cardinalis
1002 2885 1050 2946 tit.
1074 2894 1186 2947 sancte
1208 2884 1365 2947 Praxedis
1388 2905 1429 2947 ss.

284 2973 305 3055 †
327 2975 399 3055 Ego
424 2974 613 3037 Manlredus
636 2974 797 3056 presbiter
820 2975 992 3037 cardinalis
1015 2975 1063 3036 tit
1086 2983 1198 3036 sancte
1221 2970 1341 3036 Savine
1363 2993 1404 3036 ss.

283 3061 303 3143 †
326 3063 400 3144 Ego
423 3063 595 3126 Aribertus
618 3064 778 3145 presbiter
800 3064 973 3126 cardinalis
996 3064 1044 3126 tit.
1067 3073 1179 3126 sancte
1200 3063 1377 3126 Anastasis
1399 3083 1440 3125 ss.

285 3149 305 3236 †
330 3153 402 3233 Ego
425 3152 565 3216 Ioannes
581 3154 744 3234 presbiter
757 3153 929 3216 cardinalis
944 3160 1131 3216 sanctorum
1144 3150 1273 3214 loannis
1289 3163 1323 3214 et
1333 3153 1422 3214 Pauli
1444 3151 1491 3213 tit.
1503 3150 1667 3214 Pamachii
1677 3172 1718 3216 ss.

285 3237 305 3322 †
328 3240 401 3322 Ego
426 3242 503 3304 Odo
527 3243 683 3305 diaconus
707 3243 879 3306 cardinalis
902 3243 1005 3305 sancti
1029 3242 1162 3323 Georgii
1186 3242 1229 3304 ad
1251 3241 1369 3304 Velum
1393 3259 1525 3304 aureum
1548 3260 1589 3302 ss.

285 3326 306 3411 †
328 3329 402 3411 Ego
426 3329 536 3393 Guido
560 3332 717 3394 diaconus
740 3331 912 3395 cardinalis
935 3341 1047 3394 sancte
1072 3331 1173 3393 Marie
1197 3331 1229 3393 in
1251 3330 1381 3393 Porticu
1404 3351 1445 3393 ss.

285 3415 305 3499 †
328 3420 401 3500 Ego
426 3420 527 3482 Oddo
551 3421 708 3484 diaconus
732 3420 904 3484 cardinalis
927 3421 1030 3483 sancti
1054 3419 1204 3483 Nicholai
1228 3421 1261 3482 in
1285 3439 1414 3482 carcere
1436 3419 1588 3482 Tulliano
1612 3437 1653 3480 ss.

231 3507 307 3570 Dat
322 3508 484 3584 Laterani,
508 3529 567 3590 per
591 3529 723 3573 manum
738 3511 890 3586 Rolandi,
913 3509 1025 3573 sancte
1040 3509 1191 3571 Romane
1214 3509 1350 3572 ecclesie
1372 3508 1543 3590 presbiteri
1568 3505 1740 3569 cardinalis

73 3606 103 3657 et
131 3597 328 3659 cancellarii.
382 3614 419 3658 111
449 3597 536 3660 Non.
569 3600 687 3662 Martii.
739 3601 922 3663 Indictione
951 3617 985 3661 11.
1037 3598 1272 3661 Incamationis
1307 3598 1470 3660 dominice
1502 3616 1588 3659 anno
1620 3607 1740 3657 MCL111.

72 3683 284 3748 Pontificatus
306 3706 385 3748 vero
409 3687 522 3750 domni
546 3687 712 3751 Anastasii
735 3707 786 3751 1111
809 3708 897 3770 pape
921 3708 1007 3751 anno
1030 3705 1050 3748 1.

228 3798 381 3863 Abschn'sterr
398 3799 438 3848 des
458 3804 491 3848 14
512 3799 604 3864 Jahrb.
621 3801 655 3850 im
673 3802 746 3852 Liber
768 3803 840 3852 Verde
857 3801 937 3850 d'rlsti
947 3808 975 3865 p.
991 3803 1049 3860 102,
1068 3799 1123 3848 rmd
1138 3800 1178 3848 des
1197 3802 1230 3850 18
1249 3799 1340 3864 Jahrb.
1362 3797 1508 3865 (Vescovado
1526 3797 1611 3858 Μαί,
1631 3796 1740 3846 Marso]

72 3867 115 3918 Nr.
132 3873 184 3936 16),
204 3869 239 3920 ἔπι
257 3871 372 3920 Archivr'o
389 3871 417 3920 di
432 3872 500 3922 Staio
517 3887 546 3920 w
568 3872 655 3923 Turris.

812 4157 878 4232 ΝΥ.
913 4161 997 4233 135.

72 4283 265 4352 Anastasius
280 4287 306 4350 I
308 4285 337 4350 V
356 4287 504 4371 besta'tigt
525 4288 598 4353 dem
615 4289 767 4370 Bisclzose
783 4291 845 4355 Leo
869 4313 929 4356 von
955 4289 1060 4354 Veroli
1081 4288 1135 4353 die
1150 4286 1387 4354 Besitztlu'c'mer
1408 4289 1511 4352 seines
1526 4285 1740 4369 Hoclrstiftes.

693 4426 776 4486 1154
793 4425 891 4488 Miz'rz
905 4428 934 4488 9.
971 4425 1119 4488 Lateran.

229 4555 424 4619 Anastasius
454 4559 642 4640 episcopus,
673 4580 783 4623 servus
813 4580 978 4624 servorum
1010 4560 1071 4634 dei,
1100 4558 1278 4622 venerabili
1309 4558 1397 4621 fratri
1427 4558 1547 4633 LEoni,
1579 4555 1740 4619 Berulano

75 4644 240 4726 episcopo,
257 4646 391 4726 eiusque
407 4648 648 4711 successoribus
670 4651 828 4712 canonice
844 4650 1085 4731 promovendis,
1102 4661 1141 4711 ΙΝ
1156 4660 1233 4710 ΡΡΜ.
1249 4682 1292 4693 -
1313 4644 1317 4731 Ι
1337 4649 1374 4710 In
1390 4647 1545 4710 eminenti
1561 4645 1741 4732 apostolice

75 4733 156 4795 sedis
186 4734 329 4816 specula,
362 4735 558 4816 disponente
589 4737 734 4813 domino,
766 4740 942 4814 constituti,
978 4738 1092 4801 fratres
1121 4748 1250 4801 nostros
1285 4738 1478 4819 episcopm,
1509 4745 1576 4798 tam
1607 4735 1740 4810 vicinos,

7 4861 8 4864 =
77 4841 170 4902 quam
194 4823 295 4904 longe
317 4825 453 4905 positos,
486 4825 643 4889 debemus
668 4828 808 4908 diligere,
833 4837 866 4890 et
889 4828 1041 4903 ecclesiis
1074 4827 1191 4908 quibus
1216 4827 1351 4889 domino
1375 4823 1525 4906 militalre
1556 4834 1740 4900 noscuntur,

76 4929 161 4973 suam
186 4912 343 4974 iustitiam
367 4933 567 4978 conservare.
614 4915 807 4998 Eapropter,
831 4916 1025 4980 venerabilis
1049 4919 1081 4978 in
1105 4915 1234 4979 Christo
1259 4916 1363 4990 frater,
1387 4916 1463 4978 Lao
1486 4915 1650 4996 episcope,
1679 4914 1741 4976 tuis

77 4998 161 5062 iustis
184 5000 463 5082 postulationibus
485 5013 614 5084 gratum
638 5005 861 5087 impertientes
884 5027 1059 5081 assensum,
1090 5015 1237 5068 sanctam
1260 5005 1454 5066 Berulanam
1479 5003 1658 5078 ecclesiam,
1690 5003 1739 5064 cui

78 5087 135 5151 deo
159 5100 293 5152 auctore
317 5091 471 5171 presides
497 5093 539 5155 ad
563 5099 731 5176 exemplar
753 5097 1019 5177 predecessorum
1045 5106 1239 5170 nostrorum,
1265 5094 1366 5156 felicis
1389 5093 1545 5178 memorie
1560 5092 1690 5156 URBani
1709 5092 1740 5172 ¹),

76 5175 236 5242 Paschalis
254 5177 289 5262 ²),
313 5178 431 5242 Calixti
446 5180 481 5264 8),
505 5181 644 5246 Honorii
662 5183 689 5265 ⁴)
714 5195 746 5246 et
763 5184 915 5247 Celestini
933 5183 967 5265 ⁵),
991 5184 1216 5246 Romanorum
1232 5182 1433 5265 pontificum,
1459 5181 1639 5267 apostolice
1655 5181 1741 5242 sedis

76 5269 266 5330 auctoritate
289 5269 460 5337 munimus.
508 5270 705 5349 Statuentes,
730 5285 765 5335 ut
789 5293 1011 5355 quascumque
1034 5273 1266 5356 possessiones,
1291 5291 1497 5354 quecumque
1512 5271 1602 5333 bona
1625 5270 1740 5332 eadem

7 5409 8 5414 ,
76 5357 211 5420 ecclesia
232 5357 265 5420 in
288 5359 526 5439 presentiarum
549 5361 632 5424 iuste
655 5372 688 5424 et
711 5361 855 5444 legitime
877 5363 1026 5446 possidet
1053 5363 1165 5425 autin
1189 5361 1337 5438 futurum,
1373 5361 1530 5442 largiente
1554 5359 1626 5437 deo,
1659 5359 1741 5422 iuste

382 5493 495 5500 ---—-

231 5553 257 5618 a)
276 5550 421 5602 Cairascum
443 5553 476 5604 Il.
494 5593 546 5598 ---
564 5560 600 5618 .1)
623 5555 682 5604 Urk.
707 5559 796 5606 vorat?
819 5557 879 5622 Juli
900 5559 965 5607 1097
992 5557 1048 5606 und
1069 5555 1153 5622 Jaffe',
1179 5559 1235 5622 leeg.
1258 5555 1335 5606 4263.
1445 5561 1470 5620 2)
1493 5554 1553 5604 Urk.
1576 5571 1631 5602 vom
1651 5557 1666 5602 4
1685 5554 1741 5617 Sep·

7 5589 8 5592 ¹
75 5620 157 5740 ξῗῦἶ
157 5623 320 5743 [12031144
357 5627 384 5689 3)
413 5625 472 5674 Urk.
500 5641 554 5674 vom
581 5630 612 5675 16
640 5627 708 5692 Jum'
733 5631 806 5678 1121.
914 5631 943 5690 4)
976 5629 1035 5679 Urk.
1061 5645 1115 5677 vona
1138 5631 1173 5678 28
1198 5628 1330 5677 Nommber
1358 5629 1431 5680 1125.
1540 5631 1566 5691 5)
1599 5625 1658 5674 Urk.
1686 5641 1740 5674 vom

146 5709 159 5741 e
203 5709 235 5742 ar
321 5731 328 5744 .
