4126 6366
325 323 390 406 316

324 534 437 580 eorum
461 513 707 579 tumulationem
731 513 764 576 in
787 513 932 587 ecclesia,
955 510 986 575 in
1010 529 1075 593 qua
1098 505 1217 596 sepulti
1241 513 1368 588 luerint,
1391 512 1556 576 celebrare
1579 513 1721 594 possitis,
1754 515 1889 595 quando
1905 513 1989 576 vide

324 605 401 670 licet
415 605 448 667 in
462 602 541 688 ipsis
557 605 712 683 exequiis,
738 602 847 683 aliquo
870 603 1105 684 impedimento
1129 604 1264 678 detenti,
1283 623 1348 665 non
1364 601 1581 676 celebrabitis,
1605 609 1638 664 et
1653 609 1697 675 ut,
1721 611 1876 683 presente
1891 601 1990 665 archi·

324 694 491 777 episcopo,
522 693 547 756 si
571 694 643 775 ipse
669 713 730 774 pro
753 692 863 773 aliquo
887 692 1126 774 impedimento
1150 694 1282 755 missam
1306 690 1471 754 celebrare
1494 691 1682 770 nequiverit,
1713 711 1773 754 vos
1795 711 1869 755 eam
1894 690 1989 754 libere

325 782 511 856 celebretis,
551 789 649 862 atquc
688 782 775 844 idem
813 779 1076 864 archiepiscopus
1109 782 1139 843 in
1170 781 1292 843 nullum
1325 782 1555 842 canonicorum
1587 781 1656 842 sine
1687 780 1823 843 aliorum
1857 781 1989 844 consilio

323 873 518 935 sententiam
550 870 633 934 ferat
664 880 706 948 et,
738 872 765 933 si
796 868 909 945 tulerit,
939 869 1071 933 minime
1100 877 1262 946 teneatur,
1293 872 1376 932 sicut
1398 868 1492 931 vobis
1523 877 1680 931 statutum
1705 878 1754 932 est
1778 879 1811 932 et
1834 869 1989 933 hactenus

325 961 542 1035 observatum,
564 959 693 1023 firmum
717 967 750 1022 et
772 958 957 1024 inviolabile
980 978 1110 1022 manere
1133 959 1320 1023 sanccimus.
1368 957 1585 1022 Concedimus
1601 960 1733 1040 insuper
1748 966 1782 1022 et
1797 960 1990 1022 auctoritate

324 1050 506 1132 apostolica
529 1049 767 1124 confirmamus,
798 1056 833 1112 ut
855 1049 1024 1125 institutio,
1054 1067 1120 1129 que
1141 1067 1273 1112 assensu
1298 1056 1331 1110 et
1354 1047 1522 1110 voluntate
1545 1047 1738 1110 venerabilis
1761 1048 1868 1111 fratris
1892 1050 1990 1111 nostri

324 1139 483 1223 Hugonis,
506 1138 671 1201 Ianuensis
693 1136 931 1221 archiepiscopi
949 1137 982 1225 ¹),
1005 1157 1104 1221 super
1126 1157 1262 1201 numero
1285 1136 1474 1200 clericorum
1497 1135 1529 1199 in
1553 1136 1692 1200 ecclesia
1705 1145 1814 1202 vestra
1837 1137 1989 1221 recipien-

324 1230 442 1293 dorum
466 1227 603 1312 provide
634 1227 721 1291 facta
750 1235 808 1314 est,
840 1227 1033 1291 inconcussa
1056 1234 1090 1290 et
1111 1226 1237 1290 stabilis
1261 1232 1456 1308 perseveret,
1487 1227 1546 1288 nisi
1571 1225 1656 1289 lorte
1677 1227 1708 1290 in
1731 1235 1858 1291 tantum
1884 1227 1990 1310 augeri

324 1319 497 1400 contigerit
519 1315 656 1381 ecclesie
679 1316 857 1393 facultates,
891 1323 926 1378 ut
958 1317 1075 1380 merito
1107 1316 1213 1398 possit
1241 1323 1276 1378 et
1303 1315 1426 1378 debeat
1451 1315 1549 1378 etiam
1579 1317 1807 1379 canonicomm
1839 1336 1990 1380 uumerus

324 1407 534 1490 augmentari.
579 1405 671 1470 Illam
695 1424 827 1486 quoque
851 1406 1103 1481 ordinationem,
1136 1424 1201 1485 qua
1231 1407 1398 1487 provisum
1431 1413 1482 1467 est
1511 1404 1594 1468 inter
1617 1403 1722 1490 vos(?),
1753 1415 1789 1469 ut
1811 1405 1990 1488 capitulum

323 1504 467 1560 vestrum
491 1495 645 1579 puniendi
668 1497 824 1558 canonice
856 1494 989 1560 fratrem
1019 1514 1123 1568 suum,
1153 1495 1209 1577 qui
1239 1513 1276 1559 se
1306 1494 1337 1556 in
1366 1492 1555 1557 utilitatibus
1586 1495 1724 1559 ecclesie
1755 1495 1992 1578 pertractandis

323 1606 344 1649 a
366 1587 601 1649 communitate
623 1583 758 1668 capituli
781 1585 930 1665 nequiter
951 1583 1178 1668 segregaverit,
1209 1581 1329 1648 habeat
1359 1590 1569 1666 potestatem,
1601 1583 1634 1646 in
1656 1604 1716 1648 sua
1737 1584 1893 1648 firmitate
1916 1605 1991 1647 con·

324 1676 471 1738 cedimus
493 1694 693 1757 permanere.
739 1674 941 1738 Sententiam
964 1675 1103 1755 insuper,
1126 1691 1190 1754 que
1214 1692 1275 1756 pro
1298 1672 1392 1736 vobis
1415 1679 1528 1735 contra
1550 1672 1721 1737 ecclesiam
1738 1675 1840 1737 sancti
1855 1671 1990 1738 Bartbo

324 1763 423 1827 lomei
453 1783 552 1847 super
582 1762 691 1847 legato
714 1762 803 1826 Wmi
828 1761 912 1826 Gate
934 1781 994 1846 per
1015 1762 1151 1835 iudices,
1184 1781 1203 1824 a
1225 1762 1304 1825 sede
1334 1761 1516 1844 apostolica
1539 1761 1726 1844 delegatos,
1757 1763 1993 1827 rationabiliter

324 1855 469 1916 noscitur
498 1851 719 1936 promulgata,
750 1854 834 1915 sicut
861 1854 892 1915 in
915 1854 1039 1934 scripto
1061 1852 1226 1915 autentico
1251 1852 1449 1926 continetur,
1480 1852 1671 1915 auctoritate
1702 1853 1886 1935 apostolica
1917 1873 1993 1917 con-

324 1942 490 2006 firmamus
498 1950 532 2005 et
539 1944 683 2025 presenti
695 1943 813 2025 pagina
822 1943 1070 2004 communimus.
1089 1939 1373 2024 Compositionem
1383 1948 1540 2023 preterea,
1555 1961 1619 2022 que
1632 1941 1720 2006 facta
1730 1949 1781 2007 est
1792 1943 1878 2006 inter
1890 1942 1993 2006 eccle-

324 2034 406 2095 siam
420 2038 562 2095 vestram
576 2040 610 2094 et
621 2031 776 2095 abbatem
788 2032 891 2094 sancti
904 2027 979 2112 Syri
995 2030 1037 2092 de
1051 2029 1126 2094 loco
1138 2029 1374 2094 benedictionis
1386 2039 1420 2093 et
1435 2029 1541 2094 forma
1556 2031 1753 2109 obedientie,
1769 2034 1855 2095 sicut
1865 2033 1993 2112 absque

325 2123 485 2204 pravitate
495 2119 664 2184 factahinc
674 2121 750 2184 inde
766 2128 899 2203 recepta
912 2129 962 2182 est
977 2127 1010 2183 et
1024 2121 1056 2182 in
1070 2121 1194 2203 scripto
1206 2119 1338 2202 publico
1352 2121 1543 2195 continetur,
1559 2129 1662 2183 ratam
1676 2141 1748 2185 esse
1770 2141 1947 2184 censemus
1962 2131 1994 2184 et

324 2209 436 2274 litteris
460 2210 662 2294 presentibus
686 2211 889 2273 roboramus.
935 2206 1136 2272 Sententiam
1161 2228 1302 2291 quoque,
1325 2208 1367 2272 ab
1391 2208 1512 2272 abbate
1534 2211 1638 2274 sancti
1662 2209 1797 2275 Andree
1821 2211 1864 2274 de
1889 2209 1993 2274 Sexto

325 2301 408 2363 inter
429 2319 488 2363 vos
512 2308 546 2363 et
575 2299 706 2362 fratrem
730 2299 852 2362 Iustum
886 2319 928 2362 ex
956 2298 1163 2381 delegatione
1194 2306 1305 2361 nostra
1334 2299 1490 2361 canonice
1520 2299 1772 2382 promulgatam,
1802 2301 1995 2364 auctoritate

325 2388 507 2472 apostolica
530 2388 769 2452 confirmamus.
806 2387 999 2452 Adicientes
1022 2389 1121 2451 etiam
1137 2386 1352 2469 indulgemus,
1377 2396 1413 2450 ut
1427 2387 1526 2451 liceat
1542 2389 1681 2453 ecclesie
1696 2398 1803 2454 vestre
1820 2392 1993 2473 preposito

325 2479 368 2541 de
396 2477 533 2542 consilio
566 2476 803 2561 archiepiscopi
834 2479 882 2540 sui
916 2497 983 2552 eoS,
1015 2478 1071 2556 qui
1094 2477 1203 2540 eidem
1228 2474 1363 2539 ecclesie
1385 2477 1529 2540 decimas
1559 2476 1753 2542 subtrahunt
1776 2479 1829 2543 vel
1851 2500 1904 2543 res
1927 2480 1995 2542 eius

325 2567 451 2630 auferre
474 2576 671 2650 presumunt,
694 2565 823 2630 vinculo
845 2565 1060 2630 anathematis
1083 2565 1246 2628 innodare.
1293 2564 1379 2628 Nulli
1412 2585 1491 2648 ergo
1525 2569 1659 2631 omnino
1689 2567 1857 2632 hominum
1890 2568 1995 2642 liceat,

325 2653 410 2720 hanc
440 2659 593 2740 paginam
625 2665 737 2719 nostre
766 2657 990 2719 concessionis
1021 2663 1055 2718 et
1084 2654 1341 2718 confirmationis
1371 2655 1545 2738 infringere
1576 2656 1625 2719 vel
1649 2658 1680 2720 ei
1710 2677 1791 2721 ausu
1822 2659 1995 2722 temerario

326 2747 494 2810 contraire.
539 2742 668 2825 Siquis
691 2754 800 2808 autern
828 2744 892 2809 hoc
920 2752 1081 2808 attentare
1111 2745 1355 2828 presumpserit,
1387 2745 1645 2827 indignationem
1678 2747 1914 2829 omnipotentis
1945 2747 1997 2811 dei

326 2843 360 2898 et
382 2835 553 2900 beatorum
578 2834 663 2897 Petri
692 2843 726 2899 et
748 2834 848 2910 Pauli,
879 2834 1104 2918 apostolorum
1128 2836 1211 2910 eius,
1241 2854 1278 2898 se
1305 2835 1432 2897 noverit
1455 2835 1663 2900 incursurum.
1687 2872 1730 2884 -
1753 2835 1830 2900 Dat.
1853 2836 1997 2912 Verone,

327 2937 350 2986 v
372 2926 449 2988 Idus
471 2922 687 3008 Septembris.

484 3038 609 3104 Abscleer'ft
625 3039 669 3088 der
686 3039 787 3088 suvicell.
805 3037 833 3086 di
848 3038 910 3088 Sior.
928 3037 982 3104 Lr'g.
1008 3039 1035 3088 V.
1050 3045 1075 3102 p.
1095 3039 1155 3100 316,
1173 3037 1200 3087 r're
1217 3037 1260 3088 der
1277 3037 1339 3087 Be'hl.
1362 3038 1450 3098 coeca,
1469 3038 1509 3088 des
1527 3039 1639 3106 Negretto
1665 3039 1706 3102 (B.
1732 3040 1773 3092 VI.
1795 3041 1848 3108 1⁹),
1862 3047 1892 3106 p.
1911 3043 1955 3101 99,
1973 3040 1999 3091 r're

326 3111 370 3162 der
386 3111 448 3163 Bibl.
466 3111 523 3162 dell'
544 3107 680 3162 vniversa
697 3127 728 3159 ere
750 3110 842 3162 Geerua.

1069 3339 1135 3415 Nr.
1162 3343 1250 3416 351.

327 3475 446 3540 Lucius
461 3473 527 3539 III
537 3474 724 3559 beaustragt
740 3475 802 3540 den
818 3474 957 3556 Bisclrof
970 3494 1030 3536 von
1054 3473 1191 3538 Tortona
1214 3472 1284 3536 und
1306 3473 1368 3538 den
1382 3473 1447 3538 Ab!
1468 3494 1528 3538 von
1543 3473 1612 3538 San
1628 3473 1705 3539 Sr'ro
1727 3475 1766 3539 di
1783 3473 1925 3554 Gereova,
1947 3477 2001 3540 die

327 3563 524 3630 Strer'tsaclee
537 3565 698 3631 awisclren
712 3564 773 3629 den
790 3564 1002 3628 Kanonr'kern
1016 3583 1077 3626 ven
1096 3562 1208 3626 Genua
1230 3562 1299 3626 und
1319 3563 1381 3626 der
1395 3561 1516 3627 Kirclre
1531 3562 1638 3627 Santa
1654 3564 1768 3628 Maria
1792 3565 1833 3628 di
1861 3563 2000 3630 Castello

687 3655 721 3718 in
740 3654 874 3718 Genera
888 3673 997 3736 wegen
1012 3649 1073 3717 der
1087 3649 1210 3715 Kirclee
1224 3657 1286 3716 v'on
1300 3652 1387 3716 Molo
1402 3651 1582 3734 beizulegen
1599 3653 1637 3730 ¹).
1679 3690 1680 3693 =

819 3771 920 3848 1184(
926 3770 1067 3852 -1185)
1084 3765 1269 3852 September
1282 3769 1335 3830 12.
1376 3765 1505 3831 Verona.

485 3886 604 3950 Lucius
636 3886 818 3969 episcopus,
848 3903 959 3947 servus
982 3903 1149 3947 servorum
1174 3883 1237 3958 dei,
1267 3883 1444 3948 venerabili
1474 3883 1570 3960 iratri,
1600 3883 1806 3948 Terdonensi
1829 3885 1997 3970 episcopo,

327 3985 361 4041 et
390 3976 513 4040 dilecto
537 3975 619 4051 filio,
654 3974 767 4038 abbati
796 3975 900 4037 sancti
928 3969 1002 4054 Syri
1033 3974 1212 4050 lanuensis,
1243 3971 1380 4038 salutem
1412 3981 1446 4036 et
1474 3972 1689 4057 apostolicam
1721 3974 1997 4039 benedictionem.

326 4065 475 4141 Causam,
498 4084 562 4145 que
586 4066 671 4127 inter
693 4063 831 4127 dilectos
854 4061 938 4124 lilios
962 4071 1099 4138 nostros,
1123 4064 1298 4127 canonicos
1313 4063 1487 4127 lanuenses
1511 4071 1546 4126 et
1568 4061 1739 4126 ecclesiam
1762 4073 1878 4128 sancte
1894 4065 1998 4128 Marie

326 4156 369 4216 de
392 4152 533 4218 Castello
557 4171 657 4237 super
679 4151 818 4215 ecclesia
845 4151 888 4214 de
911 4149 1050 4216 Modulo
1080 4153 1226 4216 noscitur
1255 4152 1381 4234 agitari,
1414 4152 1599 4216 discretioni
1621 4159 1729 4214 vestre
1760 4155 1997 4218 committimus

326 4243 520 4307 audiendam
544 4250 590 4317 et,
622 4241 880 4304 contradictione
910 4249 1052 4317 remota,
1089 4240 1152 4305 fine
1179 4241 1339 4304 canonico
1371 4241 1625 4318 terminandam3
1655 4242 1798 4325 ideoque
1821 4243 1917 4306 vobis
1939 4263 1999 4326 per

326 4331 506 4414 apostolica
537 4333 660 4414 scripta
692 4329 899 4404 mandamus,
931 4330 1088 4409 quatinus,
1114 4329 1260 4412 partibus
1290 4336 1366 4393 ante
1394 4340 1535 4394 vestram
1570 4333 1766 4413 presentiam
1799 4335 1996 4406 convocatis,

326 4421 443 4485 auditis
460 4428 492 4483 et
508 4421 654 4502 cognitis,
670 4417 760 4504 (que)
775 4416 848 4481 hinc
865 4419 939 4482 inde
955 4420 1127 4502 proposita
1142 4419 1270 4495 fuerint,
1294 4418 1400 4482 eidem
1417 4439 1515 4483 cause
1529 4419 1628 4482 finem
1643 4419 1794 4484 debitum
1810 4423 1996 4504 imponatis.

326 4545 370 4560 --
392 4509 468 4573 Dat
492 4507 632 4585 Verone,
657 4523 682 4572 11
705 4508 781 4571 Idus
805 4504 898 4590 Sept.

486 4623 611 4692 Absrlerrfl
628 4623 671 4676 der
687 4621 787 4674 Mr'scell
801 4621 829 4672 di
844 4623 907 4672 Stor.
926 4623 982 4689 Lig.
1005 4625 1065 4690 Vp.
1085 4625 1143 4684 316,
1163 4621 1190 4673 in
1207 4623 1251 4672 der
1267 4623 1329 4672 But
1353 4621 1434 4671 Civica
1453 4638 1483 4672 eu
1504 4621 1597 4673 Gemea.

1068 4853 1135 4929 Nr.
1164 4857 1253 4930 352.

328 4989 447 5054 Lucius
462 4988 526 5053 III
537 4989 721 5074 beaustragt
733 4986 848 5050 Dekan
864 4987 933 5052 und
945 4987 1063 5070 Propst
1074 5007 1135 5050 uon
1152 4983 1245 5065 Keln,
1267 4985 1375 5067 dafeir
1395 5007 1436 5051 au
1458 5007 1581 5070 rogen,
1607 4987 1685 5052 dass
1707 4987 1767 5052 der
1782 4987 1930 5053 Prrester
1941 5009 1999 5052 von

326 5079 431 5144 Deute
446 5079 497 5143 bei
513 5076 598 5144 K'o'ln
613 5079 674 5144 das
689 5078 825 5143 Kloster
837 5075 942 5142 Dente
956 5077 1045 5140 neela
1059 5075 1105 5140 im
1116 5075 1242 5139 Besitze
1255 5075 1313 5140 des
1325 5075 1465 5140 Zelmten
1480 5097 1539 5140 von
1552 5076 1732 5142 Rolslrrven
1747 5077 1949 5164 beunrreleige
1963 5077 1998 5162 θ).

837 5193 1049 5257 1184-1185
1065 5189 1251 5275 September
1262 5193 1317 5254 25.
1360 5188 1489 5256 Verona.

485 5311 607 5375 Lucius
630 5311 814 5393 episcopm,
844 5328 956 5374 servus
978 5327 1145 5372 servorum
1174 5308 1236 5382 dei,
1268 5306 1396 5370 dilectis
1420 5306 1492 5372 filiis
1515 5357 1522 5372 .
1549 5356 1555 5372 .
1579 5311 1707 5374 decano
1729 5316 1763 5373 et
1787 5311 1906 5374 maiori
1930 5329 1999 5393 pre·

328 5402 437 5485 posito
454 5398 662 5487 Colonilensi,
678 5399 817 5463 salutem
834 5406 867 5462 et
882 5397 1098 5481 apostolicam
1113 5397 1388 5461 benedictionem.
1426 5397 1631 5463 Dilectorum
1647 5399 1786 5463 filiorum
1803 5408 1998 5472 nostrorum,

329 5561 381 5568 ..--
699 5561 751 5566 .-

490 5620 515 5686 ι)
533 5619 607 5687 Hugo
624 5619 688 5669 della
711 5621 786 5680 Vella,
805 5618 950 5683 Erebe'sclos
962 5633 1010 5667 ven
1031 5617 1124 5678 Genua,
1145 5618 1322 5668 1163-1188.
1396 5621 1422 5667 al
1448 5620 1525 5686 Vergl.
1543 5620 1581 5669 dr'e
1602 5619 1719 5670 Urkrmde
1744 5635 1800 5669 vem
1818 5620 1855 5670 20
1872 5619 2001 5684 Septem

330 5694 511 5752 nto-1176,
535 5707 591 5742 vom
608 5691 640 5742 31
658 5691 804 5752 Mae'1184,
822 5707 878 5742 vem
896 5695 911 5738 9
929 5689 1058 5740 December
1078 5692 1141 5739 1189
1166 5689 1222 5740 und
1238 5687 1305 5739 Men.
1329 5689 1392 5738 Hr'st.
1413 5692 1481 5741 Patr.
1504 5692 1606 5742 Chartae
1624 5693 1690 5756 Hp.
1711 5693 1787 5740 1156.
1881 5695 1908 5756 3)
1931 5687 2000 5758 Jeffi

327 5765 384 5829 Reg.
404 5764 472 5812 9701
478 5775 489 5822 ,·
506 5763 639 5822 Ledebuhr,
651 5765 718 5829 Allg.
736 5763 828 5814 Archiv
845 5762 1013 5827 11111284.
1044 5762 1112 5812 Fehlt
1130 5760 1222 5829 Mr'gm,
1243 5761 1311 5810 Patr.
1330 5762 1421 5828 2012).
1442 5764 1515 5815 1324.
1553 5763 1630 5829 Vergl.
1648 5767 1710 5813 Atra
1727 5763 1745 5812 I
1755 5769 1780 5826 p.
1795 5763 1859 5822 880,
1872 5765 1932 5824 314,
1944 5762 1999 5812 885.
