4142 6366
1692 367 1751 440 295

80 545 215 613 habetis
237 546 289 612 vel
311 547 452 614 habituri
476 548 563 624 estis,
587 545 698 611 omnia
721 545 860 630 insuper,
889 571 953 632 que
976 547 1009 612 in
1032 559 1104 613 toto
1127 569 1229 632 regno
1252 549 1389 612 Francie
1412 559 1445 611 et
1468 549 1623 612 universis
1646 548 1754 611 eidem

81 639 151 701 iure
175 637 421 702 subiacentibus
444 637 629 720 provinciis,
660 647 694 700 et
725 638 920 716 tenimentis,
952 649 985 702 et
1015 639 1048 702 in
1078 639 1202 702 cunctis
1225 639 1333 720 regnis
1357 646 1391 701 et
1412 637 1597 701 civitatibus
1616 634 1645 721 8)
1667 638 1754 718 Ispa-

80 728 228 804 niarum,
267 748 323 790 seu
355 726 477 808 ubique
508 727 671 801 locorum,
708 732 741 789 et
770 728 954 808 specialiter
985 729 1018 791 in
1050 728 1304 791 transmontanis
1333 726 1521 808 supradicta
1539 724 1568 811 b)
1599 727 1752 790 dominici

80 815 256 900 Sepulchri
280 815 418 879 ecclesia
447 816 591 898 legitime
615 815 785 896 possidere
809 817 988 880 dinoscitur
1016 817 1069 880 vel
1100 818 1132 880 in
1164 816 1314 893 futurum,
1344 815 1501 898 largiente
1524 815 1667 889 domino,
1699 814 1753 877 ad·

81 907 213 988 quirere
242 906 373 987 poterit.
426 905 551 969 Omnes
584 904 793 968 nihilominus
825 901 999 992 [antiquas]
1030 916 1064 969 et
1093 905 1303 969 rationabiles
1338 904 1588 969 consuetudines
1619 903 1754 968 ecclesie

78 1003 192 1058 vestre
212 994 308 1058 vobis
331 995 511 1076 vestrisque
534 993 775 1057 successoribus
803 996 1035 1076 perpetualiter
1065 995 1303 1057 confirmamus.
1348 994 1435 1058 Sane
1467 995 1508 1057 de
1539 995 1590 1057 his
1620 1004 1653 1057 et
1684 993 1755 1056 aliis

80 1083 349 1165 possessionibus
372 1082 525 1146 ethonis
547 1083 662 1146 vestris
686 1083 822 1146 liberam
846 1084 1043 1166 disponendi
1065 1079 1242 1170 [communi
1258 1093 1367 1146 minen
1384 1082 1520 1147 consilio
1537 1084 1580 1145 ad
1595 1083 1754 1145 honorem

80 1174 135 1236 dei
178 1179 212 1236 et
249 1171 385 1235 ecclesie
414 1181 521 1235 vestre
558 1167 754 1258 proiectum]
793 1173 942 1236 habeatis
973 1173 1171 1236 facultatem.
1223 1172 1413 1236 Decedente
1442 1172 1494 1234 vel
1525 1171 1754 1234 transfretante

78 1261 269 1343 patriarcha
298 1259 646 1336 ierosolimitanorum,
679 1262 768 1343 prior
798 1273 830 1326 et
863 1263 1028 1340 canonici,
1060 1263 1124 1344 qui'
1147 1283 1207 1344 pro
1236 1271 1386 1343 tempore
1418 1262 1450 1322 in
1479 1261 1594 1324 eadem
1618 1259 1754 1323 ecclesia

79 1351 211 1426 suerint,
244 1350 388 1424 domum,
419 1360 455 1413 ut
486 1350 668 1414 institutum
699 1358 757 1427 est,
788 1361 821 1413 et
844 1351 999 1414 familiam
1023 1353 1204 1434 patriarche
1235 1345 1280 1436 [et
1306 1351 1425 1426 omnia,
1451 1369 1514 1431 que
1538 1351 1579 1412 ad
1604 1350 1652 1412 ius
1674 1345 1753 1434 eius]

78 1450 243 1521 spectant,
276 1441 362 1502 intus
385 1450 418 1502 et
441 1450 535 1502 extra
557 1439 697 1502 fideliter
719 1441 905 1504 custodient
928 1452 961 1504 et
984 1451 1105 1522 regent,
1138 1441 1245 1504 donec
1278 1439 1359 1502 alter
1381 1439 1560 1502 secundum
1585 1438 1754 1501 dominum

78 1529 277 1592 substitutus
308 1528 403 1592 suerit
430 1528 481 1590 vel
507 1529 612 1591 donec
636 1529 707 1610 ipse
730 1530 868 1606 redierit,
900 1531 926 1593 si
951 1531 1175 1593 transfretatus
1199 1530 1266 1592 erit.
1312 1528 1413 1590 Porro
1446 1528 1656 1590 medietatem
1679 1547 1753 1609 pos·

78 1612 292 1704 session[um]
313 1615 350 1702 c),
380 1638 443 1700 que
467 1612 644 1701 [intervos
667 1615 871 1704 communes]
895 1620 1013 1683 suerint
1031 1615 1060 1703 d)
1083 1621 1115 1682 in
1139 1618 1270 1700 Anglia,
1299 1618 1331 1680 in
1355 1617 1467 1692 Dacia,
1492 1618 1525 1679 in
1547 1613 1752 1692 Alemannia‚

77 1707 229 1784 Polonia,
253 1707 401 1782 Rutenis,
425 1706 557 1788 Ahagia
576 1704 612 1791 e)‚
636 1707 791 1788 Ungaria,
816 1708 1102 1790 Constantinopoli
1127 1718 1160 1772 et
1184 1707 1337 1771 omnibus
1352 1706 1471 1770 finibus
1486 1706 1563 1781 eius,
1586 1706 1619 1768 in
1636 1704 1754 1788 quibus

78 1797 295 1860 medietatem
320 1816 538 1878 expensarum
563 1795 669 1859 facere
693 1796 828 1874 debetis,
861 1798 957 1861 vobis
988 1797 1227 1861 confirmamus.
1273 1795 1488 1859 Decemimus
1518 1790 1632 1878 (ergo),
1663 1794 1753 1876 quod

77 1885 161 1948 nulli
194 1887 329 1949 omnino
360 1885 531 1948 hominum
562 1885 674 1960 liceat,
705 1887 888 1966 predictam
919 1887 1090 1950 ecclesiam
1122 1897 1245 1950 temere
1275 1885 1464 1967 perturbare
1495 1895 1551 1947 aut
1582 1885 1651 1947 eius
1678 1903 1752 1965 pos·

76 1975 245 2038 sessiones
277 1974 402 2037 aniene
431 1974 483 2036 vel
507 1974 634 2038 ablatas
657 1976 804 2052 retinere,
838 1977 982 2039 minuere
1013 1997 1070 2040 seu
1094 1975 1294 2058 quibuslibet
1317 1973 1585 2057 oppressionibus
1608 1973 1752 2054 fatigare,

77 2065 137 2127 sed
164 2063 291 2127 illibata
313 2070 347 2126 et
369 2065 496 2144 integra
518 2071 750 2126 conserventur
773 2085 898 2141 eorum,
931 2085 992 2147 pro
1024 2085 1163 2147 quorum
1192 2065 1429 2147 gubernatione
1461 2073 1494 2126 et
1517 2062 1753 2125 sustentatione

77 2173 239 2216 concessa
262 2162 344 2228 sunt,
376 2153 487 2215 usibus
511 2153 710 2216 omnimodis
732 2153 910 2234 profutura,
941 2155 1038 2218 salvis
1061 2156 1147 2218 sedis
1177 2154 1359 2235 apostolice
1390 2153 1582 2215 auctoritate
1612 2161 1646 2214 et
1667 2150 1752 2214 Iero-

76 2243 259 2305 solimitani
283 2240 466 2322 patriarche
490 2243 649 2305 canonica
678 2251 843 2323 potestate
873 2251 907 2306 et
929 2239 1199 2330 [preeminentia].
1244 2243 1279 2307 Si
1312 2261 1518 2325 quecumque
1546 2241 1579 2303 in
1611 2240 1752 2303 futurum

77 2331 302 2395 ecclesiastica
324 2331 517 2394 secularisve
539 2351 689 2413 persona,
712 2330 798 2395 hanc
820 2343 931 2396 nostre
954 2333 1194 2396 constitutionis
1216 2332 1371 2414 paginam
1394 2332 1508 2406 sciens,
1539 2340 1653 2394 contra
1679 2349 1751 2392 eam

76 2433 207 2484 temere
230 2421 339 2483 venire
370 2421 596 2502 temptaverit,
628 2421 774 2484 secundo
805 2423 967 2504 tertioque
998 2423 1215 2498 commonita,
1248 2421 1309 2484 nisi
1340 2421 1620 2501 presumptionem
1653 2419 1753 2501 digna

75 2510 305 2574 satisfactione
328 2509 518 2585 correxerit,
549 2510 722 2591 potestatis
751 2507 951 2592 honorisque
982 2512 1031 2574 sui
1062 2511 1221 2592 dignitate
1245 2520 1362 2586 careat,
1386 2529 1542 2590 reamque
1572 2528 1607 2572 se
1640 2508 1751 2570 divino

76 2600 201 2663 iudicio
226 2599 364 2662 existere
388 2599 430 2661 de
453 2609 641 2680 perpetrata
665 2599 834 2680 iniquitate
858 2608 1036 2682 cognoscat
1059 2610 1092 2663 et
1116 2599 1368 2663 asacratissimo
1385 2619 1523 2680 corpore
1540 2618 1578 2660 ac
1593 2598 1750 2679 sanguine

76 2689 130 2751 dei
162 2699 195 2751 et
227 2689 458 2770 redemptoris,
491 2688 612 2750 domini
637 2689 738 2751 nostn'
762 2687 833 2751 lesu
857 2687 984 2766 Christi,
1015 2689 1209 2766 alienafiat,
1242 2697 1341 2771 atque
1364 2689 1396 2750 in
1427 2699 1575 2752 extremo
1598 2687 1749 2750 examine

76 2778 227 2842 districte
251 2777 365 2840 ultioni
388 2776 564 2841 subiaceat.
611 2777 742 2842 Cunctis
766 2788 875 2841 autem
906 2779 1013 2842 eidem
1037 2779 1112 2842 loco
1137 2780 1205 2842 iura
1236 2778 1440 2842 servantibus
1468 2777 1510 2840 sit
1532 2797 1600 2859 pax
1623 2775 1749 2838 domini

76 2867 181 2929 nostri
210 2867 281 2930 Iesu
313 2865 442 2930 Christi.
489 2867 674 2949 Operantes
705 2878 737 2931 et
767 2865 820 2931 hic
852 2867 991 2931 fructum
1019 2869 1099 2932 boni
1131 2869 1194 2931 acti
1227 2867 1336 2950 operis
1374 2866 1560 2947 percipiant
1597 2876 1630 2929 et
1660 2864 1748 2945 apud

76 2957 262 3018 districtum
286 2956 427 3019 iudicem
450 2957 611 3038 premium
634 2967 745 3019 eterne
768 2959 859 3038 pacis
882 2958 1056 3021 inveniant.
1102 2957 1221 3020 Amen.
1244 2956 1362 3019 Amen
1386 2955 1505 3018 Amen.

294 3041 351 3124 (R)
373 3044 448 3125 Ego
471 3045 590 3108 Lucius
614 3044 774 3108 catholice
797 3040 945 3130 [ecclesie
968 3042 1154 3132 episcopus]
1178 3067 1219 3110 ss.
1243 3045 1304 3128 (Μ)

292 3134 313 3214 †
336 3134 410 3215 Ego
432 3133 622 3197 Theodinus
645 3135 831 3198 Portuensis
854 3147 887 3200 et
909 3147 1021 3200 sancte
1045 3131 1174 3222 [Rufine
1197 3136 1283 3199 sedis
1307 3135 1482 3216 episcopus
1504 3126 1559 3218 ss]

293 3220 314 3302 †
336 3223 409 3304 Ego
431 3221 543 3287 Petrus
566 3224 768 3287 Tusculanus
792 3219 991 3310 [episcopus]
1014 3246 1055 3289 ss.

293 3307 313 3392 †
337 3312 409 3393 Ego
433 3309 551 3376 Paulus
573 3309 802 3400 PRenes[tinus
825 3309 1011 3400 episcopus]
1034 3335 1076 3378 ss.

293 3435 336 3445 —
358 3399 379 3480 †
401 3402 474 3482 Ego
497 3403 610 3465 Petrus
633 3403 794 3484 presbiter
816 3403 988 3466 cardinalis
1010 3404 1058 3466 tit
1081 3410 1193 3466 sancte
1216 3396 1388 3488 [Susanne]
1411 3421 1451 3464 ss.

292 3489 313 3567 †
336 3487 408 3571 Ego
431 3487 590 3554 Vivianus
609 3489 637 3576 s)
659 3491 707 3554 tit
730 3493 833 3554 sancti
856 3491 1015 3574 Stephani
1039 3492 1200 3574 presbiter
1222 3490 1394 3554 cardinalis
1416 3511 1457 3552 ss.

292 3580 312 3661 †
335 3579 408 3661 Ego
431 3579 599 3644 Arduinus
618 3579 647 3666 a)
671 3581 832 3661 presbiter
854 3582 1026 3645 cardinalis
1049 3581 1097 3645 tit.
1120 3590 1232 3644 sancte
1256 3579 1367 3644 Crucis
1389 3580 1422 3642 in
1446 3575 1618 3642 Ierusalem
1641 3595 1682 3638 ss.

293 3664 313 3749 †
336 3667 409 3750 Ego
434 3669 585 3733 Matheus
608 3670 770 3751 presbiter
792 3671 964 3734 cardinalis
986 3672 1034 3734 tit
1058 3671 1160 3733 sancti
1184 3668 1329 3732 Marcelli
1352 3689 1394 3731 ss.

291 3758 313 3837 †
336 3754 408 3839 Ego
430 3758 598 3822 Laborans
621 3760 784 3841 presbiter
807 3759 976 3823 cardinalis
999 3759 1045 3822 tit
1068 3767 1181 3823 sancte
1196 3758 1299 3822 Marie
1321 3755 1556 3821 Transtiberim
1579 3773 1620 3816 ss.

292 3881 336 3892 -
358 3842 379 3927 †
402 3843 475 3928 Ego
498 3847 661 3912 lacinthus
679 3845 708 3932 h)
732 3849 889 3912 diaconus
912 3848 1084 3912 cardinalis
1107 3857 1219 3912 sancte
1242 3847 1346 3910 Marie
1369 3848 1401 3910 in
1426 3844 1602 3910 Cosmedin
1626 3862 1666 3906 ss.

292 3931 312 4016 †
334 3936 408 4017 Ego
432 3937 600 4001 Rainerius
620 3935 646 4022 i)
674 3936 831 4001 diaconus
854 3939 1027 4002 cardinalis
1048 3947 1160 4001 sancte
1183 3937 1316 4019 Georgii
1338 3936 1382 3999 ad
1403 3934 1523 3999 Velum
1553 3950 1685 3995 aureum
1707 3950 1748 3992 ss.

291 4023 312 4106 †
333 4025 408 4106 Ego
431 4024 605 4089 Gratianus
624 4023 654 4110 k)
676 4037 863 4089 sanctorum
895 4027 1015 4092 Cosme
1038 4035 1071 4091 et
1093 4027 1246 4090 Damiani
1272 4027 1429 4090 diaconus
1453 4021 1626 4088 cardinalis
1648 4040 1689 4083 ss.

292 4110 313 4195 †
335 4114 408 4195 Ego
431 4110 628 4198 Ra(')nerius
651 4115 808 4180 diaconus
831 4117 1004 4181 cardinalis
1026 4117 1129 4180 sancti
1152 4116 1290 4180 Adriani
1314 4136 1356 4179 ss.

292 4198 312 4283 †
336 4203 409 4284 Ego
433 4203 532 4285 Hugo
558 4205 715 4268 diaconus
738 4206 910 4269 cardinalis
932 4208 1037 4270 sancti
1060 4204 1181 4289 Angeli
1203 4227 1244 4270 ss.

237 4291 363 4354 Datum
377 4289 522 4369 Velletri,
547 4314 608 4376 per
629 4315 744 4357 manus
759 4292 898 4372 Alberti,
922 4307 1035 4360 sancte
1050 4297 1200 4359 Romane
1223 4293 1359 4358 ecclesie
1382 4289 1553 4374 presbiteri
1577 4287 1749 4352 cardinalis

75 4385 108 4440 et
132 4379 327 4444 cancellarii.
372 4395 398 4444 11
420 4379 495 4444 Kal.
516 4380 544 4467 ¹)
567 4383 646 4447 lulii.
686 4378 880 4469 [Indictione
903 4399 959 4448 xv.
998 4385 1233 4449 Incarnationis
1257 4376 1432 4466 dominice]
1456 4399 1543 4443 anno
1566 4389 1748 4441 Mctxxlffl.

74 4467 290 4534 Pontificatus
312 4491 391 4534 vero
415 4471 528 4534 domni
551 4473 644 4535 Lucii
667 4472 727 4535 ΡΡ.
750 4486 788 4535 111
812 4494 899 4538 anno
922 4475 1039 4556 primo.

240 4607 284 4660 Or.
302 4609 329 4659 in
345 4610 390 4660 der
405 4611 496 4661 Kirclte
514 4627 561 4662 von
581 4612 607 4662 S.
627 4613 736 4677 Sepolcro
752 4629 782 4662 ru
802 4615 917 4664 Barletta.

239 4679 309 4746 Perg.
327 4681 388 4743 ital,
407 4682 487 4733 durch
506 4683 666 4750 Fenchtigker't
682 4684 749 4733 stark
765 4689 870 4745 arrstirt,
889 4687 924 4740 br.
936 4689 988 4747 0,6‚
1006 4687 1069 4751 lang
1079 4687 1130 4746 0,8,
1148 4689 1223 4734 mum
1240 4681 1430 4749 mgcscltlagm,
1449 4681 1548 4731 Βάκιν
1564 4678 1620 4730 und
1628 4673 1753 4744 Bler'n‘tgel

75 4753 194 4800 worm.
217 4751 280 4800 Ebu
291 4753 341 4802 nair
349 4755 491 4804 &arsacide
503 4755 643 4820 lheilpaare
654 4769 702 4805 von
714 4757 783 4818 Rota,
798 4757 961 4823 Undersclmst
972 4758 1028 4808 md
1037 4756 1206 4822 Monogvam
1216 4757 1276 4804 idest
1287 4769 1322 4804 an
1334 4755 1378 4803 der
1388 4753 1545 4819 On'gaitalt'tb'!
1554 4751 1621 4801 *²1¹²
1632 4749 1748 4814 ΝΜ·

75 4821 126 4870 Die
143 4821 250 4886 vr'effacla
266 4827 428 4891 margellaste
445 4827 570 4892 Absclmfl
585 4827 670 4878 warrde
687 4829 833 4880 namrntlich
850 4846 896 4879 aras
917 4827 989 4896 Jaffe'
1005 4831 1065 4895 Reg.
1085 4830 1169 4878 10571
1188 4843 1214 4876 so
1230 4825 1286 4877 wea't
1303 4827 1340 4876 als
1356 4826 1466 4877 theutica
1488 4825 1592 4890 crgae'r'rut.
1612 4849 1645 4860 -
1664 4819 1702 4870 Es
1718 4821 1750 4870 t'st

76 4893 122 4942 das
145 4893 268 4944 Verdr'enst
284 4896 324 4945 des
340 4897 425 4947 Herm
437 4898 595 4950 Arcidaiacono
615 4899 738 4950 Giovarma'
757 4901 937 4952 Tarantini
952 4918 983 4951 au
1000 4901 1071 4962 Ban',
1090 4900 1161 4949 dieses
1171 4899 1311 4949 Dotamen!
1321 4897 1488 4964 mafgefimden
1499 4909 1530 4944 tu
1540 4895 1623 4945 haben·
1654 4890 1751 4942 We?

75 4965 181 5014 werden
198 4965 257 5014 vr'ele
276 4966 430 5034 Pergamenre
447 4987 476 5018 au
495 4971 605 5021 Barletta
622 4971 752 5032 vuwahrt,
773 4973 832 5024 doch
850 4975 897 5022 alle
913 4973 948 5023 hir
966 4973 1019 5039 arcs
1030 4987 1114 5023 mucre
1131 4971 1205 5023 Bulla
1222 4967 1280 5021 sind
1300 4972 1408 5020 verbm
1428 4981 1560 5035 geganga
1597 4965 1650 5016 Dar
1669 4961 1749 5013 Patri·

75 5038 138 5086 arch
154 5052 203 5086 von
223 5037 364 5101 Jmaralem
381 5041 424 5090 lant
441 5043 510 5091 1306
528 5042 566 5092 ein
584 5045 643 5092 alter
659 5043 740 5094 Krete
758 5045 803 5094 mit
819 5045 917 5109 Spla'ttar
932 5061 986 5095 vom
1005 5043 1098 5095 Kranae
1120 5043 1209 5094 Chn'sti
1225 5043 1315 5106 (dassen
1332 5041 1360 5091 in
1377 5055 1478 5091 amarer
1495 5039 1567 5088 Bulle
1583 5036 1751 5100 Erwc'r'lmng

71 5107 202 5172 gerentem)
220 5110 278 5158 md
292 5111 330 5160 ein
347 5114 495 5162 werthvolles
512 5113 675 5164 Tabemackel
688 5115 731 5164 der
748 5115 837 5166 Kirclu
854 5116 881 5166 S.
895 5117 1002 5182 Sepolcro
1020 5116 1048 5165 di
1056 5115 1166 5166 Barlelta
1179 5115 1283 5182 gesta's'tet
1298 5111 1355 5163 md
1370 5112 1486 5164 vr'ellea'cl!
1502 5110 1560 5160 n'rrd
1574 5109 1668 5158 datnals
1685 5107 1749 5156 wll

75 5179 115 5227 dr'e
137 5179 271 5230 Urkmden
289 5183 386 5234 ΔοῆΙιίη
400 5184 547 5250 gckommen.
568 5213 601 5224 -
620 5187 665 5235 Bei
682 5185 734 5236 dem
753 5187 874 5238 tharadc
891 5189 934 5238 der
954 5187 1071 5238 Uram
1089 5187 1172 5251 dilrjte
1195 5186 1232 5236 die
1247 5183 1372 5250 Abschrrfl
1394 5183 1460 5235 rath!
1486 5182 1582 5233 aberat!
1601 5180 1751 5242 urverldsrig

75 5251 134 5311 rein,
153 5253 218 5301 auch
235 5253 303 5303 nicht
318 5255 364 5305 der
379 5257 576 5322 mgmbhnliclte
593 5258 691 5308 Schluss
707 5258 748 5308 des
765 5259 914 5323 Konrcn'pls.

238 5563 263 5626 a)
282 5561 439 5613 comitatibus
466 5563 496 5629 J.
517 5567 600 5615 10671
702 5566 730 5628 b)
756 5565 870 5618 locorum
895 5569 921 5618 in
945 5571 1055 5634 partibus
1083 5565 1270 5620 ultramontanis
1301 5561 1430 5629 sepedicta
1457 5559 1486 5626 J.
1511 5559 1593 5643 10671
1682 5557 1706 5616 cl
1722 5569 1750 5639 §⁰

78 5633 108 5698 J.
122 5635 215 5684 10071,
234 5633 358 5698 Absctnfr
374 5635 418 5684 luat
439 5637 538 5699 portion
629 5637 657 5704 d)
675 5643 730 5686 snut
752 5644 777 5686 ut
801 5639 833 5703 J.
853 5643 937 5691 10571
1020 5645 1045 5708 e)
1074 5641 1171 5704 Avagia
1201 5639 1230 5704 J.
1261 5638 1344 5688 10071
1416 5635 1437 5698 t')
1464 5633 1609 5681 Vincentius
1626 5628 1751 5692 Abschnst

74 5711 104 5770 g)
123 5704 239 5754 Andreas
257 5707 288 5758 A.
360 5704 387 5772 b)
402 5706 507 5756 Iacobus
520 5709 549 5756 Α.
626 5707 643 5761 il
656 5709 809 5758 Raimundus
822 5713 851 5766 Α,
936 5710 964 5780 lt)
979 5715 1108 5764 Brunettus
1127 5713 1156 5759 A.
1240 5709 1262 5776 1)
1281 5709 1325 5756 das
1343 5707 1438 5756 Datum
1457 5705 1488 5754 ist
1503 5703 1570 5752 nicht
1584 5717 1647 5768 gana
1665 5700 1747 5751 aeter.
