4142 6366
832 514 899 590 Nr.
927 519 1015 592 215.

84 639 274 706 Alexander
304 642 370 708 III
403 640 561 726 bewillagt
595 644 669 710 dem
706 645 786 711 Aba
801 648 938 800 ‘pblaraz
967 670 1032 818 calep
1066 651 1115 713 La
1150 648 1240 713 Cava
1270 649 1330 730 (D.
1363 647 1515 726 Salerna)
1556 643 1759 732 bischdfliclee

851 758 917 802 een
941 760 979 802 en
1035 789 1041 803 .

612 852 823 915 nee-1170
838 851 972 927 Jannar
986 856 1037 916 30.
1068 853 1234 920 Benevenl.

248 983 475 1048 ALEXANDER
507 984 699 1066 episcopua,
729 1006 840 1049 servus
870 1007 1037 1050 servorum
1067 989 1139 1064 dei,
1178 989 1300 1054 dilecto
1331 989 1399 1053 filio
1424 983 1591 1073 M(arino),
1623 985 1759 1051 Cavcnsi

86 1071 200 1135 abbati
217 1071 252 1158 ²),
283 1073 420 1137 salutem
453 1082 486 1136 et
509 1075 723 1156 apostolicam
756 1075 1029 1139 benedictionem.
1051 1075 1055 1160 Ι
1076 1079 1119 1141 Et
1142 1079 1230 1142 bone
1253 1079 1413 1162 opinionis
1447 1085 1480 1141 et
1511 1077 1596 1140 lame
1629 1085 1663 1140 et
1692 1079 1759 1140 vite

85 1162 256 1244 integritas
280 1171 314 1226 et
336 1165 521 1245 composita
544 1164 658 1246 religio
688 1173 787 1246 atque
817 1167 966 1230 ordinata
996 1167 1119 1243 caritas,
1152 1169 1270 1249 quibus
1294 1169 1534 1242 monasterium,
1566 1166 1624 1229 tibi
1645 1162 1650 1250 Ι
1670 1185 1757 1229 com·

9 1305 10 1308 ,
85 1253 232 1326 missum,
255 1252 298 1317 ab
322 1255 456 1332 antiquo
479 1261 630 1335 tempore
652 1261 710 1317 tuo
735 1255 876 1317 maxime
892 1255 1041 1318 redolere
1057 1256 1246 1332 dinoscitur,
1269 1255 1440 1320 hortantur
1460 1276 1520 1318 nos
1536 1255 1760 1336 multipliciter

86 1349 120 1404 et
151 1343 308 1416 invitant,
346 1343 388 1404 ad
422 1343 655 1406 incrementum
686 1352 720 1407 et
749 1346 1031 1408 conservationem
1063 1345 1163 1428 ipsius
1194 1346 1334 1410 sollicita
1361 1356 1396 1408 et
1424 1345 1513 1428 vigili
1545 1346 1758 1408 meditatione

85 1432 260 1494 intendere
289 1440 323 1494 et
345 1433 490 1513 quodam
522 1431 658 1514 speciali
682 1432 847 1516 privilegio
872 1436 992 1496 amoris
1015 1441 1049 1496 et
1076 1439 1283 1517 prerogativa
1314 1436 1500 1499 dilectionis
1532 1441 1564 1496 et
1596 1435 1701 1516 gratie
1724 1441 1758 1496 te

85 1528 118 1583 et
141 1519 232 1584 idem
257 1521 487 1584 monasterium
511 1523 677 1585 decorare.
723 1522 769 1586 Ut
799 1531 907 1586 autem
939 1524 1081 1586 caritatis
1104 1532 1138 1587 et
1170 1525 1321 1588 desiderii
1352 1525 1514 1599 affectum,
1543 1542 1641 1603 quem
1674 1525 1759 1586 circa

85 1629 263 1692 personam
287 1619 375 1673 tuam
400 1620 432 1673 et
456 1613 672 1693 prescriptum
697 1612 927 1675 monasterium
958 1613 1108 1695 gerimus,
1141 1614 1339 1696 experientia
1371 1614 1477 1696 operis
1501 1612 1609 1676 valeas
1640 1615 1758 1676 certius

85 1700 321 1781 comprobare,
352 1700 410 1763 tibi
440 1700 568 1780 tuisque
591 1701 833 1764 successoribus
857 1721 949 1763 usum
974 1704 1069 1765 mitre
1092 1712 1125 1766 et
1155 1701 1294 1789 an(n)uli‚
1325 1703 1545 1765 sandaliorum
1570 1721 1703 1783 quoque
1726 1709 1760 1763 et

9 1789 11 1808 ⁵
85 1798 332 1869 cyrotecarum,
370 1791 480 1852 tunice
499 1789 527 1876 ι)
550 1809 627 1852 vero
651 1799 751 1869 atque
774 1790 946 1853 dalmatice
970 1793 1002 1854 in
1026 1793 1189 1876 precipuis
1220 1791 1523 1874 sollempnitatibus,
1553 1793 1586 1853 in
1617 1790 1759 1853 conciliis

9 1929 10 1934 ,
84 1881 314 1942 Romanorum
338 1878 530 1961 pontificum
549 1886 582 1942 et
598 1881 629 1942 in
645 1881 794 1959 exequiis
810 1900 999 1961 magnarum
1016 1880 1306 1944 ecclesiasticarum
1324 1900 1534 1964 personarum
1551 1888 1584 1942 et
1599 1879 1758 1943 nobilium

9 1965 10 1970 ’
85 1968 316 2031 defunctorum
348 1969 542 2032 auctoritate
572 1969 757 2051 apostolica
780 1970 998 2034 concedimus.
1054 1968 1225 2047 Obtantes,
1257 1979 1292 2032 ut
1322 1972 1364 2032 de
1397 1971 1449 2033 die
1483 1971 1515 2032 in
1546 1969 1632 2032 diem
1670 1970 1758 2030 idem

85 2057 322 2121 monasterium
355 2058 385 2120 in
418 2060 592 2141 proposito
622 2057 786 2140 religionis
817 2057 977 2141 proficere
1007 2056 1152 2147 dc[beat]
1191 2069 1224 2124 et
1254 2061 1385 2143 potiora
1405 2057 1410 2146 Ι
1429 2079 1562 2141 semper
1591 2060 1758 2140 suscipere

9 2189 10 2226 3
83 2147 287 2210 incrementa
310 2149 474 2210 virtutum.
496 2184 540 2194 —
563 2148 640 2211 Dat.
664 2148 852 2224 Beneventi,
875 2163 914 2212 111
935 2148 989 2212 Kl.
1013 2150 1109 2213 Febr.

250 2261 293 2310 Or.
312 2262 345 2311 im
363 2261 477 2312 Arrhivia
494 2263 558 2311 della
581 2259 677 2312 Trinitlz
695 2279 725 2311 eu
742 2263 782 2312 La
804 2263 878 2312 Cava.

249 2333 317 2398 Perg.
336 2334 396 2394 irat,
415 2335 450 2384 br.
470 2334 536 2394 0‚31,
555 2337 616 2400 lang
632 2336 716 2396 0,265,
742 2342 816 2384 anien
834 2337 895 2394 o,03
910 2334 1099 2400 umgescdlagen,
1124 2335 1202 2385 durch
1220 2339 1236 2386 2
1256 2335 1348 2385 L‘a'clter
1367 2334 1425 2400 gelu
1447 2334 1484 2384 die
1507 2335 1583 2384 reiclu
1605 2334 1759 2384 dankelratln

83 2404 270 2463 Seldanrhmrr,
289 2421 374 2454 waren
392 2407 437 2454 das
454 2406 578 2471 Blein'egal
593 2407 676 2471 tanga
713 2407 822 2472 Fallung
838 2407 881 2456 der
897 2407 1000 2460 Breven.
1036 2409 1093 2456 Das
1107 2424 1183 2474 garae
1200 2408 1277 2458 Breve
1293 2407 1324 2455 ist
1339 2407 1365 2455 ln
1382 2407 1468 2456 sciram
1485 2408 1616 2455 Amarea
1634 2407 1758 2472 magliclnt

75 2475 192 2543 fa'erla'tk
206 2477 327 2542 getalren,
346 2493 370 2526 es
386 2478 417 2526 ist
432 2479 485 2543 auf
497 2478 583 2527 Linien
597 2478 753 2544 geschrr'eben,
779 2479 816 2528 die
834 2478 985 2528 Sa'tenlinlm
1003 2481 1081 2528 stenen
1098 2479 1162 2528 links
1178 2480 1233 2528 and
1248 2479 1325 2528 erclis
1343 2480 1421 2537 0,025
1439 2494 1486 2526 van
1503 2479 1546 2527 der
1563 2477 1644 2527 Kante
1661 2479 1698 2539 ab,
1721 2478 1759 2529 die

83 2549 183 2598 lanae
201 2549 233 2598 ist
249 2549 355 2611 aenan,
374 2550 411 2599 die
431 2549 580 2614 Oberldngen
598 2551 642 2598 der
658 2557 733 2600 ersten
751 2549 812 2599 Zeile
826 2550 948 2616 gestreckt,
968 2550 1005 2599 die
1022 2567 1034 2600 s
1051 2551 1085 2599 rin
1104 2551 1244 2614 Karncripte
1267 2550 1342 2598 laben
1365 2550 1432 2600 enam
1449 2550 1559 2614 Αιιχὶταὶι.
1595 2550 1689 2600 Hinler
1705 2551 1757 2600 dem

83 2623 164 2670 lemen
183 2621 387 2687 Kansrrrjttwarte
404 2622 442 2672 er'n
460 2623 692 2688 Dappelr'lberpunkt.
729 2622 778 2674 aa
795 2623 922 2687 aaanmg
939 2622 970 2671 ist
985 2637 1034 2672 van
1052 2623 1156 2673 eraderer
1172 2622 1252 2671 Hand
1265 2623 1302 2670 als
1320 2622 1364 2670 das
1386 2621 1483 2686 Uebrige
1496 2621 1652 2688 gesclrieben.

830 2906 896 2980 Nr.
925 2912 1013 2982 216.

83 3039 273 3104 Alexander
287 3039 354 3104 III
374 3038 514 3103 verleilct
538 3038 611 3102 dem
638 3039 739 3102 Prior
774 3035 930 3102 Vivianus
956 3060 1016 3102 van
1043 3037 1110 3102 San
1138 3037 1305 3103 Salvatare
1327 3037 1367 3102 di
1401 3035 1535 3102 Venena
1562 3037 1624 3102 das
1651 3038 1759 3118 Reclct,

615 3127 661 3192 M
660 3129 725 3191 itra
740 3129 808 3192 und
823 3128 914 3211 Ring
926 3138 1040 3212 tragen
1054 3150 1094 3194 zu
1108 3129 1234 3208 ddrfen.

601 3247 813 3307 nna-1170
837 3243 983 3308 Febrnar
1005 3248 1035 3308 4.
1078 3244 1243 3308 Benevent.

247 3380 440 3442 Alexander
462 3380 646 3462 episcopus,
670 3401 779 3443 servus
802 3400 969 3443 servorum
993 3381 1055 3455 dei,
1080 3379 1199 3442 dilecto
1223 3379 1374 3454 Vivian0,
1406 3379 1506 3460 priori
1530 3376 1666 3440 ecclesie
1688 3372 1756 3438 Sal-

82 3469 217 3543 vatoris,
245 3470 382 3532 salutem
407 3479 439 3532 et
462 3470 679 3550 apostolicam
703 3470 977 3546 benedictionem,
1024 3468 1219 3532 Deuotionis
1242 3478 1276 3530 et
1298 3467 1374 3531 fidei
1398 3467 1625 3542 constantiam,
1659 3484 1757 3546 quam

83 3579 164 3640 erga
186 3569 427 3621 sacrosanctam
448 3559 634 3621 Romanam
658 3559 828 3622 ecclesiam
852 3569 885 3622 et
907 3559 1091 3640 specialiter
1113 3577 1190 3638 erga
1213 3576 1388 3638 personam
1412 3567 1557 3619 nostram
1573 3553 1758 3628 exhibuisti,

9 3713 10 3716 ,
82 3648 264 3710 studiosius
296 3647 519 3724 attendentes,
551 3649 752 3711 liberalitatis
784 3658 817 3710 et
849 3648 1082 3711 consolationis
1112 3647 1305 3721 subsidium,
1340 3646 1429 3727 quod
1459 3644 1636 3708 venerabili
1668 3643 1757 3707 fratri

9 3737 10 3812 ἶ
83 3747 199 3800 nostro
220 3733 350 3821 P(etro),
369 3736 554 3800 Castellano
569 3735 594 3821 8)
617 3740 776 3820 episcopo
789 3735 824 3821 ⁴),
848 3746 916 3799 tam
939 3747 983 3812 tu,
1008 3756 1108 3819 quam
1130 3736 1243 3798 fratres
1259 3734 1304 3797 tui
1321 3734 1527 3797 laudabiliter
1541 3733 1756 3816 impendistis,

9 3823 10 3880 ἶ
83 3827 217 3889 solicita
239 3827 502 3890 consideratione
525 3837 710 3908 pensantes,
741 3837 775 3889 te
798 3836 831 3890 et
854 3827 1034 3899 ecclesiam,
1058 3826 1118 3888 tibi
1143 3826 1360 3899 commissam,
1389 3824 1523 3905 speciali
1548 3825 1757 3904 prerogativa

9 3905 10 3916 ¹
83 3916 229 3978 muneris
253 3924 285 3977 et
307 3917 411 3997 gratie
435 3926 544 3979 nostre
568 3917 720 3980 duximus
745 3916 974 3978 decorandam.
1019 3916 1099 3978 Inde
1120 3926 1177 3988 est,
1201 3914 1290 3995 quod
1307 3935 1368 3977 nos
1384 3913 1535 3994 precibus
1552 3914 1756 3994 quorundam

84 4005 222 4067 fratrum
254 4012 455 4078 nostrorum,
486 4005 624 4087 predicti
663 4007 810 4086 episcopi
849 4014 881 4067 et
910 4004 1144 4067 venerabilium
1176 4003 1309 4066 fratrum
1341 4013 1541 4078 nostrorum,
1580 4001 1756 4065 Gradensis

9 4141 10 4176 3
82 4092 272 4175 patriarche
296 4104 328 4156 et
350 4091 501 4179 V(italis),
528 4094 699 4158 Castellani
725 4095 873 4176 episcopi
890 4091 923 4178 ⁵),
948 4104 980 4156 et
1003 4105 1058 4157 tua
1075 4114 1206 4174 quoque
1223 4092 1376 4175 religione
1399 4102 1432 4155 et
1447 4090 1619 4154 honestate
1642 4091 1755 4153 nihilo·

84 4184 195 4244 minus
219 4183 372 4257 inclinati,
405 4183 464 4246 tibi
489 4194 522 4247 et
544 4184 784 4247 successoribus
808 4184 870 4246 tuis
895 4183 1024 4245 mitram
1048 4194 1081 4246 et
1111 4182 1271 4256 baculum,
1305 4181 1422 4263 quibus
1453 4182 1486 4243 in
1509 4181 1671 4261 precipuis
1694 4180 1756 4241 sol-

84 4271 309 4334 lemnitatibus
346 4283 379 4335 et
417 4273 448 4334 in
481 4274 627 4353 exequiis
665 4284 866 4336 mortuorum
901 4273 1051 4347 utamini,
1088 4273 1230 4353 gratuita
1258 4270 1452 4334 liberalitate
1483 4269 1693 4332 concedimus
1724 4279 1758 4332 et

84 4361 281 4424 auctoritate
304 4361 487 4442 apostolica
509 4363 724 4443 indulgemus.
749 4397 792 4408 —
816 4363 893 4424 Dat.
918 4361 1106 4436 Beneventi,
1131 4374 1154 4422 11
1179 4361 1256 4424 Non
1280 4360 1456 4423 Februarii.

247 4475 372 4540 Absclm'st
386 4491 441 4524 vana
461 4478 493 4524 16
513 4475 607 4540 Jahrle.
626 4476 667 4526 des
688 4475 744 4524 Cad.
770 4477 821 4526 Vat.
842 4478 910 4525 6085
924 4483 950 4540 p.
975 4478 1030 4536 151,
1049 4477 1075 4525 in
1093 4477 1136 4525 der
1152 4474 1215 4525 Bill.
1239 4475 1356 4524 Vaticana
1372 4488 1403 4522 au
1419 4474 1489 4522 Rom.

830 4762 897 4836 Nr.
925 4767 1013 4838 217.

9 4889 11 4970 ζ
84 4881 273 4945 Alexander
288 4881 353 4945 III
370 4881 500 4946 erthez'lt
512 4883 585 4946 dem
600 4883 812 4968 Damkapital
821 4905 882 4948 van
899 4886 982 4949 Pisa
996 4886 1067 4949 eine
1081 4880 1301 4966 ausfie'lzrllclze
1318 4882 1493 4965 Bellegnng
1506 4881 1609 4944 seines
1625 4879 1758 4945 Streites

9 4983 10 5004 i
217 4971 280 5033 mit
292 4970 353 5035 den
369 4971 528 5036 Mo'nclren
543 4993 603 5036 van
620 4971 687 5036 San
707 4973 844 5038 Russore
861 4975 920 5054 (D.
938 4973 1016 5040 Pisa
1013 4979 1032 5058 )
1056 4997 1165 5058 wagan
1180 4976 1268 5038 eines
1291 4971 1397 5036 Thera
1412 4992 1473 5035 von
1495 4971 1528 5035 Τ
1523 4971 1635 5034 umuli.

708 5093 790 5153 1170
805 5088 907 5174 April
916 5093 971 5154 24.
1026 5091 1140 5155 Veroli.

9 5251 10 5254 ,
248 5201 440 5266 Alexander
454 5203 638 5286 episcopus,
657 5227 767 5270 servus
782 5227 948 5271 servorum
965 5208 1026 5281 dei,
1050 5207 1176 5272 dilectis
1192 5206 1274 5281 filiis,
1290 5204 1421 5268 Villano
1441 5201 1469 5288 b)
1485 5201 1756 5284 archipresbitero

9 5297 11 5378 ᾗ
84 5297 117 5352 et
133 5291 293 5354 universis
308 5293 474 5356 canonicis
490 5293 605 5356 Pisane
620 5297 765 5374 ecclesie,
781 5306 850 5359 tam
866 5297 1071 5379 presentibus
1088 5316 1186 5380 quam
1202 5296 1324 5370 futuris,
1342 5295 1498 5357 canonice
1513 5290 1755 5366 substituendis,

248 5431 274 5493 a)
290 5426 410 5482 Hiarere
430 5435 514 5483 Ramr
600 5436 627 5498 b)
645 5437 754 5502 offendar
775 5437 961 5502 naclgetragen,
985 5437 1091 5486 wieder
1107 5453 1137 5484 eu
1156 5453 1226 5502 grass
1248 5437 1374 5486 benarnae
1392 5438 1473 5484 Raum
1497 5433 1594 5484 benedt.
1631 5430 1670 5480 Im
1687 5430 1756 5479 Kan-

84 5503 160 5567 rcn'pt
182 5503 215 5553 ist
239 5503 283 5553 der
298 5505 380 5554 Rauen
397 5505 452 5569 fie'r
472 5506 517 5555 den
535 5507 667 5556 Altnamcn
683 5508 849 5573 sreigelassen.
868 5545 920 5553 -..
951 5515 975 5572 ι)
1000 5509 1075 5574 Vergl.
1105 5509 1255 5570 Guillanme,
1283 5508 1356 5558 Essai
1379 5507 1504 5572 aaronque
1527 5521 1572 5554 sur
1595 5505 1704 5569 l'ablaye
1727 5504 1756 5552 de

88 5575 165 5635 Cana,
185 5576 247 5639 App.
262 5582 288 5641 p.
308 5575 441 5626 XXXVII.
550 5590 575 5636 2)
596 5577 689 5640 Maria,
708 5580 818 5628 Annon
837 5579 876 5627 La
897 5578 971 5641 Cava,
993 5583 1058 5628 1116
1070 5582 1174 5630 -1170,
1283 5585 1310 5644 3)
1333 5579 1432 5630 cartello
1450 5579 1476 5627 di
1496 5577 1595 5634 Olivala
1614 5576 1758 5640 episcopatus

86 5648 254 5708 Rlaaaltenn's,
284 5655 359 5697 erecta
380 5649 407 5698 r'n
430 5649 512 5698 inmla
538 5650 636 5700 Olr'vala.
753 5651 780 5714 4)
802 5650 887 5699 Petrus
914 5650 1090 5702 Grandaliconi
1117 5668 1173 5702 war
1195 5653 1299 5718 Bacchas
1317 5667 1365 5702 von
1392 5651 1491 5704 catella
1514 5650 1547 5701 lm
1573 5647 1653 5718 Jalrt
1677 5649 1755 5702 1164.

88 5721 114 5787 5)
138 5719 230 5770 Vilalr's
247 5719 282 5770 II
294 5719 395 5779 Manet,
415 5721 519 5786 Bisaltas
530 5738 578 5770 van
602 5723 709 5782 Caslclla,
730 5724 908 5774 trae-1182.
