4090 6358
312 317 349 377 18

306 505 373 569 Eas
404 505 501 588 igitur
530 504 684 570 ecclesias
714 505 783 568 sive
814 506 921 585 cellas,
955 527 1037 591 quas
1066 529 1126 590 per
1156 509 1390 591 episcoporum
1421 506 1669 573 concessionem
1695 517 1804 570 vestra
1827 503 1996 570 industria

305 595 484 677 aquisistis,
526 595 678 659 videlicet
710 596 814 659 sancti
845 596 981 660 Andree
1015 598 1057 661 de
1093 597 1209 662 Bemiz
1242 608 1277 662 et
1310 597 1413 662 sancti
1444 597 1586 661 Baudilii
1617 607 1651 661 et
1688 599 1791 660 sancti
1821 597 1911 660 Petri
1953 595 1997 657 de

305 685 473 748 Lauuiaco
498 697 531 748 et
553 685 656 747 sancti
680 683 866 749 Sebastiani
891 686 932 749 de
954 684 1087 752 Alxatis
1110 698 1145 750 et
1167 689 1270 751 sancti
1294 685 1439 770 Aegydii
1464 689 1506 751 de
1528 688 1629 750 Duno
1653 696 1687 750 et
1708 688 1813 750 sancti
1833 687 1925 749 Petri
1954 684 1996 746 de

306 774 422 837 Monte
441 773 573 855 Seleigo
596 783 630 836 et
652 773 755 837 sancti
770 774 856 837 Petri
880 774 922 839 de
937 776 1073 854 Trenca,
1099 777 1189 841 tailla
1212 787 1245 840 et
1268 777 1356 853 alias,
1381 797 1462 858 quas
1486 777 1681 840 nominatim
1705 775 1852 857 digerere
1876 793 1995 856 super·

306 863 470 938 sedemus,
494 883 555 944 per
575 864 736 945 presentis
759 863 881 927 decreti
902 864 930 943 2)
954 867 1110 949 paginam
1133 867 1229 930 vobis
1259 867 1440 947 vestrisque
1470 865 1713 930 successoribus
1731 875 1898 948 perpetuo
1930 865 1995 925 dis·

305 953 478 1033 ponendas
501 952 786 1034 possidendasque
808 952 982 1018 firmamus.
1006 991 1051 1002 -—-
1073 958 1162 1020 Data
1185 956 1356 1032 Cremone,
1380 969 1431 1019 ΧΗ
1453 956 1623 1019 Kalendas
1646 956 1764 1018 Martii.

464 1065 590 1131 Abschnft
609 1066 649 1115 des
669 1065 824 1117 cartulaire
841 1067 869 1117 de
887 1069 913 1120 S.
937 1071 1018 1133 Gr'lles,
1038 1070 1094 1123 MS.
1113 1073 1156 1124 lat.
1177 1073 1262 1124 11018
1271 1072 1324 1138 fol.
1343 1071 1402 1132 acb,
1421 1071 1447 1120 r'n
1465 1071 1508 1120 der
1525 1069 1590 1119 Br'bl.
1610 1069 1737 1119 Nationale
1754 1085 1784 1117 ru
1804 1067 1882 1118 Puris.

1060 1410 1129 1487 Nr.
1160 1415 1221 1488 21.

314 1539 424 1608 Urban
449 1542 495 1606 II
514 1537 662 1626 bestc'ittgt
691 1541 753 1607 der
784 1539 907 1608 Kirclre
937 1565 998 1609 von
1028 1543 1224 1700 St'ffiwlas
1253 1545 1294 1610 de
1324 1546 1461 1610 Mimo
1491 1542 1554 1628 (D.
1586 1542 1731 1629 Saintes)
1763 1541 1835 1606 ihre
1866 1541 1994 1604 Besitz·

1114 1655 1213 1700 umer.

908 1769 992 1832 1096
1006 1767 1142 1844 Januar
1154 1773 1187 1834 2.
1225 1769 1384 1854 Limoges.

467 1901 621 1966 Urbanus
653 1902 838 1984 episcopus,
871 1923 981 1967 servus
1010 1925 1177 1970 servorum
1201 1905 1269 1983 dei,
1300 1906 1420 1970 dilecto
1452 1903 1520 1967 filio
1551 1903 1706 1967 Wilelmo
1738 1901 1837 1984 priori
1862 1899 1994 1964 eteius

309 1987 469 2066 fratribus,
493 1992 526 2053 in
549 1989 686 2055 ecclesia
716 1991 806 2057 beati
829 1991 981 2056 Nicholai
1006 1994 1047 2056 de
1072 1996 1242 2060 Morniaco
1267 1995 1461 2058 canonicam
1483 1994 1586 2056 vitam
1613 1993 1778 2075 professis,
1807 2009 1994 2071 eorumque

308 2080 562 2156 successoribus,
588 2081 620 2144 in
653 2081 770 2145 eadem
801 2081 958 2164 religione
988 2085 1223 2165 permansuriS,
1254 2085 1504 2167 imperpetuum.
1550 2082 1774 2156 Desiderium,
1815 2079 1905 2162 quod
1950 2077 1993 2142 ad

309 2168 496 2249 religiosum
530 2171 739 2252 propositum
769 2181 802 2235 et
831 2172 1012 2236 animarum
1043 2173 1182 2237 salutem
1214 2176 1377 2256 pertinere
1408 2182 1620 2248 monstratur,
1656 2180 1790 2234 auctore
1822 2168 1886 2231 deo
1917 2168 1993 2230 sine

308 2256 418 2339 aliqua
452 2269 502 2322 est
533 2259 690 2324 dilatione
721 2259 964 2342 complendum.
1011 2262 1098 2344 Quia
1129 2264 1241 2346 igitur,
1274 2263 1331 2327 filii
1361 2264 1394 2326 in
1425 2260 1555 2327 Christo
1585 2261 1762 2336 karissimi,
1793 2279 1852 2341 per
1884 2258 1992 2320 omni-

308 2348 454 2429 potentis
486 2348 539 2412 dei
573 2349 712 2431 gratiam
747 2349 880 2432 aspirati
914 2352 1055 2432 primam
1091 2354 1253 2416 nascentis
1287 2353 1424 2417 ecclesie
1459 2351 1744 2415 conversationem
1779 2348 1888 2411 multis
1924 2348 1993 2409 iam

312 2437 517 2519 temporibus
548 2438 738 2502 destitutam
771 2459 929 2504 renovare
957 2443 1185 2524 proposuistis,
1217 2451 1253 2506 ut
1274 2443 1455 2506 secundum
1478 2451 1666 2504 sanctorum
1688 2449 1819 2521 patrum
1842 2436 1994 2499 instituta

311 2526 411 2588 corde
434 2548 500 2590 uno
524 2537 558 2591 et
580 2549 646 2591 una
674 2530 783 2591 anima
813 2530 874 2594 sub
906 2531 983 2612 iugo
1015 2531 1125 2613 regule
1156 2532 1376 2613 omnipotenti
1409 2531 1545 2594 domino
1569 2529 1725 2604 serviatis,
1756 2548 1818 2590 nos
1840 2525 1992 2606 religioni

310 2625 418 2678 vestre
440 2627 579 2698 patemo
602 2618 802 2700 gratulamur
825 2618 943 2682 affectu
966 2630 1007 2697 et,
1040 2631 1076 2683 ut
1097 2621 1199 2684 semel
1231 2620 1385 2687 inchoata
1408 2621 1521 2702 religio
1546 2628 1678 2682 auctore
1703 2618 1767 2680 deo
1790 2635 1921 2697 semper
1947 2616 1993 2676 in·

311 2704 474 2769 violabilis
504 2717 706 2789 perseveret,
737 2708 917 2772 secundum
947 2708 1143 2774 venerabilis
1173 2710 1344 2774 confratris
1376 2711 1478 2774 nostri
1505 2706 1723 2790 Ramnulphi,
1756 2705 1994 2770 Sanctonensis

312 2795 460 2876 episcopi
478 2792 513 2880 ¹),
537 2806 571 2859 et
593 2807 735 2860 vestram
758 2798 954 2880 petitionem
976 2810 1046 2862 tam
1068 2820 1138 2876 vos,
1163 2819 1262 2881 quam
1284 2808 1394 2863 vestra
1416 2799 1527 2862 omnia
1549 2797 1637 2861 sedis
1660 2796 1842 2880 apostolice
1863 2795 1993 2876 gremio

312 2883 534 2961 confoventes,
565 2888 727 2967 presentis
749 2887 908 2970 privilegii
933 2890 1127 2953 auctoritate
1151 2889 1323 2953 munimus.
1369 2889 1550 2953 Statuimus
1573 2889 1670 2964 enim,
1702 2896 1739 2950 ut
1762 2885 1883 2948 nemini
1908 2883 1995 2946 inter

311 2993 371 3035 vos
402 2973 608 3054 professione
640 2974 789 3040 exhibita
817 2977 988 3059 proprium
1012 2978 1091 3060 quid
1113 2977 1244 3055 habere,
1277 2998 1338 3042 nec
1365 2978 1436 3042 sine
1463 2987 1532 3054 tua,
1564 2977 1609 3039 fili
1639 2975 1809 3039 karissime
1837 2970 1995 3036 Wilelme

311 3062 409 3144 prior,
441 3073 618 3141 eteorum,
644 3065 725 3147 (qui)
750 3074 827 3148 post
850 3077 882 3130 te
906 3067 939 3130 in
963 3067 1083 3131 eodem
1106 3067 1264 3149 regimine
1291 3067 1513 3143 successerint,
1545 3075 1601 3128 aut
1631 3065 1701 3128 sine
1724 3062 1890 3128 communi
1915 3081 1993 3124 con·

311 3153 512 3234 gregationis
544 3153 675 3219 licentia
706 3155 747 3218 de
779 3155 920 3219 claustro
953 3156 1136 3235 discedere,
1169 3156 1306 3220 liberum
1330 3158 1380 3234 sit,
1410 3156 1567 3239 quamdiu
1597 3155 1722 3218 scilicet
1752 3152 1818 3217 illic
1841 3151 1993 3215 canonici

312 3240 436 3304 ordinis
468 3252 578 3319 tenor,
609 3244 746 3306 domino
775 3244 1002 3329 prestantes),
1035 3247 1182 3328 viguerit
1228 3247 1379 3310 Preterea
1411 3266 1471 3329 per
1500 3245 1660 3327 presentis
1684 3243 1805 3307 decreti
1835 3241 1994 3324 paginam

312 3330 496 3412 apostolica
518 3332 614 3396 vobis
638 3334 832 3398 auctoritate
855 3334 1030 3412 firmamus,
1055 3336 1208 3400 ecclesias
1232 3337 1320 3399 beati
1343 3337 1440 3412 Petri,
1462 3335 1551 3398 beati
1575 3333 1749 3417 Stephani,
1774 3333 1862 3396 beati
1886 3329 1994 3404 Cirici,

312 3439 387 3483 cum
412 3420 540 3484 decima
571 3423 718 3486 eiusdem
750 3424 887 3488 ecclesie
917 3422 1089 3507 parrochie
1119 3425 1207 3489 beati
1231 3425 1316 3489 Petri
1341 3426 1383 3489 de
1406 3423 1602 3488 Chalaveda
1648 3422 1705 3486 Ad
1728 3421 1790 3485 hec
1814 3421 1995 3484 adicientes

312 3510 492 3587 statuimus,
524 3521 561 3574 ut
591 3531 786 3594 quecunque
816 3512 917 3577 hodie
945 3524 1054 3577 vestra
1084 3515 1222 3578 ecclesia
1245 3516 1328 3579 iuste
1351 3515 1509 3597 possidet,
1541 3513 1665 3576 sivein
1691 3512 1833 3575 futurum
1861 3529 1993 3573 conces·

312 3599 405 3662 sione
428 3599 623 3680 pontificum
651 3602 719 3666 sive
742 3603 929 3686 principum
952 3603 1147 3667 liberalitate
1170 3604 1222 3667 vel
1246 3604 1415 3668 oblatione
1438 3603 1583 3667 fidelium
1608 3603 1690 3665 iuste
1714 3611 1813 3684 atque
1836 3599 1995 3663 canonice

312 3689 436 3769 poterit
458 3689 605 3771 adipisci,
629 3691 723 3754 firma
738 3692 834 3756 vobis
856 3694 1037 3774 vestrisque
1060 3694 1301 3757 successoribus
1317 3703 1350 3757 et
1366 3691 1491 3756 illibata
1511 3701 1736 3774 permaneant
1780 3690 1995 3754 Decrevimus

314 3797 408 3860 ergo,
437 3787 473 3840 ut
501 3778 578 3842 nulli
603 3782 739 3844 omnino
762 3779 932 3846 hominum
956 3781 1067 3859 liceat,
1103 3783 1244 3848 eandem
1267 3783 1439 3847 ecclesiam
1462 3791 1584 3846 temere
1607 3780 1813 3863 perturbare,
1846 3789 1903 3842 aut
1926 3779 1995 3841 eius

313 3869 538 3948 possessiones
562 3869 687 3933 auferre
702 3870 754 3934 vel
771 3871 898 3936 ablatas
921 3873 1068 3948 retinere,
1092 3873 1238 3936 minuere
1261 3872 1314 3936 vel
1337 3872 1516 3936 temerariis
1539 3869 1770 3934 vexationibus
1793 3867 1993 3951 perturbare,

315 3957 374 4018 sed
397 3957 509 4020 omnia
532 3959 660 4040 integra
682 3970 916 4024 conserventur
938 3981 1060 4038 eorum,
1085 3982 1146 4043 pro
1171 3982 1309 4044 quorum
1333 3962 1569 4024 sustentatione
1593 3980 1632 4023 ac
1654 3959 1894 4041 gubernatione
1918 3977 1993 4020 con-

314 4065 406 4109 cessa
421 4057 505 4124 sunt,
530 4047 642 4112 usibus
665 4050 865 4112 omnimodis
885 4050 1064 4133 profutura,
1088 4051 1178 4114 salva
1194 4048 1430 4114 Sanctonensis
1451 4050 1598 4133 episcopi
1623 4049 1783 4112 canonica
1806 4046 1994 4111 reverentia

313 4133 401 4198 Sane
425 4136 451 4198 si
477 4137 549 4218 quis
574 4138 606 4199 in
630 4139 807 4202 crastinum
831 4138 1105 4222 archiepiscopus,
1130 4141 1310 4224 imperator
1328 4149 1385 4204 aut
1407 4160 1477 4218 rex,
1509 4139 1663 4220 princeps
1687 4148 1742 4201 aut
1766 4138 1842 4214 dux,
1873 4156 1993 4210 comes,

314 4225 499 4288 vicecomes
531 4236 588 4290 aut
617 4227 839 4291 ecclesiastica
870 4228 1017 4310 quelibet
1039 4229 1233 4294 secularisve
1261 4249 1412 4312 persona,
1440 4226 1535 4292 huius
1565 4228 1667 4290 nostri
1693 4227 1814 4290 decreti
1838 4229 1994 4309 paginam

314 4314 437 4390 scienS,
470 4326 585 4379 contra
616 4336 689 4379 eam
721 4326 844 4380 temere
873 4318 984 4380 venire
1013 4320 1231 4400 temptaverit,
1264 4319 1409 4383 secundo
1442 4319 1586 4382 terciove
1616 4317 1846 4397 commonitus
1877 4317 1904 4380 si
1929 4335 1993 4377 non

313 4403 538 4468 satisfactione
570 4425 715 4487 congrua
745 4407 977 4484 emendaverit,
1009 4409 1184 4489 potestatis
1206 4408 1407 4490 honorisque
1430 4409 1478 4471 sui
1502 4408 1662 4489 dignitate
1686 4416 1806 4484 careat,
1838 4425 1995 4486 reumque

312 4513 348 4554 se
373 4493 486 4555 divino
510 4494 631 4558 iudicio
655 4497 795 4559 existere
819 4497 862 4560 de
884 4506 1074 4578 perpetrata
1096 4498 1268 4578 iniquitate
1292 4508 1481 4580 cognoscat,
1512 4507 1546 4561 et
1568 4518 1588 4560 a
1611 4497 1830 4559 sacratissimo
1855 4513 1994 4577 corpore

314 4601 352 4644 ac
376 4583 535 4664 sanguine
559 4583 611 4646 dei
636 4594 670 4648 et
701 4586 825 4648 domini
850 4587 952 4649 nostri
983 4587 1054 4650 Iesu
1078 4584 1196 4650 Christi
1220 4588 1343 4650 alienus
1366 4597 1444 4664 stet,
1476 4597 1575 4669 atque
1607 4587 1639 4648 in
1672 4595 1820 4649 extremo
1844 4585 1993 4648 examine

313 4671 459 4735 districte
482 4672 597 4736 ultioni
621 4674 799 4739 subiaceat.
836 4673 970 4739 Cunctis
993 4686 1111 4752 autem,
1137 4677 1245 4740 eidem
1269 4677 1343 4741 loco
1367 4678 1452 4740 iusta
1474 4675 1687 4751 servantibus,
1712 4676 1754 4740 sit
1776 4695 1845 4757 pax
1869 4672 1991 4737 domini

313 4761 415 4823 nostri
439 4762 511 4824 Iesu
536 4761 664 4840 Christi,
689 4765 853 4845 quatimus
868 4775 902 4828 et
917 4762 970 4828 hic
994 4766 1133 4830 fructum
1157 4766 1246 4830 bone
1270 4767 1408 4830 actionis
1431 4767 1625 4850 percipiant,
1649 4775 1682 4828 et
1698 4765 1787 4847 apud
1812 4764 1992 4827 districtum

313 4850 454 4914 iudicem
477 4853 604 4932 premia
627 4863 738 4916 eterne
761 4855 853 4936 pacis
877 4855 1051 4918 inveniant.
1097 4855 1215 4918 Amen.

473 4941 598 5004 Datum
621 4943 822 5021 Lemovicis,
852 4965 912 5026 per
943 4963 1076 5008 manum
1098 4944 1270 5020 Iohannis,
1293 4955 1406 5008 sancte
1428 4945 1580 5007 Romane
1610 4943 1746 5007 ecclesie
1771 4942 1901 5005 diaconi
1925 4960 1989 5005 car·

314 5027 440 5092 dinalis.
488 5043 540 5094 1111
555 5031 671 5095 Nonas
693 5031 842 5097 Ianuarii.
888 5034 1072 5098 Indictione
1087 5047 1148 5098 1111.
1195 5033 1373 5098 Dominice
1397 5032 1630 5097 incarnationis
1653 5051 1741 5096 anno
1765 5043 1888 5094 chvt.

471 5145 597 5210 Absclrrr'ft
612 5147 653 5195 des
674 5145 784 5197 Charlul.
803 5148 833 5199 de
854 5147 940 5216 Cluny,
960 5149 1017 5200 MS.
1036 5151 1078 5201 lat.
1098 5148 1166 5199 5458
1176 5148 1228 5213 fol.
1247 5151 1288 5209 49,
1307 5147 1333 5197 in
1352 5148 1397 5200 der
1412 5147 1476 5200 Bibl.
1495 5147 1625 5198 Nationale
1641 5163 1670 5195 su
1691 5145 1770 5198 Paris.

473 5378 498 5441 a)
517 5377 552 5426 Le
570 5377 628 5429 MS.
645 5397 662 5428 a
680 5377 717 5429 e'tc'
728 5377 817 5446 gratte‘,
836 5380 898 5430 mais
914 5381 936 5430 r'l
950 5379 992 5446 n’y
1009 5398 1025 5429 a
1038 5388 1086 5446 pus
1104 5379 1132 5429 de
1149 5381 1236 5430 lacum
1307 5381 1336 5446 b)
1355 5387 1515 5448 properante.
1534 5420 1587 5426 -.-
1605 5383 1642 5442 ,1)
1661 5379 1790 5443 Ramnulf
1800 5392 1847 5425 von
1870 5371 1987 5433 Fauoni,

315 5447 418 5513 Bischef
430 5462 477 5498 von
495 5449 596 5511 Sahues,
616 5467 637 5502 c.
656 5452 834 5502 rosa-1105.
