4126 6356
1676 331 1731 396 ¹71

67 494 268 570 intrantibus
300 496 332 556 in
366 503 569 576 perpetuum.
616 493 778 574 Quotiens
802 493 881 556 illud
912 497 1050 559 anobis
1074 499 1201 579 petitur,
1235 500 1325 580 quod
1348 501 1495 581 religioni
1519 513 1551 566 et
1574 503 1735 568 honestati

67 584 243 645 dinoscitur
266 585 448 659 convenire,
472 585 582 646 animo
606 604 667 645 nos
698 583 794 646 decet
824 583 938 646 libenti
973 587 1154 650 concedere
1187 598 1220 652 et
1249 590 1429 671 petentium
1461 592 1629 656 desideriis
1660 616 1735 657 con-

64 692 175 754 gruum
192 673 382 754 suffragium
398 673 565 755 impertiri.
602 671 797 753 Eapropter,
814 673 932 736 dilecte
949 673 981 736 in
999 675 1134 739 domino
1152 676 1206 754 fili,
1222 680 1337 742 vestris
1355 679 1445 743 iustis
1461 682 1736 763 postulationibus

65 762 207 842 benigno
232 773 461 826 concurrentes
485 783 626 836 assensu,
657 763 891 825 monasterium
915 763 1003 826 beati
1027 763 1235 842 Bartolomei,
1267 768 1300 830 in
1332 789 1398 850 quo
1422 769 1533 832 divino
1558 773 1734 854 mancipati

65 852 137 915 estis
160 851 340 932 obsequio,
373 852 434 915 sub
467 850 555 915 beati
587 851 672 914 Petri
704 858 737 912 et
768 862 878 914 nostra
908 856 1115 933 protectione
1146 857 1340 938 suscipimus
1371 867 1404 921 et
1433 861 1593 940 presentis
1623 863 1734 945 scripti

64 940 232 1022 privilegio
264 943 512 1004 communimus
567 937 771 1014 Statuentes,
809 950 844 1003 ut
877 961 1098 1024 quascumque
1132 947 1373 1026 possessiones,
1412 967 1617 1030 quecumque
1647 951 1736 1015 bona

64 1029 177 1092 eadem
202 1031 340 1093 ecclesia
363 1032 396 1093 in
419 1032 656 1112 presentiarum
680 1029 762 1092 iuste
785 1040 818 1092 et
842 1031 1000 1093 canonice
1032 1033 1181 1114 possidet
1212 1041 1267 1097 aut
1298 1035 1329 1098 in
1359 1037 1500 1100 futurum
1524 1042 1735 1104 concessione

64 1117 265 1200 pontificum,
297 1120 467 1200 largitione
491 1140 603 1201 regum
629 1119 682 1181 vel
705 1119 899 1201 principum,
933 1121 1101 1184 oblatione
1135 1122 1279 1186 fidelium
1309 1145 1365 1187 seu
1397 1126 1467 1188 aliis
1498 1128 1588 1191 iustis
1619 1131 1733 1205 modis,

63 1218 229 1290 prestante
245 1208 318 1280 deo,
342 1210 464 1290 poterit
485 1209 631 1291 adipisci,
655 1207 748 1270 firma
762 1208 858 1270 vobis
872 1210 1052 1290 vestrisque
1068 1213 1308 1276 successoribus
1325 1225 1358 1276 et
1373 1215 1497 1278 illibata
1512 1228 1734 1298 permaneant.

63 1299 96 1360 ln
112 1298 234 1378 quibus
252 1297 313 1361 hec
333 1299 473 1380 propriis
494 1299 645 1361 duximus
665 1296 692 1382 a)
714 1297 884 1360 vocabulis
900 1300 1130 1379 exprimenda:
1167 1302 1199 1364 in
1215 1304 1403 1366 Placentina
1419 1305 1548 1368 civitate
1563 1307 1734 1371 ecclesiam

63 1396 170 1449 sancte
186 1385 308 1468 Agate,
333 1383 481 1472 curte(m)
505 1388 612 1469 campi
636 1387 778 1449 Rolandi
803 1407 878 1449 cum
901 1386 1038 1451 ecclesia
1061 1392 1164 1453 sancti
1181 1391 1354 1468 Laurentii,
1379 1404 1502 1456 curtem
1519 1396 1734 1476 Parpanensis

63 1495 132 1539 cum
149 1476 298 1539 ecclesiis
314 1478 416 1540 sancti
430 1475 498 1540 Viti
515 1487 548 1540 et
564 1477 667 1539 sancti
683 1475 813 1548 Fidelis,
830 1486 953 1539 curtem
970 1476 1129 1542 Salutiole
1145 1500 1219 1542 cum
1234 1481 1378 1544 ecclesiis
1394 1484 1497 1545 sancti
1510 1485 1732 1550 Bartholomei

63 1573 93 1628 et
114 1567 219 1628 sancti
245 1565 387 1630 Secundi
411 1577 444 1629 et
466 1567 569 1628 sancti
593 1567 678 1628 Petri
703 1566 735 1627 in
757 1565 842 1628 valle
867 1564 1018 1648 Crispasi,
1043 1565 1240 1654 ecclesialm)
1267 1571 1370 1632 sancti
1395 1571 1527 1654 Georgii
1556 1581 1588 1635 et
1611 1585 1733 1638 curtem

63 1655 300 1736 Valgombarit,
324 1665 447 1718 curtem
471 1655 630 1718 Molinelli
654 1675 728 1717 cum
752 1654 889 1717 ecclesia
911 1667 1023 1719 sancte
1048 1655 1165 1732 Crucis,
1198 1660 1230 1721 in
1253 1659 1403 1722 Nissiaco
1427 1663 1598 1726 ecclesiam
1621 1674 1734 1728 sancte

10 1789 11 1792 ,
64 1745 177 1819 Marie,
218 1745 252 1806 in
283 1744 458 1807 Tabularia
489 1745 659 1808 ecclesiam
691 1751 803 1806 sancte
835 1745 950 1820 Marie,
982 1755 1014 1808 et
1044 1766 1159 1810 omnes
1191 1748 1270 1810 alias
1300 1750 1534 1830 possessiones,
1566 1773 1630 1833 que
1659 1763 1735 1817 sunt

63 1833 215 1915 disperse,
240 1835 492 1915 circumquaque
515 1834 615 1896 hodie
638 1833 823 1914 possidetis.
869 1833 957 1897 Sane
981 1835 1022 1896 de
1046 1835 1212 1899 laboribus
1243 1838 1407 1900 novalium
1430 1850 1619 1915 vestrorum,
1650 1862 1733 1922 quos

10 1935 11 1940 ’
62 1923 198 2004 propriis
224 1923 376 1986 manibus
399 1935 455 1985 aut
476 1923 662 2004 sumptibus
686 1923 806 1997 colitis,
831 1923 898 1985 sive
923 1922 964 1985 de
988 1925 1191 1988 nutrimentis
1214 1938 1395 1990 vestrorum
1419 1929 1607 1992 animalium
1628 1931 1733 1994 nullus

10 2013 11 2016 ’
62 2013 196 2074 avobis
221 2012 366 2075 decimas
388 2022 556 2093 presumat
579 2013 718 2092 exigere.
764 2012 979 2075 Decernimus
1003 2033 1090 2094 ergo,
1116 2022 1150 2076 ut
1174 2016 1251 2077 nulli
1276 2017 1411 2079 omnino
1435 2017 1603 2081 hominum
1629 2020 1732 2095 liceat,

62 2102 198 2164 eandem
230 2102 401 2164 ecclesiam
433 2149 439 2163 .
471 2147 477 2162 .
512 2149 519 2162 .
551 2101 661 2164 usibus
693 2101 892 2163 omnimodis
923 2102 1108 2183 profutura,
1146 2105 1235 2167 salva
1272 2106 1404 2187 quidem
1436 2108 1617 2187 apostolice
1646 2110 1733 2172 sedis

63 2191 255 2253 auctoritate
285 2201 318 2253 et
349 2191 598 2253 diocesanorum
631 2191 863 2271 episcoporum
887 2191 920 2252 in
951 2193 1146 2273 supradictis
1169 2195 1302 2276 capellis
1333 2196 1491 2258 canonica
1523 2197 1651 2261 iustitia.
1697 2199 1732 2262 Si

63 2300 123 2360 qua
144 2301 226 2342 vero
251 2327 258 2340 .
282 2327 289 2341 .
313 2327 320 2340 .
345 2279 478 2344 Cunctis
502 2290 642 2343 autem.
667 2328 673 2341 .
698 2327 704 2340 .
728 2279 901 2343 inveniant.
947 2277 1067 2342 Amen.

217 2369 296 2432 Dat.
320 2369 509 2443 Beneventi,
539 2389 598 2451 per
628 2389 761 2431 manum
790 2367 943 2444 Rolandi,
973 2377 1086 2432 sancte
1115 2370 1265 2434 Romane
1297 2372 1433 2436 ecclesie
1462 2375 1633 2456 presbiteri
1665 2397 1731 2439 car-

63 2456 172 2520 dinalis
196 2468 232 2520 et
256 2457 447 2520 cancellarii.
485 2470 521 2520 Vl
537 2459 612 2520 ldus
628 2459 745 2521 Martii.
784 2457 966 2521 Indictione
981 2475 1039 2520 1111.
1077 2459 1312 2524 Incarnationis
1334 2463 1498 2529 dominice
1522 2484 1609 2530 anno
1627 2477 1732 2531 MCLV.

62 2547 271 2612 Pontificatus
294 2568 372 2611 vero
396 2547 508 2610 domni
532 2547 670 2610 Adriani
694 2567 783 2629 pape
806 2563 857 2608 1111
880 2567 968 2610 anno
990 2549 1145 2612 secundo.

216 2660 418 2726 Koprizlurkrmde
435 2661 475 2712 des
496 2662 525 2711 15
546 2661 648 2728 Jahrb,
666 2661 700 2710 im
717 2659 831 2712 Arrhivio
848 2659 875 2714 di
892 2661 959 2716 Staio
977 2676 1006 2716 ru
1026 2661 1147 2716 Malland.

803 2951 870 3024 Nr.
900 2954 985 3026 162.

63 3082 211 3146 Hadrian
229 3080 292 3144 IV
307 3079 425 3144 nrinmt
445 3081 500 3144 die
524 3078 820 3164 Kollegiatkirclzen
843 3105 903 3147 von
926 3083 1032 3148 Santa
1056 3085 1171 3148 Maria
1193 3086 1233 3148 di
1249 3085 1354 3150 Galdo
1377 3087 1527 3150 Mazocca
1546 3087 1616 3152 und
1629 3088 1730 3152 Santa

63 3171 170 3235 illaria
185 3171 228 3234 di
241 3171 362 3256 Fojano
384 3170 424 3234 di
451 3169 513 3233 Val
526 3171 657 3234 Fortorc
673 3171 730 3252 (D.
748 3170 921 3258 Beneuent)
947 3175 981 3238 in
1009 3173 1239 3258 apostolr'scben
1261 3175 1379 3240 Schutz
1400 3176 1470 3240 und
1489 3175 1639 3262 bestiz'tigt
1660 3178 1730 3242 ihre

631 3261 878 3325 Besitathri'mer
898 3263 968 3326 und
989 3263 1107 3327 Rechte
1123 3266 1160 3350 ¹).

658 3377 741 3439 1156
754 3376 857 3459 April
867 3379 917 3441 14.
963 3377 1131 3443 Benevent.

214 3492 383 3556 Adrianus
406 3493 588 3574 episcopus,
617 3513 727 3556 servus
750 3515 917 3558 servonrm
948 3496 1010 3572 dei,
1041 3496 1168 3559 dilectis
1198 3495 1271 3560 filiis
1294 3497 1439 3572 Iohanni,
1471 3499 1570 3579 priori
1593 3498 1729 3562 ecclesie

10 3573 11 3576 ¹
62 3593 165 3646 sancte
190 3582 297 3645 Marie
328 3581 369 3644 de
400 3581 530 3645 Gualdo
547 3577 573 3664 ²)
596 3583 761 3659 Mazocca,
793 3585 927 3668 eiusque
951 3584 1110 3660 fratribus
1142 3595 1210 3648 tam
1237 3587 1443 3667 presentibus
1474 3607 1573 3667 quam
1605 3585 1728 3663 suturis

10 3719 11 3724 ,
63 3673 237 3752 regularem
259 3672 363 3734 vitam
386 3671 549 3752 professis,
578 3683 616 3733 IN
639 3683 717 3733 ΡΡΜ.
741 3708 784 3717 -
805 3670 809 3756 Ι
830 3675 1047 3750 Desiderium,
1079 3675 1168 3756 quod
1200 3675 1243 3737 ad
1274 3674 1437 3756 religionis
1467 3676 1673 3758 propositum
1696 3684 1729 3738 et

10 3803 11 3832 2
61 3763 236 3824 animarum
252 3760 391 3823 salutem
407 3761 568 3841 pertinere
584 3771 790 3838 monstratur,
812 3773 944 3826 auctore
961 3764 1024 3826 deo
1040 3765 1109 3826 sine
1125 3763 1235 3844 aliqua
1249 3774 1299 3826 est
1315 3764 1470 3827 dilatione
1486 3765 1727 3846 complendum.

10 3877 11 3912 3
60 3851 250 3932 Fapropter,
285 3847 392 3912 dilecti
413 3849 418 3934 Ι
438 3849 471 3912 in
495 3849 630 3913 domino
654 3849 720 3926 filii,
742 3853 857 3914 vestris
881 3853 972 3916 iustis
995 3853 1271 3935 postulationibus
1293 3852 1470 3916 clementer
1493 3855 1671 3928 annuimus,
1696 3863 1729 3917 et

10 3937 12 4004 ῗ
61 3940 216 4020 prefatam
241 3938 413 4002 ecclesiam
444 3945 477 4001 et
507 3939 604 4000 aliam
636 3941 807 4003 ecclesiam
839 3941 937 4005 beate
960 3941 1063 4005 Marie
1088 3943 1128 4004 de
1161 3942 1322 4004 territorio
1345 3942 1461 4005 Foiani
1479 3940 1512 4027 ⁵),
1546 3943 1578 4005 in
1609 3944 1728 4023 quibus

62 4029 163 4092 divino
197 4027 379 4110 mancipati
412 4028 489 4090 estis
513 4028 690 4111 obsequi0,
722 4029 783 4092 sub
816 4030 905 4093 beati
928 4031 1014 4094 Petri
1045 4042 1078 4094 et
1108 4039 1219 4094 nostra
1249 4033 1454 4113 protectione
1477 4033 1671 4114 suscipimus
1695 4041 1728 4096 et

10 4115 12 4118 ’
61 4119 213 4198 presentis
237 4116 349 4199 scripti
371 4116 542 4198 privilegio
566 4119 813 4182 communimus
859 4120 1031 4202 Inprimis
1059 4120 1222 4202 siquidem
1252 4129 1438 4195 statuentes,
1470 4131 1506 4184 ut
1534 4123 1567 4184 in
1591 4123 1728 4186 ecclesia

62 4207 98 4269 de
125 4207 257 4272 Gualdo
281 4208 438 4270 Mazocca
468 4206 551 4268 ordo
582 4209 781 4270 monasticus
808 4210 987 4272 secundum
1018 4210 1116 4272 deum
1135 4207 1164 4294 b)
1195 4219 1228 4272 et
1258 4210 1346 4273 beati
1370 4210 1540 4274 Benedicti
1572 4211 1726 4294 regulam,

10 4303 11 4306 ’
62 4294 90 4358 in
116 4297 177 4359 alia
206 4315 288 4358 vero
319 4295 457 4358 ecclesia
487 4295 528 4357 de
559 4297 721 4360 territorio
744 4298 860 4360 Foiani
892 4299 974 4360 ordo
1007 4300 1185 4362 canonicus
1215 4299 1394 4363 secundum
1426 4300 1478 4364 dei
1510 4302 1662 4364 timorem
1694 4311 1727 4365 et

10 4441 12 4444 .
61 4383 141 4448 beati
163 4385 342 4466 Augustini
367 4384 511 4466 regulam
534 4386 701 4466 perpetuis
724 4386 928 4468 temporibus
952 4388 1182 4451 inviolabiliter
1204 4388 1402 4453 observetur.
1448 4391 1607 4466 Preterea,
1632 4411 1726 4471 quas·

10 4471 12 4548 ξ
62 4492 192 4556 cumque
226 4474 467 4556 possessiones,
504 4494 709 4557 quecumque
740 4476 831 4538 bona
855 4477 887 4538 in
918 4477 1155 4557 presentiarum
1187 4479 1269 4540 iuste
1300 4485 1332 4541 et
1362 4479 1520 4541 canonice
1550 4480 1726 4562 possidetis

61 4564 155 4626 autin
172 4564 316 4628 futurum
331 4562 544 4626 concessione
560 4563 763 4645 pontificum,
787 4564 959 4646 largitione
974 4585 1087 4647 regum
1101 4566 1154 4628 vel
1170 4567 1364 4649 principum,
1388 4567 1556 4631 oblatione
1572 4567 1726 4641 fidelium,

61 4670 110 4713 seu
132 4653 203 4717 aliis
226 4651 476 4715 rationabilibus
500 4653 617 4731 modis,
640 4660 808 4734 prestante
825 4654 970 4728 domin0,
993 4655 1142 4736 poteritis
1158 4656 1304 4737 adipisci,
1329 4655 1422 4720 firma
1435 4657 1532 4720 vobis
1546 4658 1726 4738 vestrisque

62 4741 295 4806 successoribus
319 4751 351 4804 et
374 4741 499 4804 illibata
531 4752 754 4823 permaneant.
799 4744 849 4807 Ita
879 4753 998 4820 tamen,
1030 4753 1066 4807 ut
1096 4745 1128 4806 in
1158 4745 1352 4821 civitatibus,
1385 4746 1525 4809 castellis
1553 4767 1610 4809 seu
1641 4746 1726 4810 villis

62 4838 153 4893 terras
175 4839 233 4895 aut
247 4832 361 4894 vineas
385 4851 451 4893 non
467 4831 564 4893 liceat
578 4831 675 4893 vobis
691 4833 848 4913 accipere,
873 4841 909 4895 ut
924 4834 1039 4896 remoti
1057 4833 1099 4896 ab
1116 4833 1287 4896 hominum
1302 4837 1438 4918 strepitu
1454 4836 1724 4917 contemplationi

63 4917 161 4983 divine
183 4921 318 4983 liberius
339 4940 457 4983 vacare
480 4920 616 4983 valeatis
639 4931 672 4984 et
700 4920 857 4984 altissimo
882 4921 1021 5003 quietius
1050 4922 1220 4986 deservire.
1268 4923 1476 4988 Obeuntibus
1498 4945 1576 4988 vero
1599 4922 1745 4988 eorum?

63 5006 130 5070 dem
152 5009 301 5072 locomm
325 5010 487 5091 prioribus
510 5019 565 5072 aut
588 5029 701 5072 eorum
725 5010 874 5091 quolibet
903 5031 1097 5087 successore,
1133 5013 1239 5075 nullus
1269 5013 1314 5076 ibi
1346 5014 1492 5097 qualibet
1513 5015 1726 5097 surreptionis

62 5097 169 5160 astutia
190 5120 249 5163 seu
271 5099 427 5162 violentia
450 5106 659 5180 preponatur,
685 5099 744 5162 nisi
770 5120 867 5184 quem
891 5100 1005 5164 iratres
1021 5102 1186 5164 communi
1203 5121 1363 5166 consensu
1384 5101 1411 5188 0)
1434 5124 1490 5166 seu
1507 5124 1583 5186 pars
1599 5105 1725 5167 consilii

62 5187 187 5251 sanioris
211 5187 275 5251 sibi
299 5188 487 5270 regulariter
509 5189 708 5269 previderint
730 5189 918 5271 eligendum
941 5191 995 5266 ita,
1024 5200 1060 5253 ut
1083 5190 1219 5254 consilio
1243 5191 1377 5254 sratnrm
1400 5193 1567 5273 utriusque
1590 5192 1726 5257 ecclesie

62 5273 142 5352 prior
158 5275 197 5362 d),
221 5288 291 5341 tam
315 5279 347 5339 in
374 5297 447 5354 una,
482 5297 581 5358 quam
604 5278 636 5339 in
660 5277 762 5341 altera
793 5279 931 5343 ecclesia
960 5279 1105 5360 eligatur.
1152 5279 1278 5344 Crisma
1308 5300 1395 5356 vero,
1427 5282 1537 5344 oleum
1566 5292 1724 5358 sanctum,

62 5368 315 5430 consecrationes
354 5367 503 5454 altarium
542 5387 598 5428 seu
638 5365 863 5444 basilicarum,
907 5369 1131 5434 ordinationes
1170 5369 1407 5434 monachorum
1444 5371 1497 5434 vel
1534 5371 1724 5438 clericorum

210 5563 237 5620 a)
255 5561 365 5612 dicemus
437 5561 464 5627 b)
483 5576 525 5610 um
543 5562 596 5626 arcs
607 5563 693 5610 Ir'nmr
763 5564 788 5623 c)
808 5578 853 5611 ens
870 5563 922 5628 aus
935 5567 1021 5613 Rasur
1090 5565 1118 5630 d)
1137 5564 1217 5613 linter
1234 5579 1246 5612 r
1264 5565 1354 5615 Rancr.
1446 5567 1482 5620 .1l
1504 5566 1582 5630 Vergl.
1606 5565 1643 5614 die
1664 5565 1724 5615 Urk.

62 5641 108 5676 mr
124 5632 157 5680 26
175 5631 252 5680 Mein
271 5633 344 5682 1183.
441 5639 467 5700 2)
489 5633 575 5692 Guldo,
597 5633 752 5682 circmdario
770 5634 833 5683 della
846 5642 917 5699 prov.
943 5635 970 5684 di
984 5637 1123 5696 Benevento,
1148 5638 1191 5684 nel
1210 5635 1364 5699 Napolitann.
1471 5641 1499 5702 3)
1519 5637 1613 5704 Fayimo
1630 5637 1657 5686 di
1679 5637 1728 5690 Vnt

10 5757 11 5776 3
64 5697 154 5762 fodore,
176 5705 267 5756 Comm.
284 5706 328 5753 nel
340 5705 494 5769 llbpolitano,
508 5713 580 5772 prov.
598 5706 626 5755 di
642 5707 781 5768 Beneuento,
800 5705 905 5758 circond.
923 5709 951 5760 di
966 5708 1019 5760 San
1037 5709 1185 5760 Banolomeo
1201 5707 1228 5758 in
1250 5707 1336 5762 caldo.

1461 5787 1515 5843 22l
