4142 6366
321 348 386 402 210

320 527 486 610 professis,
508 540 546 587 ΙΝ
561 535 637 586 ΡΡΜ.
655 558 693 566 -
716 520 720 605 Ι
743 519 853 583 Officii
874 522 976 582 nostri
994 541 1054 582 nos
1069 520 1217 584 hortatur
1232 525 1406 586 auctoritas
1422 540 1483 603 pro
1500 519 1708 583 ecclesiarum
1732 527 1818 582 statu
1834 526 1992 600 satagere

321 624 354 679 et
377 635 489 678 eorum
512 614 610 693 quieti
634 621 665 673 et
689 611 819 673 utilitati
842 607 1021 684 salubriter,
1052 610 1231 674 auxiliante
1261 613 1406 686 domin0,
1439 609 1621 691 providere.
1667 608 1812 690 Dignum
1844 626 1993 689 namque

321 712 354 767 et
382 695 543 766 honestati
574 702 767 764 conveniens
800 718 872 761 esse
905 701 1126 778 cognoscitur,
1162 708 1205 775 ut,
1235 704 1289 780 qui
1321 701 1362 763 ad
1389 697 1393 784 l
1418 698 1626 762 ecclesiarum
1652 699 1794 780 regimen
1826 697 1991 778 assumpti

319 813 438 866 sumus,
462 813 515 855 eas
539 800 572 854 et
594 811 614 852 a
636 809 811 871 pravorum
835 787 1002 849 hominum
1020 790 1163 866 nequitia
1179 799 1327 853 tueamur
1343 798 1375 852 et
1391 790 1478 851 beati
1494 789 1579 851 Petri
1596 788 1776 870 patrocinio
1794 787 1990 848 muniamus.

320 882 469 956 Proinde,
493 878 601 943 dilecti
622 881 654 940 in
670 880 806 941 domino
823 877 887 949 filii,
911 875 1025 938 vestris
1042 877 1315 958 postulationibus
1332 879 1510 941 clementer
1524 879 1692 939 annuimus
1709 876 1798 938 etad
1816 873 1991 955 exemplar

321 972 422 1034 felicis
463 972 620 1032 memorie
657 967 898 1049 predecessoris
930 967 1030 1026 nostri
1061 966 1239 1029 innocentii
1270 988 1357 1050 pape
1388 967 1551 1050 prelatum
1575 967 1818 1038 monasterium,
1852 966 1885 1026 in
1919 982 1990 1042 quo

320 1060 428 1123 divino
460 1056 634 1140 mancipati
666 1058 741 1119 estis
765 1056 934 1133 obsequio,
966 1054 1027 1115 sub
1058 1053 1143 1116 beati
1171 1057 1256 1119 Petri
1288 1067 1320 1120 et
1351 1046 1461 1119 nostra
1491 1057 1697 1136 protectione
1728 1053 1923 1134 suscipimus
1955 1061 1990 1115 et

320 1150 478 1232 presentis
501 1148 612 1228 scripti
635 1145 802 1227 privilegio
827 1142 1074 1206 communimus.
1119 1141 1316 1220 Statuentes,
1344 1155 1387 1220 ut,
1411 1163 1632 1225 quascumque
1648 1144 1883 1226 possessiones,
1908 1161 1990 1222 que·

321 1258 460 1317 cumque
483 1237 570 1299 bona
594 1236 708 1297 eadem
733 1233 868 1296 ecclesia
891 1233 920 1293 in
945 1232 1178 1312 presentiarum
1203 1236 1285 1296 iuste
1310 1243 1343 1297 et
1366 1237 1521 1298 canonice
1545 1233 1691 1317 possidet
1714 1241 1768 1293 aut
1793 1234 1823 1293 in
1841 1231 1987 1293 futurum

320 1329 531 1390 concessione
561 1324 768 1407 pontificum,
800 1323 969 1403 largitione
998 1341 1109 1402 regum
1140 1324 1192 1385 vel
1224 1327 1422 1406 principum,
1453 1323 1619 1386 oblatione
1652 1321 1796 1383 fidelium
1829 1339 1887 1383 seu
1919 1319 1990 1381 aliis

320 1419 410 1479 iustis
435 1415 549 1488 modis,
574 1421 738 1495 prestante
761 1413 905 1484 domino,
933 1411 1054 1491 poterit
1077 1411 1220 1494 adipisci,
1252 1412 1344 1476 firma
1368 1415 1462 1475 vobis
1485 1414 1665 1490 vestrisque
1688 1409 1930 1472 successoribus
1956 1418 1991 1470 et

319 1507 437 1569 illibata
467 1509 687 1586 permaneant.
740 1500 775 1563 ln
810 1500 927 1579 quibus
957 1498 1017 1560 hcc
1057 1503 1198 1582 propriis
1238 1502 1390 1564 duximus
1429 1501 1641 1585 exprimenda
1671 1497 1856 1562 vocabulis:
1895 1498 1989 1579 apud

320 1603 451 1678 portum
476 1591 638 1655 Delfinum
672 1590 809 1652 ecclesia
840 1588 942 1650 sancti
966 1587 1108 1662 Martini,
1143 1599 1175 1652 et
1207 1591 1360 1674 quicquid
1393 1592 1469 1652 iuris
1500 1589 1627 1652 habetis
1657 1589 1688 1651 in
1719 1587 1859 1651 ecclesia
1887 1586 1989 1649 beate

321 1685 424 1748 Marie
457 1683 498 1744 de
521 1679 701 1753 Nocarico,
734 1679 872 1742 ecclesia
901 1678 1002 1739 sancti
1025 1677 1135 1740 lacobi
1168 1680 1210 1742 de
1233 1680 1348 1744 Castro
1373 1682 1414 1742 de
1438 1679 1536 1743 Curte
1567 1681 1599 1741 in
1632 1677 1734 1741 insula
1763 1677 1805 1739 de
1830 1675 1989 1758 Sigestr0,

320 1772 456 1835 ecclesia
478 1771 579 1834 sancti
596 1768 728 1850 Georgii
753 1771 783 1830 in
801 1765 1014 1848 Campideli0,
1038 1767 1176 1830 ecclesia
1190 1772 1292 1832 sancti
1310 1768 1450 1850 Georgii,
1475 1763 1674 1852 ecclesia<m)
1690 1773 1800 1829 sancte
1816 1765 1921 1828 Marie
1945 1765 1990 1826 de

320 1863 461 1936 Mizano,
492 1859 628 1922 ecclesia
650 1859 751 1920 sancti
775 1857 860 1920 Petri
882 1856 933 1917 'de
957 1855 1151 1931 Pomeliaco‚
1184 1866 1216 1920 et
1240 1859 1393 1940 quicquid
1418 1861 1493 1920 iuris
1516 1857 1644 1920 habetis
1667 1857 1696 1917 in
1721 1855 1859 1918 ecclesia
1880 1856 1987 1917 sancti

321 1951 454 2032 Andree
477 1950 520 2011 de
543 1946 671 2022 Verzili,
703 1945 837 2009 ecclesia
859 1945 962 2006 sancti
986 1943 1109 2007 Mathei
1134 1949 1165 2008 in
1189 1949 1335 2010 lanuensi
1366 1950 1496 2011 civitate
1528 1947 1679 2029 positam,
1710 1943 1849 2007 ecclesia
1884 1943 1989 2005 sancti

319 2042 406 2104 Petri
430 2041 461 2101 in
482 2037 565 2100 valle
580 2036 720 2100 Lavanie
743 2035 798 2099 ubi
821 2035 938 2096 dicitur
955 2031 1098 2115 Campus
1114 2037 1156 2098 de
1173 2035 1306 2099 Molino.
1344 2036 1582 2101 Confirmamus
1598 2036 1695 2097 etiam
1710 2033 1805 2096 vobis
1821 2033 1988 2095 decimam

320 2129 459 2210 predicti
482 2136 596 2209 portus
619 2124 737 2188 Deliini
761 2133 794 2186 et
825 2122 985 2185 decimam
1008 2121 1147 2186 Noialici
1179 2134 1212 2188 et
1235 2126 1354 2189 Zuizini
1380 2136 1418 2188 et
1441 2125 1537 2200 illam,
1561 2143 1658 2204 quam
1681 2121 1808 2185 habetis
1830 2122 1863 2183 in
1887 2121 1988 2203 plebe

320 2217 466 2281 Plecanie
491 2224 524 2279 et
545 2215 694 2287 Lavanie,
726 2212 1006 2292 quemadmodum
1029 2220 1170 2276 vestrum
1196 2217 1426 2278 monasterium
1458 2235 1513 2278 eas
1543 2233 1646 2293 usque
1676 2213 1720 2274 ad
1748 2211 1810 2274 hec
1832 2219 1988 2291 tempora

321 2309 464 2369 noscitur
487 2306 692 2388 possedisse;
726 2303 758 2365 in
782 2300 986 2363 Terdonensi
1017 2303 1210 2384 episcopatu
1234 2305 1368 2367 ecclesia
1392 2312 1503 2367 sancte
1526 2303 1644 2386 Agate,
1675 2303 1706 2363 in
1739 2322 1802 2382 qua
1833 2302 1987 2362 nimirum

321 2395 458 2458 ecclesia
482 2414 646 2466 monacus,
671 2413 731 2474 pro
755 2399 905 2471 tempore
930 2391 1081 2464 existens,
1114 2393 1139 2452 si
1172 2393 1357 2456 calcaneum
1387 2413 1478 2456 suum
1503 2392 1657 2455 adversus
1681 2391 1856 2453 cenobium
1880 2391 1988 2450 sancti

320 2485 489 2549 Fructuosi
512 2485 579 2544 sive
602 2483 716 2544 fratres
739 2481 861 2542 ibidem
885 2479 1020 2540 domino
1045 2479 1237 2544 famulantes
1260 2485 1391 2566 exigere
1417 2483 1627 2564 temptaverit
1655 2489 1688 2543 et
1709 2479 1805 2542 vobis
1836 2478 1988 2540 debitam

322 2574 543 2638 obedientiam
568 2570 723 2632 exhibere
747 2569 988 2649 contempserit,
1021 2567 1117 2630 liceat
1140 2572 1233 2634 vobis
1257 2573 1437 2654 vestrisque
1460 2570 1709 2642 successoribus,
1736 2569 1767 2630 in
1790 2587 1866 2630 eum
1890 2569 1988 2629 inter-

321 2666 400 2727 dicti
424 2682 480 2724 seu
505 2659 850 2723 excommunicationis
873 2659 1064 2720 sententiam
1090 2659 1313 2742 promulgare;
1353 2662 1489 2724 ecclesia
1518 2659 1621 2721 sancti
1644 2659 1822 2721 innocentii
1847 2675 1913 2737 que
1936 2664 1989 2717 est

320 2755 351 2815 in
375 2750 497 2824 Stolva,
527 2757 561 2812 et
590 2748 684 2810 aliam
710 2746 877 2810 ecclesiam
909 2749 1011 2808 sancti
1035 2745 1198 2810 Laurentii
1230 2769 1293 2829 que
1317 2759 1366 2813 est
1389 2752 1419 2812 in
1444 2748 1642 2812 Castelletto.
1689 2743 1739 2808 Sit
1761 2749 1859 2808 etiam
1890 2744 1988 2807 vobis

321 2841 457 2905 facultas
490 2841 521 2900 in
554 2838 709 2919 predictis
739 2834 882 2898 ecclesiis
913 2835 1113 2916 presbiteros
1147 2858 1270 2918 ponere
1301 2849 1333 2902 et
1364 2841 1520 2902 canonice
1555 2855 1724 2900 removere
1728 2881 1988 2898 .........

321 2929 527 2993 Falconarias
551 2926 646 2989 etiam
671 2928 713 2988 de
730 2927 837 3006 capite
854 2926 975 2986 Montis
998 2946 1017 2986 a
1033 2924 1163 3006 Rigolio
1188 2946 1290 3007 usque
1311 2929 1353 2991 ad
1370 2927 1507 3000 Padrali,
1530 2928 1729 3009 piscationes
1746 2933 1779 2987 et
1793 2924 1988 2986 venationes

322 3038 434 3082 omnes
457 3016 539 3079 infra
562 3016 745 3099 predictum
770 3016 942 3075 terminum
967 3021 1000 3074 et
1023 3033 1136 3075 omnes
1160 3018 1310 3098 antiquas
1332 3026 1365 3080 et
1389 3017 1598 3081 rationabiles
1622 3013 1881 3086 consuetudines,
1906 3031 1988 3090 quas

321 3109 448 3171 habetis
471 3107 502 3168 in
526 3112 622 3186 portu
638 3103 779 3178 Delfino,
803 3112 869 3164 tarn
895 3104 926 3163 in
949 3110 1043 3176 terra,
1067 3122 1164 3183 quam
1190 3109 1220 3169 in
1245 3107 1333 3182 mari,
1357 3115 1390 3168 et
1413 3105 1571 3188 quidquid
1595 3105 1669 3168 iuris
1694 3101 1819 3165 habetis
1835 3101 1988 3163 inbosco

321 3199 363 3259 de
379 3196 495 3268 Dema,
517 3197 601 3255 sicut
624 3191 772 3256 consules
787 3191 959 3253 lanuenses
984 3191 1215 3258 rationabiliter
1229 3204 1423 3270 statuerunt;
1453 3195 1644 3258 falconarias
1660 3211 1791 3274 quoque
1814 3209 1879 3272 que
1904 3187 1988 3272 estll)

321 3308 340 3348 a
363 3293 454 3348 costa
477 3285 519 3345 de
541 3283 643 3345 Lurdi
667 3300 769 3363 usque
793 3282 832 3343 ad
850 3280 1052 3342 Roboretum
1078 3283 1173 3345 vobis
1196 3281 1401 3348 nihilominus
1425 3283 1664 3347 confirmamus.
1711 3278 1797 3344 Sane
1819 3277 1987 3342 novalium

320 3383 511 3446 vestrorum,
542 3390 606 3450 que
630 3371 767 3452 propriis
791 3368 939 3431 manibus
962 3379 1018 3432 aut
1047 3373 1232 3452 sumptibus
1263 3372 1376 3447 colitis,
1407 3377 1475 3436 sive
1507 3374 1548 3434 de
1579 3370 1778 3434 nutrimentis
1802 3377 1986 3431 vestrorum

321 3463 507 3526 animalium
532 3459 634 3522 nullas
658 3480 676 3521 a
699 3460 793 3522 vobis
816 3459 960 3520 decimas
984 3471 1152 3541 presumat
1175 3465 1317 3544 exigere.
1353 3462 1410 3525 Ad
1433 3461 1495 3525 hec
1511 3463 1690 3534 statuimus,
1714 3466 1749 3522 ut
1764 3457 1869 3520 nullus
1885 3455 1987 3518 archi·

322 3552 495 3634 episcopus
526 3549 577 3612 vel
608 3550 783 3630 episcopus
812 3555 868 3610 aut
898 3546 1151 3629 archipresbiter
1182 3555 1214 3614 in
1244 3553 1395 3626 ecclesiis,
1426 3552 1468 3614 ad
1491 3560 1634 3614 vestrum
1658 3550 1891 3612 monasterium
1916 3566 1988 3628 per·

322 3641 504 3714 tinentibus,
536 3640 602 3700 sive
635 3637 839 3719 presbiteris,
871 3639 901 3698 in
933 3639 1056 3699 eisdem
1090 3639 1234 3702 ecclesiis
1266 3643 1464 3717 constitutis,
1496 3659 1671 3723 gravamen
1702 3637 1835 3716 aliquod
1868 3636 1988 3698 audeat

320 3730 434 3793 inlerre
457 3735 513 3792 aut
544 3727 704 3807 aliquibus
728 3726 954 3789 exactionibus
977 3725 1122 3808 fatigare.
1161 3729 1374 3793 Decernimus
1390 3750 1478 3811 ergo,
1503 3738 1539 3792 ut
1562 3728 1641 3791 nulli
1663 3728 1797 3790 omnino
1818 3725 1987 3787 hominum

321 3819 369 3881 fas
393 3819 441 3894 sit,
465 3817 551 3880 idem
576 3815 747 3878 cenobium
771 3824 895 3878 temere
918 3815 1187 3894 perturbareaut
1210 3820 1353 3900 prefatas
1377 3819 1600 3901 possessiones
1624 3837 1680 3878 seu
1704 3816 1793 3890 alias,
1816 3833 1988 3896 quascum-

321 3927 385 3987 que
409 3909 440 3969 in
463 3907 620 3988 Aquensi,
650 3905 853 3967 Terdonensi
884 3913 917 3966 et
940 3903 1092 3966 Bobiensi
1123 3907 1174 3969 vel
1206 3911 1236 3969 in
1267 3909 1467 3989 quibuslibet
1497 3907 1564 3970 aliis
1589 3906 1778 3989 regionibus
1802 3903 1987 3985 possidetis,

321 3997 456 4072 auferre,
485 3998 629 4058 minuere
660 4001 715 4056 aut
744 3992 905 4072 aliquibus
936 3995 1163 4057 vexationibus
1193 3997 1337 4079 fatigare,
1369 3998 1427 4059 sed
1460 3999 1570 4059 omnia
1599 3995 1724 4075 integra
1755 3999 1988 4055 conserventur

321 4106 442 4160 eorum,
466 4106 526 4167 pro
551 4103 687 4165 quorum
713 4082 946 4163 gubernatione
962 4090 995 4143 et
1010 4083 1269 4149 substentatione
1286 4106 1441 4150 concessa
1465 4093 1547 4159 sunt,
1572 4084 1682 4146 usibus
1698 4082 1899 4146 omnimodis
1915 4101 1988 4163 pro-

321 4175 435 4249 futura,
457 4173 544 4236 salva
567 4173 654 4234 sedis
677 4171 858 4252 apostolice
881 4173 1073 4233 auctoritate
1097 4181 1130 4235 et
1154 4176 1318 4239 diocesani
1342 4177 1490 4257 episcopi
1514 4175 1670 4237 canonica
1691 4171 1816 4234 iustitia.
1864 4167 1901 4233 Si
1925 4187 1988 4248 qua

322 4264 447 4346 igitur.
473 4312 479 4326 .
502 4310 510 4323 .
534 4260 665 4322 Cunctis
688 4267 796 4322 autem
821 4307 828 4320 .
851 4307 858 4320 .
884 4309 890 4322 .
915 4260 1085 4323 inveniant.
1132 4263 1250 4326 Amen.
1274 4265 1363 4327 Α-ιῃ.
1387 4265 1504 4328 Amen.
1528 4299 1571 4310 -

532 4347 587 4428 (R)
611 4349 683 4430 Ego
707 4347 898 4411 Alexander
920 4347 1079 4412 catholice
1103 4353 1238 4416 ecclesie
1262 4357 1437 4436 episcopus
1460 4373 1501 4415 ss.
1524 4353 1586 4432 (M)

532 4439 552 4520 †
576 4438 648 4518 Ego
673 4435 849 4519 Gregorius
872 4435 1059 4500 Sabinensis
1083 4443 1258 4525 episcopus
1281 4464 1323 4506 ss.

532 4529 553 4606 †
575 4527 648 4607 Ego
672 4525 844 4589 Hubaldus
867 4525 1050 4589 Hostiensis
1073 4530 1246 4612 episcopus
1269 4553 1310 4594 ss.

532 4619 553 4696 †
576 4615 648 4696 Ego
671 4615 854 4677 Bernardus
877 4615 1060 4678 Portuensis
1084 4627 1117 4680 et
1138 4629 1252 4683 sancte
1274 4621 1389 4684 Rufine
1413 4621 1588 4703 episcopus
1611 4639 1651 4681 ss.

532 4705 552 4787 †
575 4705 648 4786 Ego
674 4701 857 4766 Gualterius
880 4702 1076 4767 Albanensis
1100 4711 1276 4791 episcopus
1299 4730 1340 4772 ss.
1365 4708 1410 4795 (1)

532 4831 575 4842 -
599 4791 619 4875 †
642 4794 716 4874 Ego
739 4790 911 4855 Hubaldus
934 4794 1093 4875 presbiter
1119 4798 1287 4860 cardinalis
1310 4801 1357 4861 tit.
1381 4807 1492 4860 sancte
1509 4796 1619 4860 Crucis
1643 4798 1676 4858 in
1691 4793 1868 4858 Ierusalem
1886 4787 1988 4872 ss(1)

532 4884 552 4964 †
574 4884 648 4964 Ego
671 4881 832 4945 lohannes
855 4883 1017 4964 presbiter
1040 4885 1212 4948 cardinalis
1235 4890 1283 4949 tit.
1308 4897 1419 4974 sancte
1443 4887 1616 4970 Anastasia
1639 4905 1679 4946 ss.

531 4971 553 5052 †
575 4971 647 5052 Ego
671 4969 829 5033 Albertus
853 4971 1012 5053 presbiter
1035 4974 1204 5036 cardinalis
1227 4976 1273 5037 tit.
1297 4980 1399 5039 sancti
1423 4975 1587 5038 Laurentii
1610 4976 1640 5037 in
1663 4974 1789 5036 Lucina
1811 4989 1853 5032 ss.
1878 4967 1926 5054 (1)

533 5096 577 5105 -
599 5062 619 5138 †
642 5060 715 5141 Ego
739 5059 876 5124 iacintus
901 5061 1055 5123 diaconus
1079 5065 1247 5127 cardinalis
1270 5074 1380 5128 sancte
1405 5065 1508 5128 Marie
1532 5065 1562 5126 in
1588 5063 1782 5144 Cosmydyn
1805 5079 1848 5121 ss.

532 5148 552 5229 †
576 5147 648 5230 Ego
671 5149 808 5212 Ardicio
833 5149 988 5212 diaconus
1012 5151 1183 5214 cardinalis
1206 5155 1307 5216 sancti
1330 5155 1497 5217 Theodori
1521 5173 1561 5215 ss.

532 5237 552 5318 †
576 5239 648 5318 Ego
671 5239 759 5318 Boso
783 5239 940 5301 diaconus
964 5239 1134 5303 cardinalis
1157 5254 1343 5306 sanctorum
1368 5243 1487 5307 Cosme
1510 5251 1543 5306 et
1565 5243 1718 5304 Damiani
1741 5259 1783 5302 ss.

532 5327 553 5405 †
576 5327 648 5408 Ego
674 5325 832 5407 Cinthyus
855 5329 1010 5390 diaconus
1034 5331 1205 5393 cardinalis
1228 5335 1331 5394 sancti
1355 5333 1493 5395 Adriani
1516 5352 1557 5393 ss.

532 5416 552 5500 †
574 5414 647 5498 Ego
670 5415 829 5478 lohannes
853 5416 1009 5480 diaconus
1033 5417 1203 5482 cardinalis
1226 5430 1337 5507 sancte
1362 5421 1464 5507 Marie
1488 5423 1520 5483 in
1543 5421 1672 5483 Porticu
1696 5437 1737 5479 ss.

480 5503 555 5566 Dat.
571 5505 677 5580 Ianne,
703 5525 762 5586 per
785 5525 914 5567 manum
931 5507 1118 5581 Hermanni‚
1140 5518 1251 5572 sancte
1267 5510 1415 5573 Romane
1439 5509 1575 5572 ecclesie
1598 5506 1789 5571 subdiaconi
1806 5514 1841 5566 et
1864 5499 1984 5564 notarii.

322 5604 396 5654 xvii
419 5591 471 5653 Kl.
494 5591 597 5674 April.
642 5595 825 5657 indictione
853 5609 885 5656 x.
932 5597 1158 5659 lncamationis
1191 5599 1351 5661 dominice
1382 5620 1468 5663 anno
1498 5610 1616 5661 Mctxl.
1664 5595 1878 5658 Pontificatus
1909 5612 1985 5655 vero

322 5681 433 5743 domni
457 5681 673 5746 Acaxnuum
698 5682 756 5746 ΡΡ.
779 5697 817 5746 111
841 5705 928 5746 anno
951 5687 1057 5747 tertio.
1082 5721 1124 5731 -
