4126 6366
311 279 374 360 358

309 468 413 531 sancti
441 466 530 530 Pauli
562 466 603 528 de
633 467 803 548 Pugnano,
836 467 869 529 in
900 486 966 548 quo
997 466 1109 529 divino
1140 467 1219 528 estis
1250 466 1411 548 obsequio
1444 465 1645 546 mancipate,
1677 465 1719 529 ad
1751 467 1854 528 instar
1884 467 1985 531 felicis

309 557 544 620 recordationis
568 557 779 618 INNOCENTH
803 577 898 638 pape,
923 555 1165 638 predecessoris
1182 556 1293 630 nostri,
1317 557 1378 618 sub
1395 554 1484 618 beati
1500 555 1584 617 Petri
1602 564 1634 617 et
1650 565 1763 618 nostra
1778 559 1986 637 protectione

309 647 503 727 suscipimus
528 655 561 707 et
583 646 744 727 presentis
767 647 880 727 scripti
903 644 1074 727 privilegio
1098 645 1345 708 communimus.
1391 646 1428 708 In
1456 644 1569 725 primis
1601 644 1764 725 siquidem
1796 655 1986 721 statuentes

309 747 344 798 ut
367 734 450 798 ordo
475 735 685 808 monasticus
710 735 764 815 qui
788 736 967 797 secundum
988 733 1086 795 deum
1102 743 1135 796 et
1150 733 1239 796 beati
1255 734 1424 797 Benedicti
1441 733 1585 814 regulam
1602 735 1634 795 in
1650 734 1769 796 eodem
1786 737 1986 798 monasterio

309 825 454 888 noscitur
478 824 652 898 institutus,
677 825 843 906 perpetuis
867 824 990 887 ibidem
1006 823 1212 905 temporibus
1229 823 1457 890 inviolabiliter
1472 823 1670 886 observetur.
1709 824 1868 894 Preterea.
1892 845 1986 906 quas-

309 935 449 995 cumque
479 913 723 994 possessiones,
763 933 968 995 quecumque
1004 913 1094 976 bona
1124 912 1211 974 idem
1241 913 1475 975 monasterium
1507 913 1540 975 in
1571 913 1808 996 presentiarum
1841 915 1926 976 iuste
1955 925 1988 977 et

309 1004 466 1067 canonice
489 1001 639 1084 possidet
662 1010 718 1064 aut
742 1002 774 1064 in
796 1002 937 1065 futurum
953 1002 1168 1065 concessione
1184 1000 1386 1082 pontificum,
1409 1001 1581 1083 largitione
1596 1021 1709 1082 regum
1724 1002 1777 1064 vel
1792 1004 1986 1084 principum,

309 1092 478 1156 oblatione
501 1089 645 1153 fidelium
677 1111 733 1154 seu
758 1091 828 1154 aliis
852 1092 943 1153 iustis
968 1091 1085 1166 modis,
1109 1099 1276 1173 prestante
1299 1090 1444 1167 domino,
1468 1094 1590 1173 poterit
1605 1091 1751 1172 adipisci,
1775 1091 1869 1155 firma
1890 1095 1988 1155 vobis

309 1193 342 1246 et
365 1181 424 1256 his,
449 1201 513 1262 que
536 1189 614 1262 post
636 1199 696 1242 vos
714 1181 938 1256 successerint,
961 1189 995 1242 et
1011 1179 1135 1243 illibata
1150 1189 1372 1261 permaneant.
1411 1180 1447 1242 ln
1464 1181 1583 1261 quibus
1599 1180 1660 1244 hec
1676 1181 1818 1262 propriis
1834 1182 1988 1244 duximus

308 1270 524 1353 exprimenda
546 1268 731 1332 vocabulis:
771 1269 879 1332 locum
911 1270 1035 1350 ipsum,
1067 1269 1099 1332 in
1131 1289 1197 1350 quo
1227 1269 1389 1350 prefatum
1420 1272 1654 1332 monasterium
1685 1270 1784 1331 situm
1815 1281 1880 1346 est,
1913 1291 1988 1333 cum

310 1360 462 1424 omnibus
471 1359 676 1440 pertinentiis
685 1359 761 1433 suiS,
770 1359 942 1422 ecclesiam
958 1368 1071 1421 sancte
1079 1358 1180 1421 Lucle
1196 1358 1238 1420 de
1253 1355 1461 1442 Lugnano(?),
1485 1359 1658 1421 ecclesiam
1674 1360 1779 1420 sancti
1795 1359 1932 1423 Andree
1948 1361 1989 1422 de

308 1446 1989 1530 Pugnano;diffinitionemvero,quesuperdecimisnobiliumvirorumdeRipafractaabonememorie

308 1537 480 1613 Balduino,
491 1537 611 1600 Pisano
619 1536 869 1619 archiepiscopo
881 1534 913 1619 ¹),
922 1537 1080 1599 canonice
1093 1537 1179 1599 lacta
1192 1546 1250 1612 est,
1266 1537 1308 1599 ad
1320 1537 1489 1619 exemplar
1501 1537 1639 1619 predicti
1655 1539 1872 1600 antecessoris
1884 1541 1988 1601 nostri

309 1637 412 1690 ratam
425 1646 557 1689 manere
569 1627 741 1688 sancimus.
762 1627 915 1689 Obeunte
927 1645 1005 1688 vero
1018 1635 1059 1698 te,
1075 1646 1161 1688 nunc
1173 1626 1321 1688 eiusdem
1336 1625 1399 1688 loci
1415 1627 1592 1701 abbatissa,
1606 1626 1658 1689 vel
1670 1646 1780 1690 earum
1793 1626 1911 1708 aliqua,
1926 1649 1989 1708 que

308 1716 368 1779 tibi
393 1716 593 1790 successerit,
618 1714 705 1777 nulla
730 1715 774 1777 ibi
799 1715 944 1797 qualibet
960 1715 1182 1796 subreptionis
1198 1717 1317 1778 astutia
1332 1736 1390 1778 seu
1406 1715 1561 1778 violentia
1578 1726 1787 1797 preponatur,
1812 1718 1873 1779 nisi
1889 1737 1988 1798 quam

308 1826 438 1868 sorores
463 1804 628 1867 communi
652 1823 814 1866 consensu
838 1803 890 1866 vel
913 1823 1062 1866 sororum
1082 1801 1110 1886 a)
1134 1824 1210 1886 pars
1234 1804 1361 1867 consilii
1394 1805 1532 1866 sanioris
1555 1805 1736 1868 secundum
1760 1806 1812 1868 dei
1835 1807 1988 1868 timorem

309 1905 342 1957 et
365 1895 453 1958 beati
469 1892 639 1956 Benedicti
664 1891 807 1974 regulam
831 1893 1033 1975 providerint
1056 1892 1251 1974 eligendum.
1297 1892 1332 1956 Si
1356 1914 1420 1975 qua
1445 1903 1554 1956 autem
1578 1893 1680 1956 libera
1702 1914 1845 1976 persona
1869 1896 1900 1958 in
1923 1897 1988 1957 vita

308 1984 359 2047 vel
384 1985 416 2046 in
439 1991 545 2046 morte
568 2002 629 2064 pro
653 1982 879 2063 redemptione
903 1982 1010 2045 anime
1034 2003 1091 2044 sue
1114 1991 1223 2045 vestro
1247 1983 1447 2045 monasterio
1477 2003 1513 2045 se
1543 1982 1691 2046 conferre
1714 1984 1867 2059 voluerit,
1899 1983 1989 2047 salva

308 2074 431 2136 iustitia
455 2072 597 2135 matricis
614 2071 759 2146 ecclesie,
784 2091 857 2134 eam
881 2071 1079 2152 suscipiendi
1105 2071 1293 2134 facultatem
1317 2071 1451 2134 liberam
1475 2071 1634 2135 habeatis
1680 2071 1888 2154 Sepulturam
1910 2094 1988 2155 quo·

310 2184 373 2244 que
396 2163 498 2244 ipsius
523 2161 586 2223 loci
610 2169 678 2222 tam
703 2160 861 2222 nobilium
884 2161 1026 2223 virorum
1050 2161 1092 2224 de
1115 2160 1314 2243 Ripafracta,
1339 2181 1437 2242 quam
1454 2161 1600 2237 aliorum,
1618 2161 1701 2224 sicut
1717 2182 1789 2224 eam
1805 2163 1869 2225 huc
1885 2183 1989 2244 usque

309 2251 452 2332 legitime
484 2251 629 2313 noscitur
658 2249 827 2324 habuisse,
865 2249 971 2312 eidem
1004 2250 1204 2313 monasterio
1228 2250 1468 2325 confirmamus,
1501 2250 1591 2313 salva
1621 2250 1746 2313 illarum
1779 2253 1989 2314 ecclesiarum

310 2341 446 2416 iustitia,
477 2361 496 2402 a
526 2339 645 2420 quibus
668 2347 870 2401 mortuorum
893 2359 1033 2420 corpora
1057 2348 1272 2402 assumuntur.
1318 2339 1533 2402 Decemimus
1557 2359 1645 2421 erg0,
1676 2349 1712 2402 ut
1744 2339 1822 2403 nulli
1853 2342 1989 2403 omnino

310 2430 480 2492 hominum
503 2427 609 2503 liceat,
640 2428 803 2509 prelatum
826 2429 1060 2491 monasterium
1085 2479 1091 2492 .
1116 2479 1122 2490 .
1147 2477 1153 2492 .
1178 2429 1290 2490 usibus
1327 2429 1527 2491 omnimodis
1565 2429 1752 2510 profutura,
1783 2430 1874 2492 salva
1901 2431 1990 2492 sedis

310 2518 493 2600 apostolice
526 2519 719 2580 auctoritate
751 2526 784 2579 et
807 2517 975 2580 diocesani
1000 2517 1148 2600 episcopi
1165 2518 1324 2580 canonica
1346 2518 1476 2580 iustitia.
1516 2517 1551 2581 Si
1575 2538 1641 2599 qua
1663 2518 1830 2599 igitur...
1856 2518 1990 2582 Cunctis

311 2617 452 2670 autem.
478 2603 739 2690 ..Ιίηνεῃίαηῖ.
784 2605 904 2670 Amen.
927 2605 1017 2669 A·.m
1040 2606 1160 2670 Amen.
1185 2642 1227 2650 -

523 2691 566 2778 (R
566 2691 596 2847 )E
602 2695 676 2776 Ego
701 2694 852 2758 Clemens
874 2696 1039 2759 catholice
1062 2695 1199 2759 ecclesie
1222 2695 1399 2778 episcopus
1422 2716 1465 2758 ss.
1489 2691 1551 2779 (M)

523 2783 596 2868 †E
597 2804 641 2865 go
664 2783 877 2847 Theobaldus
901 2786 1087 2848 Hostiensis
1111 2794 1144 2849 et
1166 2785 1379 2848 Velletrensis
1403 2785 1580 2867 episcopus
1604 2805 1646 2848 ss
1670 2781 1716 2870 (7)

524 2909 566 2918 -
590 2871 610 2955 †
634 2873 708 2954 Ego
732 2871 895 2936 lohannes
918 2875 1080 2956 presbiter
1103 2873 1276 2938 cardinalis
1298 2875 1347 2937 tit.
1371 2875 1476 2936 sancti
1500 2874 1602 2937 Marci
1626 2895 1668 2937 ss.

524 2960 544 3044 †
567 2963 641 3044 Ego
664 2963 835 3025 Laborans
857 2963 1019 3045 presbiter
1041 2964 1213 3026 cardinalis
1239 2972 1351 3027 sancte
1379 2963 1482 3026 Marie
1504 2963 1724 3026 transtiberim
1744 2965 1793 3027 tit.
1811 2963 1932 3026 Calixti
1949 2983 1989 3026 ss.

523 3049 543 3132 †
567 3052 641 3133 Ego
664 3051 808 3114 Pandulf
804 3073 842 3113 us
865 3053 1027 3133 presbiter
1049 3053 1222 3115 cardinalis
1246 3052 1378 3115 basilice
1401 3066 1453 3115 xil
1475 3049 1716 3134 Apostolorum
1739 3075 1782 3116 ss,

523 3137 543 3220 †
568 3141 642 3221 Ego
665 3141 808 3203 Albinus
831 3141 880 3204 tit.
904 3152 1017 3204 sancte
1041 3140 1185 3204 Crucis'
1177 3163 1208 3204 m
1233 3141 1407 3204 Ierusalem
1431 3142 1593 3224 presbiter
1616 3143 1789 3206 cardinalis
1813 3164 1857 3205 ss,

524 3226 544 3309 †
568 3229 642 3310 Ego
667 3229 784 3292 Melior
805 3232 966 3311 presbiter
981 3231 1153 3293 cardinalis
1170 3241 1357 3294 sanctorum
1373 3231 1528 3294 Iohannis
1545 3240 1578 3293 et
1594 3231 1683 3294 Pauli
1700 3233 1747 3295 tit.
1764 3233 1934 3295 Pamachii
1952 3253 1993 3294 ss.

524 3315 544 3399 i
568 3318 642 3399 Ego
666 3319 779 3380 Petrus
802 3320 963 3400 presbiter
986 3319 1158 3382 cardinalis
1180 3321 1229 3384 tit
1253 3329 1365 3383 sancte
1388 3319 1509 3383 Cecilie
1533 3341 1574 3382 ss

524 3404 544 3488 †
568 3407 642 3488 Ego
665 3407 825 3470 Radulfus
848 3408 896 3470 tit
921 3419 1032 3472 sancte
1055 3410 1211 3472 Praxedis
1235 3409 1397 3490 presbiter
1419 3409 1591 3472 cardinalis
1615 3430 1658 3473 ss.

524 3493 611 3577 †
634 3496 707 3577 Ego
732 3497 892 3560 iacinctus
917 3499 1074 3561 diaconus
1098 3499 1271 3561 cardinalis
1295 3507 1408 3561 sancte
1432 3498 1567 3561 Marie
1559 3519 1592 3560 m
1616 3498 1811 3580 Cosmydyn
1834 3517 1878 3559 sa.

523 3582 544 3664 †
568 3585 641 3666 Ego
666 3585 840 3649 Gratianus
864 3596 1050 3649 sanctorum
1075 3586 1196 3650 Cosme
1219 3597 1252 3650 et
1275 3588 1430 3650 Damiani
1453 3587 1612 3650 diaconus
1637 3588 1810 3651 cardinalis
1834 3607 1878 3648 ss.

523 3671 544 3753 †
567 3674 641 3756 Ego
665 3670 785 3760 [B]obo
809 3675 913 3738 sancti
936 3675 1057 3757 Angeli
1081 3677 1239 3738 diaconus
1263 3677 1436 3740 cardinalis
1460 3697 1502 3739 ss.
1686 3665 1688 3669 ’

523 3760 543 3844 i
567 3763 640 3844 Ego
665 3765 865 3827 Octavianus
889 3773 1076 3828 sanctorum
1101 3765 1203 3847 Sergii
1228 3774 1261 3827 et
1283 3766 1385 3828 Bachi
1409 3764 1568 3828 diaconus
1592 3765 1765 3827 cardinalis
1789 3787 1832 3827 ss.

522 3850 543 3932 †
566 3853 640 3932 Ego
665 3852 833 3915 Soffredus
857 3863 970 3916 sancte
994 3855 1097 3917 Marie
1120 3854 1153 3916 in
1177 3855 1241 3917 Via
1265 3854 1331 3919 lata
1354 3854 1513 3918 diaconus
1537 3853 1710 3917 cardinalis
1734 3875 1777 3918 ss.
1800 3850 1848 3936 (4)

469 3942 545 4004 Dat.
569 3942 737 4017 Laterani,
768 3962 827 4023 per
857 3963 990 4005 manum
1014 3943 1139 4024 Moysi,
1173 3953 1285 4006 sancte
1308 3945 1458 4006 Romane
1488 3943 1625 4007 ecclesie
1655 3944 1860 4018 subdiaconi,
1884 3944 1990 4004 vicem

310 4031 436 4110 agentis
452 4029 644 4092 cancellarii.
675 4031 879 4112 NonApril.
910 4030 1093 4095 Indictione
1105 4042 1207 4095 sexta.
1239 4033 1475 4096 Incamationis
1488 4033 1654 4095 dominice
1666 4053 1753 4095 anno
1766 4043 1990 4095 Mchxxvm.

309 4119 522 4182 Pontificatus
546 4139 623 4181 vero
648 4120 762 4182 domni
785 4118 992 4183 CLEMENTIS
1015 4142 1071 4203 pp.
1096 4133 1135 4184 111
1159 4141 1246 4185 anno
1270 4123 1386 4203 primo

472 4231 515 4281 Or.
535 4231 622 4292 (Prw.
640 4233 667 4281 S.
684 4233 777 4292 Annat,
799 4234 832 4282 im
849 4233 964 4283 Arclrr'vrb
982 4233 1010 4282 di
1027 4234 1094 4283 Staio
1111 4251 1141 4283 au
1161 4234 1226 4284 Pisa.

471 4304 542 4368 Perg.
561 4305 621 4366 ital,
641 4305 676 4356 br.
695 4307 782 4364 0,545,
800 4307 861 4370 lang
877 4306 943 4365 0,62,
961 4311 1038 4354 uertere
1055 4307 1133 4365 0,032
1149 4307 1339 4372 tempestillam,
1358 4305 1436 4354 durch
1454 4305 1513 4355 swei
1528 4307 1622 4358 Laeter
1634 4307 1691 4372 geht
1707 4307 1744 4356 die
1768 4323 1825 4356 resa
1851 4307 1909 4356 und
1924 4307 1990 4371 gelde

310 4376 493 4434 Seidensetmr,
511 4376 584 4425 deren
601 4376 726 4440 Bleisiegel
746 4378 862 4436 verleren,
888 4375 998 4443 Faltung
1020 4378 1064 4426 der
1080 4379 1177 4428 Bullen.
1216 4379 1272 4427 Der
1295 4377 1383 4441 Schast
1405 4379 1445 4426 des
1467 4379 1629 4443 ltingkrmes
1654 4379 1711 4427 und
1732 4379 1778 4426 das
1796 4379 1819 4428 E
1838 4379 1882 4428 der
1902 4379 1989 4428 Um-

309 4448 398 4511 sekrrst
414 4447 491 4511 angen
510 4447 546 4496 die
566 4448 655 4512 gretser
674 4447 766 4508 Mache,
792 4449 835 4496 der
853 4449 946 4498 Balkm
973 4451 1013 4498 des
1036 4457 1138 4499 erslerm
1163 4450 1298 4498 wesentlich
1315 4449 1408 4507 dicem
1432 4451 1499 4500 wohl
1517 4450 1554 4498 die
1575 4450 1718 4515 (e'rnsclm'jt,
1747 4450 1915 4512 Urrtersclm'ft
1937 4449 1992 4498 md

310 4519 439 4584 Delirung
455 4520 547 4568 rethre„
564 4535 619 4567 vom
637 4519 923 4584 Hauptkt'rpersehreiber
939 4523 998 4580 lter;
1023 4521 1067 4569 dar
1084 4521 1112 4569 M
1131 4521 1171 4570 des
1189 4521 1267 4571 Moses
1284 4521 1311 4570 in
1328 4523 1417 4570 letatere
1433 4523 1617 4586 nachgetragen.
1646 4523 1694 4570 Die
1712 4521 1895 4588 Zeugrrfimen
1913 4521 1988 4586 erigere

309 4590 418 4639 merstem
434 4589 472 4639 die
486 4590 576 4655 gleiche
593 4590 683 4640 dunkle
700 4592 776 4642 Dinre
793 4593 849 4641 und
864 4593 923 4642 sind
937 4593 1060 4642 theilweise
1076 4607 1124 4642 von
1142 4594 1180 4642 ein
1196 4593 1253 4642 und
1267 4593 1384 4642 derselbm
1402 4592 1482 4641 Harrd
1497 4593 1648 4658 ausgefle'ltrt.

1054 4877 1121 4951 Nr.
1149 4882 1239 4953 412.

316 5010 464 5073 Clemens
480 5010 545 5074 III
555 5011 698 5074 schreibt
713 5010 787 5074 dem
802 5007 1015 5092 Domkerpe'tel
1025 5031 1086 5074 von
1102 5010 1257 5093 Syrakres,
1271 5011 1350 5075 dass
1364 5033 1398 5073 es
1412 5011 1475 5074 den
1490 5009 1722 5090 Erebescleir'fen
1745 5031 1807 5074 von
1824 5007 1986 5074 Merme-ale

812 5098 864 5162 als
880 5098 974 5162 iltren
989 5100 1212 5183 Metropoliten
1221 5100 1418 5182 gehersume
1435 5103 1471 5178 ⁹).

924 5217 1010 5278 1188
1025 5214 1128 5299 April
1139 5219 1188 5278 11.
1219 5216 1370 5280 Lateran.

470 5332 621 5396 Clemens
636 5332 821 5413 episcopus
838 5353 948 5394 servus
965 5353 1131 5396 servorum
1148 5333 1209 5408 dei,
1225 5333 1353 5396 dilectis
1370 5333 1451 5409 filiis,
1468 5333 1612 5414 capitulo
1630 5334 1835 5406 Siracusano,
1851 5331 1982 5394 salutern

309 5434 342 5487 et
367 5421 584 5504 apostolicam
607 5421 881 5484 benedictionem.
929 5422 963 5485 Si
989 5423 1067 5504 quid
1092 5443 1134 5484 ex
1156 5421 1351 5485 liberalitate
1381 5422 1564 5504 apostolice
1593 5423 1804 5505 providencia
1836 5420 1981 5483 fratribus

309 5523 342 5576 et
366 5511 573 5593 coepiscopis
598 5511 717 5572 nostris
741 5511 893 5587 accedat,
924 5513 965 5575 ad
994 5512 1097 5574 nostri
1127 5511 1261 5575 honoris
1292 5520 1502 5594 augmentum
1533 5512 1693 5576 credimus
1724 5510 1916 5580 redundare,
1946 5515 1981 5566 ut

311 5653 440 5662 m-—a-

468 5709 493 5770 a)
514 5719 542 5752 ro
554 5704 607 5768 auf
613 5706 704 5754 Rasur.
724 5745 776 5752 .-
795 5709 831 5768 .1)
851 5703 969 5762 Balduin,
985 5703 1187 5769 Erabr'scltofvon
1200 5705 1266 5764 Pisa,
1287 5704 1460 5754 1137-1145.
1534 5711 1560 5771 2)
1585 5705 1662 5771 Vergl.
1680 5703 1717 5753 die
1726 5705 1846 5770 felgmde
1860 5699 1979 5753 orande.
