4142 6366
532 462 552 538 †
575 457 647 540 Ego
664 458 824 522 Iohannes
840 458 1004 540 presbiter
1015 459 1184 522 cardinalis
1203 467 1387 523 sanctorum
1400 457 1553 521 Iohannis
1569 464 1603 519 et
1615 456 1704 518 Pauli
1715 455 1761 517 tit.
1774 451 1946 518 Pamachii
1962 473 2006 515 ss.

532 549 552 630 †
575 550 647 630 Ego
671 547 831 611 Iohannes
855 549 1018 630 presbiter
1041 549 1214 612 cardinalis
1237 551 1285 611 tit.
1309 556 1422 610 sancte
1446 547 1621 610 Anastasie
1644 566 1684 607 ss.

532 637 551 717 †
575 638 646 718 Ego
670 636 828 701 Albertus
853 638 1013 720 presbiter
1035 637 1205 701 cardinalis
1228 638 1274 701 tit.
1299 639 1401 700 sancti
1425 637 1595 700 Laurencii
1617 637 1648 696 in
1671 634 1797 698 Lucina
1820 653 1862 694 ss,

532 728 553 804 's
576 729 649 808 Ego
674 725 865 790 Guillelmus
889 728 1052 809 presbiter
1074 728 1243 790 cardinalis
1267 729 1314 790 tit.
1338 727 1439 789 sancti
1462 726 1547 789 Petri
1572 726 1614 788 ad
1637 724 1777 788 Vincula
1799 743 1841 784 ss

533 816 552 896 †
575 816 647 898 Ego
672 818 760 879 Boso
784 816 944 898 presbiter
966 817 1137 880 cardinalis
1160 825 1270 880 sancte
1293 818 1496 879 Pudentiane
1519 817 1567 877 tit.
1592 815 1732 877 Pastoris
1755 833 1797 875 ss

532 905 552 986 †
576 905 648 987 Ego
672 903 830 968 Iohannes
854 907 1015 988 presbiter
1039 908 1211 969 cardinalis
1234 907 1280 969 tit.
1304 908 1406 969 sancti
1431 905 1533 968 Marci
1556 924 1597 967 ss.

532 993 552 1075 †
576 994 648 1076 Ego
672 994 863 1058 Theodinus
886 996 1046 1077 presbiter
1069 996 1241 1058 cardinalis
1263 998 1366 1059 sancti
1389 994 1506 1058 Vitalis
1529 996 1577 1055 tit.
1602 994 1738 1058 Vestine
1761 1011 1803 1053 ss

533 1085 553 1161 †
577 1086 649 1165 Ego
674 1084 863 1147 Manlredus
888 1085 1049 1167 presbiter
1073 1086 1243 1148 cardinalis
1266 1088 1314 1147 tit.
1338 1093 1450 1146 sancte
1475 1081 1594 1146 Cecilie
1618 1103 1660 1145 ss,

533 1173 553 1254 †
577 1173 649 1254 Ego
673 1174 786 1237 Petrus
810 1174 973 1256 presbiter
996 1175 1165 1237 cardinalis
1188 1177 1235 1237 tit.
1259 1182 1372 1238 sancte
1396 1172 1542 1236 Susanne
1565 1193 1606 1234 ss.

534 1262 650 1344 †Ego
673 1262 831 1327 Vivianus
862 1264 1022 1345 presbiter
1053 1264 1227 1327 cardinalis
1259 1266 1306 1326 tit
1330 1265 1433 1326 sancti
1458 1259 1617 1344 Stephani
1649 1263 1680 1323 in
1703 1259 1793 1324 Celio
1818 1263 1936 1321 monte
1960 1274 2002 1316 ss.

534 1354 554 1430 †
577 1352 650 1434 Ego
675 1350 821 1416 Cinthius
844 1353 1000 1415 diaconus
1023 1353 1196 1416 cardinalis
1219 1355 1322 1416 sancti
1346 1352 1484 1415 Adriani
1508 1371 1549 1414 ss.

533 1441 554 1523 †
577 1443 650 1524 Ego
674 1441 774 1523 Hugo
796 1443 951 1505 diaconus
975 1442 1147 1505 cardinalis
1170 1445 1272 1505 sancti
1297 1440 1463 1504 Eustachii
1485 1441 1575 1503 iuxta
1598 1437 1758 1520 templum
1779 1435 1935 1519 Agrippe
1960 1452 2002 1493 ss.

535 1532 555 1616 'e
578 1533 651 1612 Ego
675 1531 843 1594 Laborans
866 1540 978 1594 sancte
1003 1534 1106 1596 Marie
1131 1533 1161 1594 in
1186 1532 1313 1594 Porticu
1338 1531 1495 1594 diaconus
1519 1527 1689 1592 cardinalis
1712 1547 1753 1589 ss.

536 1617 555 1704 †
579 1620 651 1702 Ego
674 1621 855 1700 Raynerius
878 1623 1034 1684 diaconus
1059 1621 1231 1684 cardinalis
1254 1621 1355 1684 sancti
1380 1618 1512 1701 Georgii
1536 1621 1579 1681 ad
1599 1618 1718 1681 Velum
1749 1635 1884 1679 aureum
1911 1633 1954 1674 ss
1974 1609 2001 1694 ²)

483 1706 570 1772 Data
585 1710 744 1791 Anagnie,
768 1730 828 1792 per
845 1731 973 1773 manum
991 1709 1148 1784 Graciani‚
1171 1719 1283 1773 sancte
1300 1710 1447 1773 Romane
1464 1708 1600 1772 ecclesie
1616 1706 1807 1770 subdiaconi
1823 1714 1857 1767 et
1874 1703 2000 1768 notarii.

324 1811 411 1861 XVIII
427 1796 502 1860 Kal.
519 1799 614 1862 Febr.
653 1801 834 1863 Indictione
850 1815 896 1862 Ix.
934 1801 1164 1864 iucarnationis
1189 1801 1348 1863 dominice
1371 1820 1455 1862 anno
1479 1811 1634 1861 MCLIIIIV.
1681 1795 1895 1859 Pontificatus
1922 1813 2000 1856 vero

323 1889 437 1950 domni
461 1885 644 1952 Alexandri
669 1909 756 1971 pape
779 1905 817 1953 III
840 1910 926 1952 anno
948 1904 1023 1954 XVII
1041 1889 1078 1976 b).

482 2004 605 2067 Absclrrrfl
621 2019 675 2054 vom
693 2006 722 2051 16
738 2004 829 2067 Jahrb.
849 2004 889 2052 des
910 2003 966 2052 Cod.
985 2005 1036 2053 Vat.
1050 2004 1177 2067 3880fol.
1190 2006 1224 2054 22
1244 2005 1300 2054 und
1321 2003 1372 2052 Val.
1388 2005 1457 2051 6420
1464 2009 1491 2066 p.
1509 2003 1548 2062 13,
1567 2003 1593 2051 in
1611 2003 1654 2050 der
1672 2001 1734 2050 Br'bl.
1754 1999 1917 2048 Vaticanum
1929 1999 1999 2046 Rom.

483 2075 531 2124 Dr'e
548 2075 584 2124 bei
600 2076 652 2124 Del
675 2075 772 2124 Giudice
796 2074 943 2124 Descrisr'one
968 2076 1054 2124 delli.
1079 2076 1161 2140 Temp.
1184 2077 1211 2124 di
1234 2075 1353 2125 Momalc
1373 2075 1405 2122 II
1413 2081 1439 2137 p.
1460 2076 1501 2133 34,
1526 2075 1582 2122 und
1597 2073 1741 2138 Margarini
1763 2073 1831 2122 Bull.
1855 2070 1950 2118 Cotton.
1971 2068 2003 2116 II

322 2153 346 2208 p.
366 2147 417 2194 186
430 2147 559 2212 gcdnakte
580 2147 697 2196 Urhaende
714 2148 745 2194 ist
761 2147 811 2195 eine
828 2148 914 2196 madere
937 2149 975 2196 als
991 2148 1064 2208 diere,
1083 2148 1128 2196 wic
1151 2149 1188 2197 die
1211 2149 1340 2196 Variantm
1358 2147 1478 2196 bewcisen.
1514 2145 1551 2194 Es
1574 2161 1629 2194 war
1647 2145 1741 2195 desIalh
1759 2142 1901 2207 unrichtg,
1928 2156 2001 2189 rum

327 2215 406 2284 Jaffe',
425 2220 483 2284 Reg.
503 2219 579 2278 8332,
598 2219 659 2267 dr'ese
678 2218 762 2283 (pirri
779 2220 825 2269 Sic.
845 2219 899 2268 Suc.
922 2219 973 2282 lp.
994 2222 1054 2285 541)
1073 2220 1129 2269 und
1137 2221 1196 2284 jem
1214 2235 1351 2268 mammen
1369 2219 1432 2284 legte.

1071 2595 1253 2671 N1n253.

326 2725 512 2791 Alexander
526 2725 591 2790 III
601 2726 717 2806 beaust
717 2737 793 2810 ragt
813 2728 874 2792 den
891 2727 1081 2791 Erwc'z'ltlten
1097 2729 1165 2792 und
1182 2730 1243 2792 das
1258 2725 1469 2811 Domkapitel
1486 2747 1547 2789 von
1570 2722 1677 2803 Scina,
1700 2723 1804 2803 dasrir
1822 2743 1862 2786 au
1878 2741 2003 2804 surgen,

327 2817 406 2880 dass
420 2817 474 2880 die
492 2813 635 2880 Kamuln
649 2837 712 2880 von
727 2816 829 2881 Si'ena
848 2819 909 2881 das
925 2818 1059 2882 Kloster
1077 2817 1164 2882 Sant'
1187 2817 1361 2900 Ambrogr'o
1384 2818 1423 2880 di
1447 2818 1538 2880 Mont
1539 2814 1625 2878 icelli
1647 2773 1705 2894 (l).
1731 2808 1846 2890 Sz‘ena)
1869 2812 2002 2874 lteraus-

614 2905 717 2989 geben
737 2908 808 2970 und
824 2907 893 2971 siclt
901 2908 1055 2987 femerer
1069 2908 1282 2990 Bedru'ckung
1296 2929 1357 2971 von
1375 2905 1412 2970 K
1413 2905 1523 2970 zrclten
1537 2903 1711 2968 euthalten

927 3027 1010 3085 1176
1025 3024 1122 3086 Mlirz
1138 3027 1167 3086 8.
1212 3023 1346 3106 Anagni
1362 3027 1399 3108 ¹).

488 3162 679 3226 Alexander
709 3165 891 3246 episcopus
923 3185 1033 3229 servus
1064 3185 1231 3228 servorum
1261 3165 1322 3239 dei,
1353 3165 1480 3228 dilectis
1511 3163 1582 3226 filiis
1616 3162 1732 3240 electo,
1765 3157 1937 3246 preposito
1970 3167 2002 3222 et

330 3251 473 3332 capitulo
490 3249 635 3327 Senensi,
658 3254 796 3316 salutem
813 3262 846 3316 et
861 3255 1077 3335 apostolicam
1094 3255 1364 3318 benedictionem.
1410 3255 1539 3317 Dilecta
1563 3255 1594 3316 in
1610 3250 1741 3315 Christo
1763 3249 1826 3313 filia
1841 3257 1955 3312 nostra
1972 3299 2000 3312 ..

330 3340 495 3402 abbatissa
512 3350 544 3404 et
560 3362 688 3404 sorores
711 3343 1020 3430 sanctiAmbrosi(i)
1045 3345 1167 3406 Montis
1184 3343 1346 3419 CellensiS,
1370 3345 1559 3406 transmissa
1579 3341 1606 3428 0)
1637 3341 1731 3403 nobis
1755 3341 2000 3420 conquestione,

330 3438 549 3492 monstrarunt
568 3429 604 3516 d),
629 3433 718 3510 quod
743 3433 850 3495 dilecti
874 3432 930 3495 filii
955 3437 1057 3496 nostri
1081 3432 1229 3496 consules
1252 3435 1392 3496 civitatis
1408 3441 1513 3520 vestre
1537 3439 1646 3516 preter
1662 3431 1897 3512 possessiones
1922 3447 2000 3509 quas

330 3520 376 3580 eis
406 3520 453 3581 tn
451 3540 486 3582 ra
516 3520 676 3583 ambitum
708 3523 802 3584 castri
827 3520 975 3603 Quercus
1005 3543 1117 3604 grosse
1137 3521 1164 3606 e)
1194 3522 1411 3598 abstulerunt,
1445 3522 1486 3584 ad
1518 3521 1760 3603 possessiones,
1793 3539 1877 3600 quas
1911 3525 2000 3580 extra

330 3618 470 3671 castrum
495 3608 671 3702 habebant,
696 3631 760 3673 non
788 3621 862 3674 sunt
884 3614 976 3676 veriti
999 3611 1156 3674 violentas
1176 3610 1205 3696 f)
1235 3633 1348 3674 manus
1372 3611 1550 3674 extendere
1583 3618 1617 3672 et
1648 3629 1703 3672 eas
1736 3611 1768 3671 ln
1800 3628 1859 3690 sue
1892 3607 2001 3670 salutis

330 3698 510 3779 periculum
525 3675 693 3764 detinere.
741 3697 836 3776 Sane,
867 3705 894 3764 si
927 3703 1045 3764 iudicia
1077 3701 1129 3763 dei
1153 3710 1397 3782 cognoscerent,
1429 3699 1674 3762 ecclesiarum
1668 3717 1736 3761 rura
1766 3697 1910 3779 diripere
1940 3715 2001 3758 non

329 3794 537 3868 temptarent,
560 3789 617 3851 sed
642 3810 716 3852 cum
740 3791 881 3853 divinam
906 3791 1060 3854 ultionem
1081 3791 1251 3853 videantur
1275 3812 1335 3872 pro
1360 3789 1461 3852 nihilo
1485 3797 1645 3871 reputare,
1669 3786 1825 3850 adversus
1848 3785 2001 3848 ecclesias

315 3896 369 3938 ,ea
392 3897 471 3961 sepe
495 3879 709 3955 committunt,
734 3880 824 3959 quod
848 3881 1008 3954 timemus,
1032 3900 1072 3942 ne
1095 3881 1350 3962 indignationem
1376 3881 1426 3942 dei
1447 3880 1603 3941 adversus
1627 3899 1662 3940 se
1678 3877 1805 3959 gravius
1822 3882 2002 3958 provocent

331 3973 363 4027 et
386 3966 474 4029 inviti
504 3968 635 4030 demum
667 3989 732 4031 non
766 3970 834 4032 sine
864 3971 954 4052 gravi
985 3989 1071 4054 pena
1103 3968 1144 4032 ab
1177 3968 1363 4031 huiusmodi
1387 3969 1574 4031 excessibus
1605 3975 1782 4030 arceantur.
1835 3965 1919 4027 Inde
1946 3972 2000 4038 est,

330 4055 420 4134 quod
443 4057 632 4120 discretioni
655 4065 762 4143 vestre
785 4079 845 4141 per
868 4060 1048 4140 apostolica
1071 4061 1192 4139 scripta
1215 4058 1427 4143 precipiendo
1452 4058 1654 4132 mandamus
1679 4065 1837 4136 quatenus
1861 4053 2000 4140 prefatos

331 4145 480 4208 consules
498 4166 630 4211 monere
647 4149 765 4210 curetis
782 4157 815 4210 et
830 4148 1000 4230 diligenter
1016 4148 1177 4223 inducere,
1194 4156 1229 4209 ut
1244 4148 1359 4210 saltem
1377 4148 1601 4230 possessiones
1618 4147 1789 4230 prescripti
1806 4145 1999 4218 monasterii,

331 4254 412 4314 quas
436 4243 528 4298 extra
560 4237 774 4320 prescriptum
805 4246 946 4300 castrum
971 4247 1179 4320 occuparunt,
1213 4239 1400 4299 memoratis
1424 4237 1599 4312 sororibus
1629 4236 1784 4298 dilatione
1815 4241 1849 4296 et
1879 4243 2000 4296 contra·

331 4322 476 4386 dictione
506 4333 661 4400 cessante,
694 4328 864 4389 restituant
897 4336 930 4390 et
961 4329 994 4389 in
1025 4347 1108 4408 pace
1139 4333 1172 4388 et
1195 4329 1305 4407 quiete
1329 4327 1492 4388 dimittant
1531 4335 1566 4389 et
1594 4345 1660 4388 non
1692 4322 1797 4386 solum
1829 4323 1874 4386 ab
1906 4323 1999 4405 ipsius

331 4416 534 4488 monasterii,
566 4414 624 4476 sed
656 4417 753 4477 etiam
785 4415 827 4478 ab
860 4416 995 4479 aliarum
1027 4416 1234 4479 ecclesiarum
1266 4416 1506 4497 gravaminibus
1536 4423 1569 4477 et
1592 4412 1764 4487 molestiis,
1797 4413 1880 4474 sicut
1913 4431 1999 4474 suam

330 4500 469 4564 salutem
501 4502 636 4585 dlligunt
667 4511 700 4566 et
729 4502 897 4582 honorem,
930 4507 1060 4588 penitus
1091 4507 1332 4585 conquiescant
1379 4502 1413 4567 Si
1437 4525 1515 4567 vero
1546 4503 1676 4566 monitis
1700 4501 1814 4564 vestris
1844 4500 2000 4565 noluerint

330 4593 548 4672 acquiescere,
583 4595 662 4674 ipsis
690 4613 733 4656 ex
763 4603 856 4676 parte
887 4603 999 4658 nostra
1030 4603 1217 4658 constanter
1248 4602 1281 4656 et
1311 4593 1446 4656 firmiter
1468 4595 1671 4676 proponatis,
1702 4591 1802 4673 quod,
1835 4600 1999 4672 quantum·

331 4699 471 4759 cumque
495 4700 553 4744 eos
576 4681 821 4766 precordialiter
845 4684 1025 4767 diligamus,
1056 4685 1245 4746 memoratis
1276 4683 1441 4746 sororibus
1476 4685 1508 4746 in
1538 4703 1598 4745 suo
1631 4702 1696 4744 non
1727 4683 1909 4763 poterimus
1938 4681 1998 4743 iure

330 4769 455 4846 deesse,
479 4771 537 4832 sed
562 4773 671 4853 potius
695 4773 831 4836 eosdem
856 4774 1004 4837 consules
1028 4774 1069 4836 ad
1094 4772 1277 4836 ablatorum
1303 4773 1539 4836 restitutionem
1565 4792 1625 4854 pro
1649 4773 1751 4833 nostri
1777 4768 1873 4832 officii
1890 4769 1997 4833 debito

331 4858 576 4941 compellemus.
600 4895 643 4907 —
667 4861 789 4925 Datum
813 4863 974 4950 Anagnie,
998 4877 1061 4927 VIII
1085 4863 1131 4926 Id.
1156 4863 1272 4925 Martii.

490 4973 651 5041 AbsclrriflE
666 4976 693 5025 V.
707 4979 759 5028 143
771 4985 799 5042 p.
813 4980 855 5038 29,
874 4978 901 5029 r'n
919 4977 1037 5030 derBibl.
1053 4977 1169 5043 Clrr'gr'ana
1188 4993 1218 5025 zu
1235 4978 1297 5026 Rom
1302 4988 1313 5036 ;
1337 4976 1393 5026 und
1409 4977 1439 5026 B.
1459 4973 1500 5024 VI.
1520 4977 1560 5036 19,
1580 4975 1607 5026 in
1626 4975 1669 5024 der
1686 4973 1748 5024 Bibl.
1770 4973 1857 5026 Pubbl.
1876 4991 1907 5025 ru
1925 4974 1997 5026 Sr'ena.

490 5245 515 5304 a)
535 5241 582 5291 Die
600 5243 697 5308 Zeugcn
714 5244 750 5293 bei
764 5245 817 5293 Del
836 5245 936 5294 Gr’udice
953 5245 1023 5294 sind·
1041 5242 1180 5306 Hubatdus,
1199 5241 1347 5304 Bernardus,
1367 5242 1509 5292 Gnalterius
1527 5241 1628 5306 (Alban.
1642 5243 1704 5306 ep),
1723 5242 1856 5306 lohannes,
1876 5243 1998 5303 lohannes,

331 5312 488 5376 Guillelmus,
508 5315 584 5375 Boso,
603 5315 699 5378 Petrus,
718 5316 817 5365 Arditio
837 5317 967 5379 (diaconus
987 5316 1119 5367 cardinalis
1138 5315 1217 5363 sancti
1236 5314 1385 5375 Theodoril,
1404 5314 1511 5364 Vitellus
1525 5315 1655 5374 (diaconus
1673 5314 1807 5363 cardinalis
1826 5315 1906 5364 sancti
1918 5315 1989 5379 Sergii

330 5387 357 5451 b)
376 5385 421 5434 das
439 5385 533 5436 Datum
551 5387 586 5436 bei
602 5388 654 5437 Del
672 5387 785 5437 Gtiadice:
813 5390 880 5439 Data
898 5389 1034 5451 Ferentini,
1052 5404 1098 5453 per
1116 5401 1217 5434 manum
1237 5385 1351 5434 Gratiani
1369 5385 1460 5436 S.R.E.
1487 5386 1632 5435 subdiaconi
1652 5390 1676 5434 et
1702 5387 1798 5435 notarii,
1836 5387 1873 5436 III
1894 5387 1927 5436 Kl
1953 5387 1998 5435 lan.

329 5458 384 5506 Iud.
404 5457 474 5506 VIII.
510 5459 691 5508 Incamntionis
723 5460 849 5510 dominice
881 5476 946 5509 enno
975 5457 1142 5510 MCLXXlV.
1186 5456 1346 5506 Pontificatus
1371 5473 1432 5506 vero
1458 5458 1543 5506 domni
1567 5457 1704 5506 Alexandri
1728 5473 1770 5522 pp.
1796 5457 1832 5506 lII
1860 5473 1927 5508 anno
1947 5455 1998 5506 xVI

331 5530 356 5592 c)
366 5530 437 5593 fehlt
447 5525 518 5578 :32⁶3
610 5531 637 5599 d)
656 5533 803 5580 monstrarit
821 5533 847 5581 B
928 5537 953 5598 e)
974 5534 1087 5597 Quercus
1112 5542 1212 5593 grosses
1230 5531 1253 5577 Α
1337 5530 1357 5594 s)
1377 5529 1500 5579 violenter
1518 5530 1549 5578 B.
1569 5568 1620 5575 -
1641 5533 1676 5593 J)
1697 5529 1744 5578 Die
1764 5531 1918 5594 Jnhremhl
1930 5529 2001 5596 ergiebt

329 5600 381 5651 sich
398 5617 445 5650 cus
462 5601 516 5650 dem
534 5603 633 5663 electus,
658 5604 740 5652 womr't
761 5620 814 5654 nur
843 5603 966 5654 Grmtrom
985 5604 1018 5652 II
1032 5602 1137 5670 gemeint
1158 5601 1208 5651 sein
1231 5600 1306 5660 kann,
1328 5604 1518 5659 ute—118&
1536 5602 1593 5650 dass
1615 5614 1643 5649 er
1664 5608 1713 5649 crs!
1729 5601 1762 5650 im
1783 5601 1853 5666 fiori
1875 5603 1956 5651 electus
1967 5617 2001 5667 ge·

330 5672 443 5733 worden,
471 5673 503 5722 ist
522 5675 586 5724 nach
604 5689 705 5726 umerer
724 5675 842 5726 Urkrmde
859 5675 1099 5728 unwahrscheinlich.
