4126 6356
1670 323 1731 417 169

807 516 873 600 Nr.
906 523 989 602 158.

63 657 220 722 Hadrian
245 659 269 722 J
275 657 307 722 V
321 657 471 722 berichtet
491 657 564 720 dem
588 655 735 738 Biselwse
757 679 817 720 von
840 655 1042 740 Angoulime,
1072 657 1151 722 dass
1173 657 1234 722 der
1255 658 1397 738 Bisclzaf
1410 679 1471 721 von
1494 658 1644 740 Limoges
1667 658 1735 722 und

63 748 122 811 der
134 747 203 811 Aht
223 769 283 812 von
299 746 450 829 Solrgnac
465 745 524 824 (D.
542 747 709 828 Limoges)
730 746 800 812 siclt
825 748 859 810 in
882 748 956 811 dem
973 746 1090 811 Streite
1104 749 1264 812 awiscleen
1285 748 1358 811 dem
1375 747 1474 811 Prior
1494 768 1554 811 aon
1566 748 1732 831 Roncenay

64 837 131 900 und
143 835 307 918 Ar(nold)
322 837 362 900 de
380 835 491 899 Grada
514 857 624 918 wegen
646 837 707 900 der
722 835 844 901 Kirelze
866 857 926 900 von
942 837 1024 900 Fant
1043 835 1181 900 Cobrone
1194 838 1245 900 ab
1261 835 1514 900 Schiedsriciter
1534 859 1574 900 aa
1593 836 1733 900 Gunsten

65 927 119 990 des
133 937 278 990 ersteren
291 925 472 1010 geurtleeilt
493 925 613 1004 haben;
634 947 672 989 er
690 925 876 1008 beauflragt
896 925 963 1005 e'hn,
985 926 1046 989 den
1062 925 1159 990 Prior
1180 927 1242 990 mit
1254 927 1314 990 der
1331 923 1451 990 Kircke
1465 947 1505 990 au
1528 926 1675 990 beleknen
1693 929 1731 1004 ¹).

651 1043 733 1105 1155
740 1040 926 1126 September
940 1045 987 1104 11.
1021 1039 1153 1104 Viterba.

227 1159 393 1222 Adrianus
423 1159 606 1240 episcopus,
638 1178 748 1220 servus
776 1177 942 1220 servorum
973 1158 1034 1234 dei,
1058 1157 1234 1221 venerabili
1267 1158 1370 1232 fratri,
1404 1157 1643 1238 Engolismensi
1667 1158 1733 1238 epi-

66 1267 168 1328 scopo
187 1245 223 1332 ²),
256 1249 450 1310 salutemet
479 1248 695 1329 apostolicam
726 1247 1000 1310 benedictionem.
1056 1246 1335 1322 Controversiam,
1371 1267 1434 1328 que
1467 1248 1550 1309 inter
1581 1247 1734 1309 dilectum

66 1335 167 1398 filium
201 1347 366 1412 nostrum,
396 1338 538 1419 priorem
570 1337 611 1398 de
643 1336 862 1412 Ronciniac0,
894 1343 927 1398 et
956 1332 1155 1420 Ar(noldo?)
1186 1336 1227 1397 de
1259 1335 1370 1399 Gradu
1399 1357 1497 1417 super
1527 1335 1664 1422 ecclesia
1694 1335 1735 1397 de

67 1425 155 1488 sonte
188 1425 345 1490 Cobrone
376 1426 544 1489 retroactis
573 1425 777 1507 temporibus
806 1426 1007 1501 vertebatur,
1037 1426 1214 1488 venerabili
1246 1425 1333 1487 fratri
1365 1435 1477 1487 nostro
1509 1425 1735 1488 Lemovicensi

66 1514 228 1596 episcopo
246 1513 270 1600 8)
294 1527 328 1578 et
350 1515 463 1578 abbati
487 1515 755 1578 Sollemniacensi
772 1512 797 1598 ⁴)
821 1515 1042 1577 commisimus
1066 1514 1262 1577 audiendam
1286 1523 1327 1588 et,
1357 1515 1579 1595 appellatione
1602 1524 1736 1590 remota,

67 1603 129 1665 fine
153 1604 271 1666 debito
295 1605 542 1667 terminandam.
588 1605 736 1684 Utraque
759 1624 837 1667 vero
861 1614 954 1685 parte
984 1605 1017 1666 in
1050 1623 1162 1667 eorum
1195 1603 1359 1685 presentia
1391 1604 1575 1680 constituta,
1607 1623 1680 1666 cum
1704 1603 1736 1665 in

68 1694 166 1774 ipsius
184 1695 430 1756 examinatione
446 1694 574 1774 negocii
591 1695 680 1775 prior
694 1702 794 1756 testes
804 1693 903 1756 vellet
918 1693 1056 1756 idoneos
1072 1703 1104 1756 et
1120 1692 1317 1755 sufficientes
1333 1693 1522 1773 producere,
1540 1699 1738 1756 memoratus
1807 1735 1810 1741 -

67 1779 282 1866 Arlnoldusi)
314 1783 357 1845 ad
388 1793 532 1846 nostram
563 1783 762 1845 audientiam
794 1781 982 1863 appellavit,
1013 1783 1071 1845 sed
1095 1783 1161 1844 iam
1185 1782 1262 1844 dicti
1288 1781 1417 1856 iudices,
1450 1782 1614 1863 utriusque
1637 1782 1738 1864 partis

68 1871 257 1934 racionibus
287 1872 405 1934 auditis
438 1881 470 1934 et
503 1871 658 1954 cognitis,
698 1872 836 1934 testibus
869 1891 1016 1953 quoque,
1057 1873 1140 1934 sicut
1170 1892 1212 1933 ex
1243 1871 1357 1933 litteris
1387 1871 1565 1934 eorundem
1596 1871 1738 1934 iudicum

69 1960 243 2023 manifeste
266 1961 494 2043 comperimus,
519 1961 691 2042 diligenter
713 1961 908 2023 examinatis
932 1971 965 2023 et
988 1980 1061 2023 cum
1085 1961 1266 2022 iuramento
1283 1961 1450 2041 susceptis,
1473 1961 1622 2041 predicto
1639 1959 1738 2041 priori

69 2049 204 2136 ecclesie
238 2051 459 2112 investituram
489 2050 723 2113 adiudicarunt.
779 2049 948 2126 Ceterum,
982 2051 1058 2130 quia
1095 2049 1183 2112 idem
1221 2049 1310 2131 prior
1340 2051 1486 2111 nondum
1517 2057 1566 2112 est
1597 2050 1637 2111 de
1669 2049 1740 2130 ipsa

69 2139 207 2202 ecclesia
247 2139 430 2214 investitus,
468 2139 660 2202 iratemitati
691 2149 745 2201 tue
775 2159 835 2220 per
862 2139 1045 2220 apostolica
1075 2140 1196 2220 scripta
1227 2138 1435 2214 mandamus,
1475 2138 1626 2218 quatinus
1658 2137 1740 2199 infra

69 2239 114 2290 xx
137 2229 212 2291 dies
240 2237 317 2309 post
348 2228 590 2311 susceptionem
618 2229 816 2310 presentium
840 2228 1017 2290 litterarum
1050 2228 1157 2309 ipsum
1189 2229 1331 2309 priorem
1363 2227 1404 2290 de
1437 2227 1563 2309 prefata
1594 2226 1739 2300 ecclesia,

70 2319 259 2399 postposita
289 2319 379 2380 omni
410 2319 600 2394 occasione,
632 2317 794 2380 investias.
841 2313 875 2379 Si
905 2337 983 2380 vero
1014 2316 1192 2399 presbiter,
1226 2317 1280 2397 qui
1312 2317 1344 2378 in
1376 2317 1492 2379 eadem
1524 2327 1573 2379 est
1604 2315 1741 2403 ecclesia

72 2407 276 2483 constitutus,
310 2408 440 2470 duxerit
469 2407 705 2470 contumaciter
728 2406 944 2482 reluctandus,
977 2427 1052 2469 eum
1075 2407 1116 2468 ab
1142 2405 1251 2469 officio
1283 2405 1476 2468 sacerdotali
1506 2405 1686 2487 suspendas
1709 2414 1741 2466 et

72 2495 101 2557 in
124 2497 198 2577 ipsa
223 2496 362 2559 ecclesia
386 2497 496 2559 divina
519 2495 628 2559 officia
651 2497 836 2559 interdicas.
858 2529 902 2541 —
925 2496 1001 2560 Dat.
1023 2493 1161 2571 Viterbi,
1185 2512 1222 2556 111
1245 2495 1321 2557 Idus
1344 2490 1556 2577 Septembris.

232 2609 357 2673 Adscitis!
373 2626 428 2659 ven
451 2613 481 2660 12
505 2609 599 2675 Jairi.
618 2611 658 2660 des
679 2609 735 2659 Cad.
759 2609 834 2658 Oeae.
855 2611 905 2658 687
920 2616 948 2674 p.
970 2611 1010 2669 12,
1028 2609 1054 2659 in
1073 2610 1116 2658 der
1134 2609 1196 2658 Bibl.
1222 2609 1339 2658 Vaticana
1359 2625 1389 2656 ra
1407 2610 1475 2658 Rom.

75 2753 138 2802 ¹¹⁵8
183 2683 287 2802 ImDas
307 2681 377 2746 Jnhr
392 2682 469 2731 dieser
489 2681 607 2732 Urleunde
623 2682 655 2731 ist
671 2681 737 2731 nicht
753 2681 836 2741 si'cher,
854 2681 887 2731 sie
904 2681 990 2730 kinnte
1006 2681 1068 2730 nach
1087 2681 1139 2730 dem
1157 2682 1207 2730 mir
1222 2681 1256 2729 bis
1268 2681 1329 2745 jem
1351 2679 1517 2746 vorliegenden
1537 2679 1662 2729 Materiale
1679 2679 1741 2726 arech

151 2769 183 2817 ge
230 2769 267 2802 en.

816 3037 881 3112 Nr.
914 3040 999 3113 159.

73 3166 226 3233 Hadrian
243 3165 304 3231 IV
323 3167 473 3252 bestdte'gd
497 3167 571 3232 dem
595 3167 749 3249 Bischase
769 3168 894 3233 Lothar
916 3190 977 3233 von
1002 3169 1137 3252 Anagni
1158 3170 1212 3233 die
1227 3169 1464 3234 Besitatlzie'mer
1483 3169 1592 3234 seiner
1607 3167 1645 3233 K
1646 3167 1741 3244 r'rclee,

501 3256 621 3322 welche
642 3279 680 3321 er
700 3256 735 3321 e'n
757 3257 987 3343 apostolzkcleen
1010 3258 1128 3322 Schutz
1151 3261 1269 3323 nimmt
1283 3261 1318 3339 ὁ).

623 3376 706 3437 1155
722 3372 908 3458 September
923 3377 975 3438 30.
1009 3375 1188 3438 Ferentino.

232 3489 397 3554 Adrianus
426 3492 615 3574 episcopus,
646 3511 756 3554 servus
785 3511 951 3554 servorum
981 3491 1050 3567 dei,
1080 3490 1257 3555 venerabili
1289 3492 1375 3555 fratri
1399 3493 1542 3568 Lotari0,
1565 3493 1743 3575 Anagnino

74 3579 242 3662 episcop0,
264 3582 398 3662 eiusque
420 3581 662 3644 successoribus
686 3581 842 3643 canonice
865 3581 1107 3662 promovendis,
1132 3594 1170 3643 ΙΝ
1193 3593 1269 3642 ΡΡΜ.
1285 3615 1329 3627 -
1349 3579 1353 3666 Ι
1374 3582 1409 3644 ln
1434 3583 1588 3644 eminenti
1612 3595 1743 3665 aposto·

73 3668 130 3752 lice
152 3671 243 3732 sedis
273 3671 414 3752 specula,
439 3669 636 3752 disponente
659 3669 803 3745 domino,
828 3671 1004 3746 constituti,
1030 3671 1144 3733 fratres
1168 3680 1298 3734 nostros
1321 3671 1504 3752 episcopos,
1529 3682 1596 3734 tarn
1618 3675 1744 3737 vicinos

74 3777 168 3840 quam
198 3759 299 3842 longe
327 3761 471 3842 positos,
500 3759 635 3841 diligere
664 3767 696 3822 et
727 3759 886 3835 ecclesiis,
925 3760 1043 3840 quibus
1076 3759 1212 3822 domino
1244 3755 1396 3842 militalre
1428 3771 1620 3838 noscuntur,
1651 3783 1743 3826 suam

74 3847 232 3911 debemus
254 3849 409 3912 iustitiam
437 3869 638 3912 conservare.
684 3848 879 3930 Eapropter,
903 3848 1099 3912 venerabilis
1129 3849 1162 3910 in
1193 3847 1323 3912 Christo
1354 3848 1452 3912 frater
1484 3851 1648 3933 episcope,
1681 3854 1744 3915 tuis

74 3937 161 3999 iustis
189 3937 468 4020 postulationibus
499 3939 677 4000 clementer
706 3938 890 4012 annuimus,
922 3945 955 4000 et
984 3937 1081 4024 beate
1112 3937 1165 4000 dei
1195 3939 1360 4019 genitricis
1389 3959 1584 4024 semperque
1611 3943 1744 4024 virginis

76 4025 174 4111 Marie
205 4025 418 4110 Anagninam
454 4027 634 4102 ecclesiam,
667 4027 717 4089 cui
749 4026 813 4089 deo
844 4036 976 4089 auctore
1007 4047 1139 4108 preesse
1170 4027 1363 4102 dinosceris,
1403 4029 1444 4090 ad
1478 4030 1647 4112 exemplar
1673 4052 1744 4113 pre·

77 4115 284 4179 decessorum
314 4126 514 4193 nostrorum,
547 4116 649 4179 felicis
680 4117 837 4178 memorie
867 4113 1062 4200 URBAN1⁶),
1093 4117 1285 4179 PASCHALIS
1319 4125 1352 4179 et
1384 4115 1529 4200 Cnbttffl
1548 4115 1571 4204 ἵ)
1601 4121 1745 4196 secundi,

77 4199 323 4292 Rolmalnorum
346 4205 549 4288 pontificum,
580 4205 640 4269 sub
665 4205 754 4268 beati
778 4206 864 4267 Petri
889 4214 921 4268 et
945 4215 1056 4267 nostra
1079 4207 1284 4286 protectione
1307 4207 1499 4287 suscipimus
1531 4219 1564 4271 et
1586 4213 1745 4291 presentis

78 4295 183 4375 scripti
218 4295 389 4377 privilegio
420 4296 667 4358 communimus.
722 4294 919 4369 Statuentes,
953 4303 988 4356 ut
1019 4314 1241 4375 quascumque
1271 4296 1512 4377 possessiones,
1541 4318 1746 4380 quecumque

78 4381 162 4446 bona
184 4383 304 4447 eadem
328 4384 466 4448 ecclesia
489 4385 521 4447 in
545 4385 782 4466 presentiarum
805 4384 887 4446 iuste
910 4393 943 4445 et
971 4384 1129 4445 canonice
1156 4384 1304 4465 possidet
1335 4392 1391 4447 aut
1423 4387 1454 4447 in
1486 4386 1626 4450 futurum
1651 4391 1745 4451 ratio·

79 4471 238 4536 nabilibus
262 4473 368 4536 modis
392 4474 455 4536 deo
479 4474 624 4555 propitio
647 4473 770 4554 poterit
794 4473 939 4554 adipisci,
964 4471 1057 4534 firma
1081 4472 1140 4535 tibi
1165 4474 1294 4553 tuisque
1316 4475 1557 4538 successoribus
1574 4486 1606 4538 et
1622 4477 1747 4540 illibata

80 4571 299 4640 permaneant.
344 4563 381 4625 ln
405 4563 523 4642 quibus
551 4561 612 4650 hec
642 4562 784 4644 propriis
814 4561 966 4624 duximus
997 4563 1213 4642 exprimenda
1242 4563 1426 4626 vocabulis:
1467 4565 1572 4645 ipsam
1594 4567 1747 4630 videlicet

79 4647 250 4739 Anagniae
269 4649 296 4736 ⁸)
326 4652 498 4728 civitatem,
530 4651 691 4734 oppidum
722 4648 927 4726 Anticulum,
958 4651 1166 4726 Porcianum,
1197 4652 1357 4725 Acutum,
1389 4653 1533 4730 Pilleum,
1557 4655 1746 4732 Pullianum‚

80 4737 412 4816 Vicummorricinum,
443 4740 662 4822 Carpinetam,
686 4739 887 4815 Recinetam,
919 4741 1080 4815 Pramum,
1113 4741 1414 4821 Montemlongum,
1446 4741 1600 4825 Gorgam,
1624 4742 1746 4807 Villam

82 4847 239 4910 magnam,
271 4829 465 4905 Sculculam,
496 4828 687 4904 Vitalinum,
719 4829 883 4891 Murolum
914 4838 948 4891 et
977 4829 1126 4891 Montem
1163 4830 1204 4892 de
1234 4831 1334 4912 gravi.
1386 4830 1584 4894 Trevensem
1616 4854 1748 4915 quoque

83 4919 248 4982 ecclesiam
271 4919 330 4982 tibi
354 4929 549 5001 tuorumque
578 4937 801 4982 successorum
825 4918 893 4993 iuri,
917 4917 999 4980 sicut
1022 4938 1042 4979 a
1073 4919 1191 4981 nostris
1215 4920 1474 4982 antecessoribus
1504 4932 1660 4985 statutum
1691 4934 1749 4999 est,

82 5019 236 5089 perpetua
259 5007 443 5072 firmatione
474 5008 696 5072 contradimus
727 5025 801 5070 cum
826 5007 987 5080 omnibus,
1020 5028 1083 5088 que
1114 5008 1156 5070 ad
1186 5027 1258 5070 eam
1290 5009 1453 5089 pertinere
1483 5010 1566 5073 iuste
1589 5013 1748 5086 videntur,

84 5097 270 5179 municipiis
293 5098 328 5160 id
343 5107 394 5161 est
415 5095 686 5180 Vallepetrarum,
710 5096 867 5171 Filittin0,
892 5095 1016 5171 Germe,
1047 5094 1139 5159 Colle
1162 5097 1272 5172 altulo,
1305 5107 1416 5160 monte
1439 5099 1608 5176 Antolino,
1636 5113 1749 5165 monte

84 5181 237 5250 Porcario.
283 5187 498 5251 Decernimus
520 5206 608 5268 erge,
638 5197 673 5249 ut
696 5186 774 5249 nulli
799 5186 935 5249 omnino
959 5184 1129 5247 hominum
1154 5186 1258 5262 liceat,
1292 5186 1454 5267 prefatam
1483 5191 1652 5254 ecclesiam
1677 5239 1684 5253 .
1708 5239 1715 5253 .
1740 5239 1747 5253 .

204 5323 217 5328 -
226 5323 236 5328 -
243 5323 276 5328 ..η
281 5323 500 5331 ——u——a--n

236 5381 262 5444 ι)
280 5380 416 5447 arenga:
432 5382 598 5447 Anagninam.
622 5421 670 5426 .-
689 5383 724 5447 ,1)
750 5379 826 5446 Vergl.
852 5382 890 5430 die
911 5379 972 5430 Urk.
990 5395 1044 5427 von
1066 5382 1097 5428 12
1117 5379 1213 5442 August
1231 5381 1244 5425 1
1251 5379 1304 5428 1615.
1390 5396 1405 5431 2
1412 5406 1416 5436 ι
1436 5381 1511 5448 Hugo
1529 5383 1600 5433 dela
1618 5385 1750 5450 Rociesou.

86 5451 159 5510 totid,
184 5450 289 5517 Biseiof
306 5469 354 5502 von
370 5451 522 5520 Angorelime,
541 5467 561 5503 c.
581 5453 719 5502 nra-c.
743 5456 816 5502 1159.
898 5461 925 5516 3)
949 5451 1043 5502 Gerald
1058 5451 1086 5499 de
1107 5449 1174 5506 Clrer,
1202 5448 1304 5514 Biseiof
1322 5466 1369 5500 von
1388 5455 1504 5520 Limoges,
1528 5471 1549 5504 c.
1568 5460 1750 5507 1142-1177.

86 5525 111 5584 4)
131 5521 660 5591 GeraldIKAbtvonSolrgnac,bb1167.
717 5527 743 5588 5)
768 5524 892 5589 Vergl.die
904 5521 1210 5585 Urk.von1248eptenrber
1223 5523 1297 5570 1161.
1352 5524 1380 5587 6)
1394 5526 1751 5594 Urk.aom23.4ngnst1088.

88 5593 111 5654 7)
128 5594 192 5643 Dare
208 5595 320 5661 dirigens
342 5593 369 5644 in
393 5597 436 5646 der
463 5600 551 5662 langen
570 5593 736 5645 Zwiscieenaeit
752 5609 799 5643 aon
815 5595 896 5644 Calirt
912 5596 943 5644 II
956 5597 990 5644 bis
1008 5596 1059 5660 aas
1073 5593 1188 5643 Hadrian
1207 5592 1250 5640 IV
1262 5595 1394 5657 papsatcte
1412 5597 1558 5664 Priailegr'en
1581 5601 1668 5665 erfoigd
1688 5601 1750 5659 sind,

87 5663 164 5728 anibi
180 5665 230 5716 si'ct
249 5683 268 5715 ι,
286 5667 317 5717 B.
336 5683 383 5717 ans
395 5667 423 5718 F.
433 5669 527 5734 ymno,
547 5667 634 5717 Istare'et
651 5665 778 5732 d’Anagni
788 5673 815 5731 p.
830 5669 895 5716 107:
916 5667 1028 5716 Celestino
1047 5667 1081 5727 II,
1100 5664 1185 5714 denelee
1198 5671 1258 5728 paca
1274 5665 1364 5714 vivesse
1381 5671 1425 5718 nel
1434 5670 1580 5733 pontificato,
1599 5669 1687 5721 nostri
1704 5689 1752 5721 non

88 5734 173 5786 ὅπου
189 5740 216 5787 la
233 5754 278 5788 nea
294 5739 446 5804 propassione
462 5755 530 5789 verso
547 5745 630 5805 qrasta
648 5736 724 5786 chiesa
742 5741 956 5802 epersanalmente
978 5735 1169 5802 visitandolatl),
1198 5737 1220 5784 le
1237 5751 1341 5786 conasse
1363 5741 1445 5790 aleren’
1463 5741 1577 5792 esenn'emi
1600 5747 1640 5806 (ex
1656 5743 1752 5811 aerea).

135 5843 153 5872 ν.
168 5833 455 5888 attunt-arritum,
470 5835 526 5876 Acta
540 5835 582 5876 111.
1507 5833 1540 5872 22
