4126 6366
1688 320 1750 402 363

823 504 890 581 Nr.
918 509 1008 581 417.

76 635 229 702 Clemens
245 635 312 701 Ill
321 635 471 699 ermalrnt
493 636 556 699 den
571 635 778 717 Erebisclrof,
804 637 1114 728 denUArclridrizkon
1140 639 1210 704 und
1233 640 1351 723 Propst
1374 661 1435 703 von
1466 637 1577 704 Genua
1603 639 1673 704 und
1692 642 1755 706 den

71 727 197 813 Propst
209 746 272 792 von
287 724 390 789 Santa
405 724 521 789 Maria
535 725 575 789 di
594 725 733 790 Castello
756 728 789 789 in
809 727 947 808 Genaua,
970 727 1044 792 dem
1066 728 1208 811 heiligen
1224 728 1336 793 Lande
1349 750 1390 794 zu
1406 728 1516 808 Heilfe
1537 751 1578 794 zu
1600 730 1755 812 kommen,

647 815 794 880 woriber
806 838 844 880 er
859 815 1008 882 Neilreres
1024 815 1184 882 mitther'lt.

696 933 782 995 1188
797 933 880 996 Mai
891 935 947 996 27.
978 933 1135 997 Lateran.

237 1048 389 1112 Clemens
412 1049 598 1131 episcopus,
622 1069 733 1111 servus
757 1068 924 1113 servorum
948 1049 1010 1126 dei,
1034 1050 1210 1113 venerabili
1231 1050 1320 1113 fratri
1344 1101 1351 1113 .
1375 1099 1382 1113 .
1406 1051 1655 1135 archiepiscopo
1675 1051 1698 1138 ¹)
1721 1064 1755 1118 et

69 1137 204 1201 dilectis
221 1137 295 1203 filiis
311 1137 543 1201 archidiacono
567 1187 575 1201 .
599 1188 605 1200 .
629 1139 800 1220 preposito
816 1140 967 1203 Ianuensi
990 1148 1023 1202 et
1048 1189 1053 1202 .
1079 1190 1085 1202 .
1109 1149 1222 1202 sancte
1238 1139 1340 1202 Marie
1356 1139 1397 1202 de
1414 1139 1557 1206 Castello
1574 1145 1753 1225 preposit0,

69 1227 212 1291 salutem
238 1222 271 1290 et
295 1226 511 1309 apostolicam
535 1227 809 1291 benedictionem.
856 1229 964 1310 Quam
984 1230 1090 1310 gravis
1107 1239 1140 1292 et
1155 1228 1318 1292 horribilis
1334 1231 1569 1310 persecutionis
1585 1232 1753 1296 calamitas

70 1318 105 1379 in
131 1316 400 1380 Ierosolimitanis
423 1317 580 1398 partibus,
604 1317 828 1379 communium
844 1328 1054 1400 peccatorum
1078 1318 1285 1381 multitudine
1300 1318 1448 1396 faciente,
1472 1340 1576 1402 nuper
1591 1323 1753 1402 ingruerit,

68 1417 144 1468 tum
168 1427 211 1468 ex
235 1407 307 1488 ipsa
337 1407 509 1469 atrocitate
539 1406 632 1482 facti,
664 1406 755 1488 quod
787 1406 852 1470 iarn
884 1408 971 1470 lama
1001 1409 1254 1489 circumquaque
1285 1407 1453 1490 dispersit,
1486 1418 1556 1472 tum
1589 1411 1687 1474 etiam
1711 1432 1753 1473 ex

68 1495 199 1571 litteris,
224 1515 287 1577 que
310 1515 370 1578 per
392 1495 536 1558 diversas
560 1504 670 1577 partes
694 1495 783 1558 orbis
807 1515 905 1578 super
920 1497 984 1559 hoc
1001 1497 1129 1559 luerunt
1144 1497 1341 1573 transmisse,
1366 1497 1597 1562 discretionem
1612 1509 1753 1564 vestram

68 1604 142 1647 non
172 1584 334 1648 credimus
366 1585 524 1666 ignorare.
579 1584 718 1648 Interest
757 1593 867 1648 autem
917 1586 1095 1667 reipublice
1134 1586 1323 1660 christiane,
1363 1595 1398 1649 ut
1431 1587 1473 1649 ad
1503 1590 1753 1652 subventionem

69 1673 201 1736 illarum
224 1674 366 1756 partium
396 1683 464 1736 tam
488 1673 629 1736 maiores
653 1673 863 1736 ecclesiarum
886 1675 1011 1757 prelati,
1045 1695 1143 1756 quam
1167 1675 1267 1738 etiam
1299 1676 1441 1738 minores
1466 1676 1612 1760 diligenti
1636 1678 1752 1742 sollici·

67 1763 186 1825 tudine
209 1773 320 1845 partes
343 1783 420 1825 suas
436 1761 575 1825 fideliter
596 1765 813 1845 interponant,
839 1784 888 1840 ne,
912 1766 939 1826 si
957 1765 1040 1827 forte
1057 1764 1101 1827 illi
1116 1775 1201 1827 terre
1217 1774 1380 1846 oportuna
1396 1785 1463 1828 non
1479 1766 1573 1828 luerit
1589 1767 1753 1832 celeritate

68 1853 279 1928 subventum,
303 1852 473 1915 Ismahelis
489 1851 543 1916 illa
566 1852 690 1915 servilis
713 1873 752 1915 ac
776 1852 918 1916 nefanda
941 1855 1113 1936 proienies,
1138 1875 1202 1935 que
1225 1855 1290 1916 iam
1313 1855 1401 1936 cepit
1417 1855 1449 1916 in
1466 1855 1589 1918 eisdem
1605 1858 1752 1939 partibus

68 1941 271 2023 peculiarem
295 1941 511 2005 hereditatem
535 1940 660 2004 domini
684 1941 846 2005 hostiliter
877 1943 1043 2019 demoliri,
1073 1945 1188 2005 virium
1221 1962 1351 2006 suarum
1382 1944 1510 2006 interim
1542 1956 1752 2028 augmentum

68 2040 219 2094 assumat
241 2039 282 2106 et,
307 2031 339 2092 in
363 2052 422 2094 sua
445 2030 616 2113 pervalens
631 2032 784 2107 vanitate,
808 2041 921 2096 contra
937 2031 1039 2095 filium
1055 2033 1164 2108 libere,
1184 2031 1343 2114 populum
1359 2032 1510 2096 videlicet
1533 2035 1752 2112 christianum,

69 2118 163 2201 quod
188 2120 283 2196 absit,
308 2120 497 2183 calcaneum
520 2119 714 2183 insolentius
744 2123 855 2203 erigat,
879 2130 913 2184 et
936 2142 1011 2184 eum
1035 2124 1138 2185 acrius
1162 2130 1383 2204 persequatur.
1431 2120 1512 2185 Cum
1538 2125 1634 2206 igitur
1649 2125 1750 2206 ipsius

69 2209 332 2274 ierosolimitane
354 2220 455 2284 terre,
488 2209 572 2272 sicut
605 2210 637 2272 in
671 2230 735 2290 qua
759 2211 848 2274 Iesus
873 2210 1020 2274 Christus
1053 2212 1231 2274 humanum
1260 2231 1364 2292 genus
1394 2231 1453 2273 sua
1477 2222 1582 2276 morte
1605 2213 1751 2290 redemit,

68 2299 195 2362 iacture
232 2319 290 2362 seu
322 2299 534 2362 incommoda
564 2300 759 2380 generaliter
798 2301 991 2381 contingant
1029 2298 1231 2363 christicolas
1269 2301 1446 2375 universos,
1494 2301 1617 2383 placuit
1654 2303 1751 2366 nobis

68 2407 146 2450 cum
184 2387 323 2451 consilio
350 2388 486 2451 fratrum
521 2389 617 2451 vobis
648 2397 681 2450 et
710 2388 781 2451 aliis
810 2388 970 2470 religiosis
993 2391 1069 2452 viris
1100 2389 1142 2452 ad
1173 2389 1368 2452 destinanda
1398 2391 1544 2454 subsidia
1576 2392 1638 2473 ipsi
1668 2401 1752 2456 terre

67 2477 210 2559 dirigere
237 2477 359 2559 scripta
382 2485 503 2541 nostra.
549 2477 689 2540 Proinde
713 2498 867 2559 rogamus
889 2499 959 2554 vos,
982 2480 1194 2542 exhortamur
1217 2479 1249 2540 in
1273 2479 1408 2542 domino
1432 2488 1465 2542 et
1487 2501 1547 2561 per
1569 2480 1753 2562 apostolica

68 2568 195 2648 scripta
217 2567 420 2641 mandamus,
444 2567 598 2648 quatinus
613 2587 673 2630 vos
690 2567 752 2649 ipsi
769 2567 811 2630 ad
828 2587 1017 2630 succursum
1032 2567 1179 2631 eiusdem
1204 2568 1372 2650 provincie
1394 2578 1463 2631 tam
1480 2569 1511 2632 in
1528 2590 1751 2651 personarum,

68 2675 171 2737 quam
202 2675 307 2718 rerum
337 2657 494 2719 missione
526 2656 647 2720 auxilia
674 2657 898 2738 competentia
920 2658 1164 2733 transmittatis,
1195 2666 1230 2719 ut
1255 2657 1323 2733 alii,
1346 2677 1421 2720 cum
1444 2678 1504 2721 vos
1527 2659 1667 2721 viderint
1689 2661 1751 2723 hec

69 2754 216 2826 agentes,
248 2745 290 2808 ad
321 2745 514 2809 imitandum
544 2766 603 2807 vos
642 2745 796 2827 exemplo
828 2756 938 2809 vestro
976 2747 1100 2809 facilius
1132 2755 1360 2828 provocentur.
1415 2746 1589 2811 Subiectos
1620 2769 1752 2831 quoque

68 2843 199 2896 vestros
230 2833 406 2898 efficaciter
437 2834 598 2898 inducatis
629 2835 671 2896 ad
700 2835 766 2897 hoc
795 2835 903 2917 ipsum
936 2836 1115 2917 agendum,
1146 2845 1190 2912 ut,
1214 2855 1288 2898 cum
1311 2856 1371 2897 vos
1398 2844 1431 2898 et
1455 2837 1498 2898 illi
1523 2838 1604 2900 socii
1628 2837 1751 2901 fueritis

69 2924 245 3006 passionis,
269 2923 417 2986 debeatis
439 2943 521 2998 esse,
553 2923 833 3002 quemadmodum
859 2923 964 3004 inquit
986 2923 1169 3006 apostolus,
1200 2932 1232 2986 et
1256 2925 1431 3006 participes
1455 2926 1689 2989 consolationis
1712 2947 1751 2990 ac

69 3011 269 3076 remissionis
293 3011 387 3086 illius,
409 3031 474 3092 que
497 3011 780 3095 proficiscentibus
794 3013 1020 3076 lerosolimam
1035 3013 1086 3077 vel
1111 3033 1255 3095 congrua
1277 3013 1429 3095 suffragia
1459 3016 1751 3079 transmittentibus

70 3101 161 3184 prius
185 3121 204 3164 a
227 3101 315 3165 bone
331 3103 489 3165 memorie
506 3100 677 3184 Gregorio,
701 3103 937 3184 predecessore
960 3110 1082 3178 nostro,
1107 3112 1140 3166 et
1163 3104 1376 3186 postmodum
1400 3123 1418 3165 a
1443 3104 1538 3167 nobis
1555 3105 1752 3187 generaliter

70 3200 122 3254 ost
145 3191 281 3254 indulta.
326 3189 488 3254 Volumus
512 3199 630 3267 autem,
664 3199 698 3254 ut
721 3199 764 3267 tu,
788 3192 887 3255 frater
910 3191 1166 3274 archiepiscope,
1191 3192 1336 3266 clericos,
1369 3194 1424 3272 qui
1455 3201 1511 3255 tue
1535 3195 1750 3258 iurisdictioni

68 3279 261 3356 subsistunt,
283 3281 477 3345 auctoritate
498 3289 610 3344 nostra
633 3289 667 3343 et
688 3288 745 3344 tua
768 3280 955 3364 compellas,
980 3290 1014 3344 ut
1038 3282 1080 3344 de
1103 3282 1208 3357 bonis,
1232 3301 1297 3364 que
1313 3280 1444 3357 habent,
1467 3291 1552 3345 terre
1576 3283 1621 3347 illi
1636 3291 1750 3348 contra

69 3366 269 3433 Sarracenos
300 3390 366 3433 non
399 3370 551 3434 differant
579 3370 762 3434 subvenire.
816 3368 1001 3435 Constituas
1033 3390 1165 3453 quoque
1196 3391 1257 3452 per
1287 3371 1446 3435 diocesim
1476 3380 1566 3435 tuam
1613 3373 1749 3437 clericos

70 3460 243 3535 discretos,
266 3458 379 3524 fideles
404 3469 436 3523 et
459 3461 626 3542 providos,
651 3460 706 3541 qui
728 3461 956 3523 subventionis
979 3461 1151 3544 pecuniam
1176 3461 1323 3523 studiose
1352 3460 1508 3544 colligere
1542 3462 1686 3527 debeant
1716 3471 1750 3525 et

70 3568 145 3612 cum
179 3549 316 3613 consilio
348 3558 458 3613 vestro
491 3558 590 3630 atque
620 3550 758 3614 aliorum
791 3551 999 3632 prudentium
1030 3551 1188 3627 virorum,
1220 3548 1275 3612 ubi
1306 3570 1441 3614 necesse
1472 3551 1580 3625 luerit,
1611 3551 1750 3616 fideliter

70 3639 274 3720 dispensare.
320 3639 407 3704 Sane
438 3640 637 3720 quicumque
667 3659 744 3702 vere
768 3641 917 3722 penitens
941 3641 974 3702 in
997 3640 1132 3722 propria
1155 3658 1296 3721 persona
1324 3640 1418 3703 iverit
1456 3639 1532 3704 illuc
1563 3648 1597 3705 et
1620 3641 1663 3705 ibi
1687 3662 1748 3724 pro

71 3726 316 3792 christianitatis
339 3728 530 3792 defensione
552 3729 738 3813 perstiterit,
763 3730 988 3792 remissionem
1011 3727 1146 3792 habebit
1169 3729 1314 3792 omnium
1338 3737 1558 3811 peccatorum,
1590 3732 1645 3812 qui
1669 3750 1747 3794 vero

70 3819 113 3881 de
136 3817 236 3882 rebus
259 3820 325 3880 suis
349 3825 542 3900 competens
565 3817 746 3882 subsidium
773 3819 960 3893 direxerint,
990 3817 1033 3881 ad
1066 3826 1176 3900 partes
1207 3817 1340 3880 easdem
1372 3820 1440 3881 sive
1463 3839 1525 3901 pro
1548 3838 1584 3881 se
1606 3818 1748 3900 aliquem

72 3907 232 3981 miserint,
266 3908 322 3989 qui
354 3907 398 3970 ibi
429 3927 490 3989 pro
514 3905 675 3970 christiani
699 3907 812 3992 populi
837 3907 1031 3971 defensione
1054 3908 1177 3971 debeat
1197 3907 1372 3983 immorari,
1401 3909 1536 3972 arbitrio
1559 3916 1626 3985 tuo,
1650 3909 1750 3972 irater

71 3995 329 4079 archiepiscope,
360 3998 596 4060 committimus
628 3998 670 4060 de
701 3997 892 4061 remissione
920 4005 1148 4080 peccatorum,
1180 3997 1385 4060 considerata
1415 3997 1571 4078 qualitate
1610 4018 1750 4080 persone

69 4086 362 4168 subventionisque
377 4088 558 4167 quantitate
580 4096 728 4169 pensata,
750 4088 828 4169 ipsis
851 4106 928 4151 vere
951 4086 1173 4170 penitentibus
1195 4087 1417 4150 concedenda.
1464 4087 1622 4162 Preterea,
1646 4090 1750 4169 siqui

71 4183 147 4238 sunt
179 4176 263 4238 inter
298 4174 544 4258 proficiscentes
568 4175 661 4250 illuc,
694 4178 749 4257 qui
780 4177 822 4239 ad
856 4177 1050 4258 prestandas
1074 4195 1187 4240 usuras
1210 4184 1415 4240 sacramento
1439 4184 1593 4239 tenentur
1615 4178 1750 4252 astricti,

70 4265 253 4328 creditores
285 4285 397 4328 eorum
432 4265 590 4328 canonica
621 4285 758 4330 censura
788 4267 858 4328 sine
888 4265 1119 4348 appellationis
1150 4265 1388 4349 impedimento
1421 4266 1562 4348 cogatis,
1593 4274 1628 4328 ut
1652 4287 1752 4330 eosa

70 4361 280 4418 sacramento
311 4356 442 4436 penitus
474 4354 683 4418 absolventes
723 4355 767 4418 ab
805 4375 974 4418 usurarum
1006 4356 1138 4419 ulterius
1162 4358 1336 4419 exactione
1359 4355 1526 4418 desistant
1572 4352 1608 4418 Si
1632 4355 1751 4436 quibus

69 4463 151 4507 vero
177 4463 239 4525 pro
262 4443 418 4507 solvenda
441 4452 530 4507 sorte
559 4452 711 4508 tenentur
735 4453 769 4507 et
790 4445 833 4508 ad
857 4465 991 4527 presens
1015 4445 1104 4508 illam
1127 4443 1253 4508 solvere
1270 4453 1445 4527 nequeunt,
1467 4444 1627 4520 volumus,
1651 4453 1687 4508 ut
1709 4447 1752 4508 de

71 4534 339 4616 possessionibus
362 4541 417 4596 aut
436 4532 506 4597 aliis
522 4535 618 4598 bonis
634 4553 756 4609 eorum,
779 4533 954 4598 sufficienti
970 4537 1121 4598 cautione
1137 4542 1279 4617 recepta,
1302 4535 1464 4616 usquead
1481 4554 1594 4597 eorum
1612 4535 1752 4597 reditum

70 4622 134 4698 vel,
165 4624 193 4685 si
221 4622 268 4686 ibi
297 4621 383 4686 forte
406 4623 614 4698 decesserint,
646 4625 868 4706 receptionem
894 4625 996 4687 nuntii
1021 4625 1100 4687 certi
1122 4623 1166 4686 de
1190 4623 1283 4687 obitu
1306 4622 1475 4686 solutionis
1498 4625 1654 4686 terminus
1678 4645 1754 4707 pro·

71 4720 216 4795 rogetur,
239 4731 281 4775 ne
303 4710 491 4776 huiusmodi
516 4712 689 4776 occasione
712 4714 926 4776 commodum
950 4720 1018 4775 tam
1042 4714 1214 4777 necessarii
1238 4711 1303 4776 hoc
1318 4721 1470 4795 tempore
1486 4713 1609 4776 itineris
1625 4713 1754 4776 interim

71 4802 197 4866 debeat
220 4801 386 4877 retardari,
418 4803 461 4865 ita
485 4809 606 4878 tamen,
637 4810 673 4864 ut
695 4823 769 4866 cum
794 4803 959 4877 redierint,
981 4803 1050 4866 sive
1074 4823 1186 4866 rumor
1209 4811 1317 4866 certus
1347 4803 1528 4866 insonuerit
1567 4800 1609 4864 de
1648 4811 1754 4866 morte

72 4893 232 4974 ipsorum,
262 4891 416 4955 creditori
446 4890 489 4954 de
526 4899 616 4954 sorte
647 4893 751 4975 possit
781 4893 916 4955 demum
948 4891 1096 4956 satisfieri
1127 4901 1363 4975 competenter.
1407 4890 1548 4968 Verum,
1588 4893 1665 4971 quia
1695 4891 1754 4954 nisi

72 4981 229 5044 dominus
253 4989 364 5045 custos
387 4980 485 5044 fuerit
508 4982 655 5058 civitatis
679 4981 796 5045 frustra
817 4981 953 5064 vigilant
975 4981 1129 5045 custodes
1153 4981 1236 5045 illius
1266 5001 1327 5045 nec
1348 4980 1488 5063 proficit,
1512 4982 1614 5044 immo
1647 4979 1756 5044 deficit

73 5069 218 5133 humana
239 5069 382 5146 solertia,
404 5072 431 5133 si
455 5071 565 5133 divino
589 5070 684 5134 fuerit
706 5071 861 5154 suffragio
885 5070 1050 5146 destituta,
1075 5071 1330 5135 misericordiam
1347 5069 1399 5133 dei
1415 5069 1537 5133 sedulis
1553 5078 1630 5133 ante
1647 5073 1757 5133 omnia

74 5159 229 5243 precibus
246 5160 398 5223 invocare
414 5167 448 5222 et
463 5179 523 5242 per
538 5158 693 5224 ecclesias
710 5160 880 5243 predicare
896 5161 1014 5242 iugiter
1029 5161 1256 5236 invocandam,
1277 5168 1392 5224 utnon
1408 5160 1559 5222 attendat
1573 5159 1757 5240 iniquitates

73 5249 200 5332 populi,
229 5249 289 5311 sed
313 5247 383 5313 sola
406 5249 611 5312 miseratione
636 5249 789 5332 respiciat
811 5250 1028 5313 sanctuarium
1053 5270 1157 5329 suum,
1189 5258 1221 5314 et
1253 5270 1296 5314 ex
1327 5250 1396 5313 alto
1419 5257 1565 5312 sanctam
1590 5251 1756 5312 civitatem

72 5359 167 5402 suam
200 5346 329 5402 tueatur
367 5359 428 5402 nec
458 5358 531 5403 eam
563 5338 713 5403 nefandis
744 5340 893 5404 manibus
925 5340 1101 5423 impiorum
1133 5341 1347 5404 contaminari
1385 5339 1563 5421 permittat.
1610 5335 1757 5422 Saragitc

74 5429 184 5503 etiarn,
209 5435 252 5504 ut,
276 5427 474 5510 ubicumque
488 5428 572 5491 inter
593 5448 630 5492 se
646 5431 830 5511 repereritis
845 5428 1080 5504 discordantes,
1104 5449 1161 5492 eos
1178 5430 1220 5494 ad
1238 5449 1354 5513 pacem
1379 5427 1500 5492 bonam
1525 5435 1558 5490 et
1580 5428 1758 5492 animarum

74 5517 288 5582 concordiam
311 5516 541 5606 exhortatione
563 5526 619 5582 aut
641 5518 843 5584 districtione
872 5519 1029 5583 canonica
1061 5521 1230 5596 revocetis,
1261 5527 1305 5596 ut,
1336 5519 1460 5582 cunctis
1483 5516 1702 5582 simultatibus
1725 5525 1760 5581 et

316 5664 502 5677 -—-—-—-—-·-

239 5750 264 5812 1)
283 5746 358 5815 Ilugo
375 5747 439 5797 della
462 5747 536 5808 Μία,
557 5745 703 5813 Endirciof
713 5761 763 5797 verr
784 5746 878 5808 Genua,
901 5747 1068 5798 rsus-1188
1088 5743 1187 5814 (Juniis.
1514 5819 1548 5868 6,

1495 5833 1512 5882 4
