4126 6356
331 328 390 408 178

1067 509 1133 586 Nr.
1163 511 1248 586 167.

326 645 479 710 Hadrian
497 645 519 708 I
525 643 556 709 V
570 646 687 710 nimmt
706 644 769 708 das
793 641 924 706 Kloster
947 642 1019 708 San
1044 641 1153 707 Pietro
1178 665 1196 706 e
1222 643 1320 706 Paulo
1343 643 1383 706 di
1408 642 1539 706 Rimini
1561 643 1598 708 in
1616 641 1848 726 apostoltsclren
1880 640 2003 706 Schutz

692 733 761 798 und
778 731 930 815 bestdtigt
952 731 1021 795 ihm
1044 733 1131 796 scine
1153 733 1391 796 Besitatluimer
1411 733 1481 796 und
1502 731 1627 796 Rechte.

943 883 1028 944 1157
1041 881 1140 945 Mc'r‘rz
1156 887 1182 944 1.
1222 881 1370 944 Lateran.

483 1042 647 1106 Adrianus
664 1043 846 1124 episcopus,
871 1063 980 1106 servus
995 1062 1161 1105 servorum
1182 1041 1244 1117 dei,
1269 1041 1395 1104 dilectis
1422 1041 1494 1104 filiis
1510 1041 1652 1116 Andree,
1676 1041 1788 1104 abbati
1807 1039 2002 1104 monasterii

327 1133 498 1195 beatorum
524 1132 750 1213 apostolomm
781 1132 866 1195 Petri
897 1142 930 1194 et
952 1130 1040 1194 Pauli
1071 1133 1163 1194 iuxta
1193 1142 1328 1212 pontem
1362 1129 1582 1193 Marmoreum
1605 1129 1824 1192 Ariminensis
1857 1129 2002 1193 civitatis

325 1221 388 1301 siti,
403 1221 536 1301 eiusque
551 1219 703 1284 fratribus
718 1232 787 1283 tam
802 1220 1008 1303 presentibus
1024 1240 1123 1300 quam
1141 1221 1261 1295 futuris,
1283 1220 1463 1300 regularem
1479 1221 1580 1282 vitam
1596 1219 1760 1300 professis,
1776 1231 1816 1282 ΙΝ
1831 1233 1909 1282 ΡΡΜ.
1926 1253 1974 1263 -
1992 1213 1999 1302 Ι

325 1308 491 1389 Quoniam
514 1311 583 1372 sine
606 1329 680 1395 vere
703 1311 791 1372 cultu
815 1310 980 1391 religionis
1003 1329 1064 1372 nec
1086 1310 1229 1372 caritatis
1252 1310 1358 1371 unitas
1373 1319 1484 1390 potest
1504 1309 1680 1372 subsistere
1702 1328 1764 1371 nec
1786 1309 1851 1371 deo
1868 1319 2003 1390 gratum

326 1399 472 1461 exhiberi
496 1398 670 1473 servitium,
693 1400 829 1480 expedit
852 1399 1034 1480 apostolice
1056 1399 1249 1470 auctoritati,
1274 1399 1440 1478 religiosas
1467 1417 1624 1478 personas
1644 1393 1649 1481 )
1670 1397 1806 1480 diligere
1829 1408 1863 1460 et
1886 1415 2004 1460 earum

327 1489 400 1550 loca
428 1488 515 1550 sedis
545 1488 727 1569 apostolice
755 1489 940 1569 patrocinio
974 1489 1185 1550 communire.
1231 1483 1403 1566 Quocirca,
1436 1487 1544 1548 dilecti
1569 1489 1602 1549 in
1625 1487 1761 1549 domino
1785 1485 1852 1560 filii,
1881 1485 2004 1548 vestris

326 1577 416 1639 iustis
439 1576 714 1658 postulationibus
735 1587 863 1657 gratum
887 1579 1110 1658 impertientes
1132 1595 1308 1650 assensum,
1333 1575 1496 1656 prefatum
1520 1577 1760 1650 monasterium,
1791 1575 1883 1656 quod
1907 1575 2002 1638 beati

327 1665 411 1728 Petri
437 1666 512 1728 iuris
535 1665 645 1728 existit
669 1665 757 1727 etin
781 1686 847 1747 quo
871 1667 980 1730 divino
1004 1666 1182 1747 mancipati
1206 1665 1284 1728 estis
1307 1665 1477 1746 obsequi0,
1501 1665 1544 1726 ad
1567 1665 1737 1746 exemplar
1756 1664 2003 1746 predecessoris

326 1754 436 1830 nostri,
460 1755 548 1817 bone
571 1754 728 1816 memorie
751 1775 838 1836 pape
861 1756 1051 1829 iunocentii,
1075 1755 1135 1818 sub
1160 1755 1247 1818 beati
1275 1755 1359 1818 Petri
1383 1765 1417 1816 et
1440 1763 1551 1816 nostra
1573 1753 1779 1835 protectione
1802 1752 2003 1834 suscipimus

326 1854 359 1906 et
382 1844 540 1925 presentis
568 1843 680 1924 scripti
710 1844 880 1926 privilegio
908 1843 1155 1907 communimus.
1209 1843 1413 1919 Statuentes,
1445 1852 1481 1905 ut
1511 1861 1734 1923 quascumque
1760 1843 2002 1924 possessiones,

327 1951 532 2012 quecumque
554 1932 644 1994 bona
667 1931 754 1994 idem
778 1934 1011 1996 monasterium
1034 1933 1066 1995 in
1089 1933 1327 2014 presentiarum
1351 1933 1433 1994 iuste
1456 1940 1489 1994 et
1520 1931 1664 2014 legitime
1694 1931 1844 2014 possidet
1876 1941 1934 1993 aut
1969 1931 2002 1992 in

327 2021 467 2083 futurum
491 2021 703 2084 concessione
726 2021 928 2102 pontificum,
953 2023 1125 2105 largitione
1148 2041 1261 2102 regum
1283 2021 1335 2083 vel
1359 2022 1552 2103 principum,
1577 2020 1746 2084 oblatione
1769 2020 1917 2082 fidelium
1943 2039 2003 2082 seu

326 2110 397 2172 aliis
420 2110 510 2172 iustis
533 2111 639 2172 modis
678 2110 742 2172 deo
773 2106 942 2195 [prop]itio
973 2113 1095 2192 poterit
1123 2111 1277 2192 adipisci,
1311 2110 1405 2172 firma
1426 2110 1522 2173 vobis
1550 2110 1731 2190 vestrisque
1754 2109 2003 2172 successoribus

326 2210 359 2261 et
382 2197 507 2262 illibata
529 2210 750 2279 permaneant.
796 2200 831 2262 ln
856 2201 973 2283 quibus
996 2199 1057 2263 hec
1079 2201 1220 2282 propriis
1236 2200 1389 2262 duximus
1405 2199 1619 2280 exprimenda
1633 2198 1822 2262 vocabulis:
1861 2198 2004 2280 plebem

325 2288 428 2350 sancti
453 2287 584 2349 Martini
609 2288 650 2350 de
672 2287 859 2352 Burdunclo
890 2309 964 2352 cum
988 2289 1115 2371 capella
1144 2309 1203 2352 sua
1233 2299 1267 2351 et
1289 2289 1397 2362 terris
1428 2289 1517 2351 silvis
1545 2297 1579 2350 et
1609 2288 1762 2350 omnibus
1791 2288 2003 2369 pertinentiis

325 2376 398 2452 suis,
422 2386 546 2439 curtem
568 2377 669 2438 sancti
686 2378 869 2440 Paterniani
892 2378 925 2440 in
949 2379 1065 2441 eadem
1088 2377 1187 2460 plebe
1210 2398 1283 2441 cum
1307 2377 1460 2441 omnibus
1483 2378 1548 2439 suis
1571 2377 1779 2458 appenditiis,
1810 2387 1877 2439 tres
1905 2396 2003 2438 arcus

326 2465 367 2526 de
390 2475 493 2546 ponte
509 2466 695 2529 Marmoreo
719 2486 793 2529 cum
808 2468 908 2543 terris,
933 2469 1016 2530 casis
1040 2477 1074 2530 et
1093 2467 1241 2543 turribus,
1265 2477 1384 2529 terram
1401 2483 1532 2549 quoque
1547 2474 1659 2550 sancte
1674 2467 1825 2551 Romane
1849 2465 2001 2548 ecclesie,

325 2573 389 2634 que
412 2565 462 2616 est
484 2555 594 2636 posita
617 2555 707 2617 iuxta
729 2556 835 2637 ipsum
858 2565 1005 2637 pontem,
1029 2567 1062 2619 et
1085 2556 1185 2620 habet
1210 2577 1229 2618 a
1252 2557 1359 2637 primo
1383 2556 1483 2618 latere
1506 2564 1642 2637 pontem
1667 2556 1782 2636 ipsum,
1807 2575 1827 2616 a
1849 2555 2001 2616 secundo

324 2642 424 2706 latere
447 2653 594 2705 montem
618 2643 659 2706 de
682 2645 795 2719 Furca‚
820 2665 840 2706 a
861 2647 959 2710 tertio
983 2666 1082 2722 mare,
1107 2667 1126 2708 a
1150 2656 1265 2726 quarto
1289 2655 1407 2708 terram
1423 2644 1615 2707 Artinacam
1639 2663 1713 2706 cum
1737 2643 1881 2718 flumine,
1906 2641 2001 2724 quod

325 2732 401 2793 inde
416 2753 542 2794 currere
562 2733 739 2807 consuevit,
763 2733 934 2798 ecclesiam
950 2745 1062 2818 sancte
1079 2736 1181 2820 Mariq
1205 2735 1237 2796 in
1254 2734 1352 2797 Curte
1375 2753 1450 2797 cum
1473 2734 1595 2796 mansis
1617 2743 1650 2796 et
1673 2732 1908 2808 mansionibus,
1936 2751 2002 2818 quq

325 2821 433 2901 posita
461 2831 510 2883 est
540 2821 572 2884 in
595 2821 764 2884 Posterula
794 2822 922 2900 ducum,
954 2825 1097 2887 decimas
1128 2843 1261 2905 quoque
1292 2823 1439 2886 omnium
1472 2831 1629 2885 terrarum
1650 2833 1839 2896 vestrarum,
1871 2823 2002 2884 sicuta

324 2909 610 2989 predecessoribus
638 2911 756 2974 nostris
777 2911 874 2975 vobis
897 2932 1053 3000 concesse
1075 2923 1151 2976 sunt
1180 2923 1214 2976 et
1244 2913 1374 2994 scriptis
1404 2931 1516 2975 eorum
1547 2912 1685 2996 firmate.
1732 2911 1887 2975 Obeunte
1919 2929 2001 2973 vero

325 3005 366 3072 te,
399 3017 484 3060 nunc
515 2998 661 3061 eiusdem
692 2999 754 3062 loci
785 3001 915 3076 abbate,
946 3001 998 3064 vel
1028 3011 1158 3064 tuorum
1190 3001 1339 3083 quolibet
1367 3021 1605 3076 successorum,
1637 3000 1743 3063 nullus
1773 2999 1819 3062 ibi
1850 3000 2003 3081 qualibet

325 3087 536 3168 surreptionis
567 3089 686 3151 astutia
713 3110 769 3152 seu
800 3090 956 3154 violentia
982 3101 1192 3173 preponatur,
1225 3091 1284 3154 nisi
1315 3111 1412 3172 quem
1437 3091 1550 3152 fratres
1573 3090 1737 3152 communi
1763 3108 1925 3151 consensu
1950 3088 2003 3150 vel

325 3196 400 3257 pars
432 3176 556 3239 consilii
590 3177 726 3240 sanioris
758 3180 936 3242 secundum
969 3181 1020 3243 dei
1053 3181 1203 3243 timorem
1235 3191 1268 3242 et
1297 3180 1384 3242 beati
1416 3179 1586 3242 Benedicti
1618 3179 1762 3259 regulam
1794 3179 2003 3260 providerint

325 3264 521 3347 eligendum.
566 3266 780 3330 Decemimus
803 3289 891 3350 ergo,
924 3279 961 3332 ut
982 3269 1059 3332 nulli
1083 3270 1219 3332 omnino
1244 3268 1413 3332 hominum
1432 3267 1461 3352 ει)
1485 3288 1546 3330 nec
1569 3268 1728 3349 episcopo
1752 3267 1858 3341 liceat,
1889 3266 2003 3329 locum

325 3354 433 3435 ipsum
455 3364 577 3417 temere
599 3356 799 3435 perturbare,
823 3377 957 3438 gravare
980 3369 1036 3421 aut
1059 3358 1149 3421 bona
1171 3359 1240 3421 sive
1270 3358 1495 3440 possessiones
1518 3357 1618 3439 ipsius
1640 3357 1765 3419 auferre
1794 3356 1847 3418 vel
1871 3355 2003 3418 ablatas

325 3443 470 3518 retinere,
495 3443 638 3506 minuere
657 3463 714 3506 seu
738 3445 938 3526 quibuslibet
960 3447 1115 3510 indebitis
1136 3446 1368 3510 vexationibus
1389 3446 1441 3509 vel
1464 3446 1622 3508 molestiis
1646 3446 1790 3526 fatigare,
1814 3452 1866 3507 set
1887 3445 2004 3506 omnia

324 3531 450 3613 integra
474 3544 706 3595 conserventur
728 3553 850 3610 eomm,
882 3555 943 3617 pro
974 3556 1113 3617 quorum
1141 3536 1380 3618 gubernatione
1411 3547 1444 3598 et
1466 3533 1704 3597 sustentatione
1735 3554 1892 3596 concessa
1915 3544 2002 3608 sunt,

324 3621 436 3683 usibus
460 3621 659 3684 omnimodis
681 3623 858 3703 profutura.
902 3624 959 3687 Ad
991 3625 1147 3688 indicium
1175 3635 1300 3702 autem,
1334 3625 1424 3706 quod
1454 3624 1543 3686 idem
1574 3624 1664 3686 locus
1694 3624 1782 3685 beati
1806 3623 1892 3685 Petri
1925 3623 2003 3685 iun's

325 3710 460 3786 existat,
500 3710 674 3774 duodecim
706 3711 857 3775 denarios
887 3714 1063 3776 Luccensis
1103 3725 1234 3799 monete
1272 3714 1370 3777 nobis
1401 3714 1585 3796 nostrisque
1623 3711 1865 3775 successoribus
1904 3712 2003 3774 annis

324 3799 459 3880 singulis
482 3799 683 3880 persolvetis.
729 3799 765 3864 Si
790 3821 854 3882 qua
870 3802 966 3883 igitur
982 3851 988 3865 .
1006 3851 1013 3865 .
1031 3852 1037 3865 .
1061 3801 1194 3866 Cunctis
1211 3813 1318 3866 autem
1336 3852 1342 3865 .
1360 3852 1366 3864 .
1384 3852 1390 3865 .
1407 3802 1582 3865 inveniant
1621 3801 1736 3865 Αωεη.
1759 3799 1851 3863 A-m.
1875 3800 2000 3863 Amen.

535 3881 591 3972 (R)
614 3889 687 3970 Ego
709 3889 876 3952 Adrianus
900 3891 1061 3978 catholice
1083 3891 1220 3977 ecclesie
1243 3893 1419 3974 episcopus
1442 3912 1483 3954 ss.
1507 3887 1569 3974 (Μ)

535 3976 556 4055 'r
577 3977 651 4058 Ego
675 3976 813 4041 Cencius
835 3980 1021 4043 Portuensis
1045 3991 1078 4043 et
1100 3991 1213 4044 sancte
1236 3981 1355 4043 Rufine
1390 3975 1577 4064 episcopus]
1600 3999 1641 4042 ss.

536 4061 557 4146 †
580 4065 653 4147 Ego
677 4063 879 4152 Gdegorius)
902 4068 1092 4133 Sabinensis
1115 4070 1292 4152 episcopus
1313 4089 1354 4132 ss.
1390 4089 1416 4134 c.
1443 4068 1475 4154 5)

535 4189 580 4199 —
602 4151 623 4237 †
646 4155 720 4236 Ego
743 4155 916 4220 Hubaldus
939 4159 1101 4239 presbiter
1124 4159 1297 4221 cardinalis
1320 4160 1366 4221 tit
1391 4169 1504 4221 sancte
1527 4158 1685 4220 Praxedis
1707 4177 1749 4220 ss.

537 4238 558 4324 †
581 4244 654 4324 Ego
678 4245 868 4308 Manfredus
891 4246 1053 4328 presbiter
1074 4247 1247 4310 cardinalis
1270 4248 1318 4310 tit.
1342 4257 1454 4331 sancte
1477 4246 1597 4330 Savine
1619 4267 1660 4309 ss.
1684 4243 1725 4328 (c.
1749 4244 1783 4328 4)

537 4327 557 4412 'r
580 4331 654 4412 Ego
677 4329 835 4397 Serardus
855 4331 883 4418 b)
908 4335 1069 4416 presbiter
1085 4336 1258 4399 cardinalis
1282 4337 1330 4399 tit.
1348 4337 1450 4399 sancti
1472 4334 1499 4420 ε)
1515 4335 1641 4400 Stesani
1666 4335 1699 4397 in
1716 4334 1808 4398 Celio
1824 4344 1941 4397 monte
1958 4353 1999 4395 ss.

537 4453 581 4464 -
603 4417 623 4502 'r
647 4421 720 4502 Ego
744 4422 821 4485 Odo
846 4423 1003 4487 diaconus
1026 4425 1198 4488 cardinalis
1221 4426 1324 4488 sancti
1348 4425 1481 4506 Georgii
1506 4425 1547 4488 ad
1571 4423 1689 4487 Velum
1714 4419 1861 4508 aurieum
1883 4418 1939 4507 ss]

537 4503 557 4589 †
581 4509 654 4590 Ego
677 4511 838 4574 Rodulsus
861 4513 1018 4576 diaconus
1041 4513 1214 4576 cardinalis
1236 4525 1349 4577 sancte
1372 4513 1472 4577 Lucie
1496 4514 1528 4576 in
1552 4513 1656 4595 Septa
1678 4507 1771 4596 soli[s
1792 4507 1847 4597 ss]
1864 4508 1911 4596 (1)

537 4593 558 4678 †
581 4595 654 4678 Ego
677 4599 817 4663 iacintus
840 4601 997 4665 diaconus
1020 4603 1193 4666 cardinalis
1216 4614 1328 4666 sancte
1351 4602 1455 4666 Maric
1478 4604 1511 4664 in
1535 4602 1727 4684 Cosmydyn
1752 4596 1819 4688 [ss]
1842 4597 1889 4685 (2)

538 4681 558 4767 †
581 4687 654 4768 Ego
677 4687 810 4751 Arditio
834 4690 990 4754 diaconus
1014 4693 1187 4756 cardinalis
1211 4693 1315 4755 sancti
1339 4691 1506 4754 Theodori
1531 4685 1597 4776 [ss]
1621 4687 1668 4775 (1)

485 4773 561 4836 Dat
577 4776 739 4852 Laterani,
763 4798 824 4859 per
845 4799 979 4842 manum
995 4779 1146 4857 Rolandi‚
1170 4791 1281 4844 sancte
1297 4781 1448 4844 Romane
1470 4780 1607 4844 ecclesie
1629 4778 1800 4860 presbiteri
1825 4779 2000 4842 cardinalis

326 4870 360 4923 et
382 4862 572 4925 cancellarii.
611 4863 665 4926 Kl.
682 4866 776 4928 Mart.
815 4868 996 4932 indictione
1012 4885 1045 4932 v.
1085 4870 1320 4934 incarnationis
1342 4870 1508 4933 dominice
1523 4889 1611 4933 anno
1627 4879 1746 4932 Mchl.
1784 4867 2000 4933 Pontificatus

326 4970 405 5013 vero
430 4951 543 5014 domni
567 4953 706 5016 Adriani
730 4974 786 5036 pp.
810 4969 862 5019 1111
887 5004 893 5019 .
919 5005 926 5019 .
951 5008 957 5021 .
983 5007 990 5022 .

488 5063 531 5115 Or.
550 5065 708 5126 (Anorncla'o
726 5070 741 5117 1
759 5067 844 5118 Marso
864 5073 950 5134 1166),
970 5072 1002 5122 im
1020 5071 1135 5121 Archivrb
1152 5071 1180 5122 di
1195 5073 1262 5122 Staio
1278 5089 1309 5122 su
1326 5074 1415 5124 Lucra.

466 5136 557 5218 'Perga
573 5139 634 5198 ital,
659 5139 693 5188 br.
714 5141 799 5200 O,585,
826 5144 887 5207 lang
904 5144 986 5204 O,655,
1011 5151 1085 5192 untm
1103 5145 1165 5204 0,03
1182 5145 1371 5211 umgescilagen,
1397 5146 1474 5195 durch
1496 5146 1554 5195 zwei
1569 5147 1661 5196 deher
1675 5145 1736 5212 ging
1759 5146 1796 5195 die
1815 5143 1998 5204 Seidenschm,

326 5206 412 5256 welche
435 5213 480 5255 mr!
496 5209 549 5258 dem
567 5210 692 5275 Bler'n'egel
710 5213 830 5272 verlorm,
857 5213 966 5282 Fallung
991 5215 1033 5264 der
1050 5215 1147 5267 Bullen.
1188 5215 1262 5265 Urber
1276 5217 1421 5282 Ringkreur,
1449 5217 1507 5267 Um-
1532 5217 1588 5267 und
1607 5217 1773 5283 Untersclm'st
1796 5217 1876 5266 nicits
1894 5217 2000 5266 Sicana

325 5295 355 5326 ru
372 5293 452 5344 sagm.
489 5279 619 5346 Datinmg
634 5297 689 5330 vom
708 5281 997 5349 Hauptktr'rperschreiber,
1023 5287 1068 5336 das
1085 5287 1108 5335 R
1124 5287 1234 5336 Rolandr
1250 5289 1295 5336 mit
1312 5289 1442 5338 dunklerer
1458 5291 1533 5338 Dinte
1557 5291 1706 5356 eingelragen
1751 5290 1799 5337 Die
1818 5289 1998 5355 Zeugmfimrn

325 5349 432 5400 scirtium
456 5366 504 5400 von
517 5351 622 5418 gleicher
639 5353 722 5412 Dinte,
736 5361 860 5420 grtsseren
882 5357 962 5407 Theils
978 5359 1041 5408 arech
1066 5373 1113 5406 von
1138 5359 1181 5408 der
1202 5360 1338 5410 ndnrlichm
1356 5359 1435 5410 Hand
1458 5361 1630 5412 turmatim.
1670 5362 1750 5410 Unten
1773 5361 1851 5410 rectis
1869 5361 1907 5410 rin
1926 5361 2000 5410 Steti

326 5437 380 5470 vom
401 5423 556 5488 Pergamena
572 5424 753 5490 algesctrurtm.

486 5705 511 5770 a)
530 5699 589 5748 hom
610 5737 615 5750 .
636 5739 641 5750 .
662 5737 667 5748 .
687 5717 712 5749 m
731 5703 782 5768 aus
796 5705 879 5752 Rasur
950 5705 976 5771 b)
996 5706 1057 5754 Sera
1075 5705 1127 5771 aus
1140 5707 1229 5765 Rasnr,
1249 5705 1291 5755 lies
1309 5707 1333 5756 G
1351 5709 1443 5759 staltS
1515 5711 1539 5776 c)
1558 5709 1670 5776 kom'gr'rt
1687 5726 1733 5758 aus
1750 5725 1774 5759 e.
