4142 6366
322 333 386 402 230

320 511 409 590 quod
433 511 515 574 deus
537 519 670 586 avertat,
702 531 767 574 non
791 518 905 593 posset
927 509 1131 592 aliquatenus
1155 514 1285 576 evitare.
1333 511 1418 594 Quia
1441 513 1536 594 igitur
1563 513 1714 577 nolumus
1744 536 1806 580 nec
1829 515 1994 578 debemus

319 600 391 674 hec
404 601 585 664 incorrecta
609 600 800 680 relinquere,
824 602 925 675 vobis,
948 601 990 663 de
1006 621 1145 680 quorum
1163 603 1333 684 prudentia
1350 611 1383 666 et
1397 601 1570 665 honestate
1587 602 1761 684 plurimum
1782 604 1992 680 confidimus,

319 691 489 752 veritatem
513 710 611 773 super
633 689 684 752 his
708 692 943 753 committimus
968 691 1204 770 inquirendam,
1235 693 1421 756 discretioni
1445 702 1552 755 vestre
1582 712 1642 774 per
1664 693 1846 775 apostolica
1869 695 1994 775 scripta

321 779 529 856 mandantes,
562 787 722 860 quatenus
754 780 795 843 ad
828 779 1012 861 predictum
1043 781 1276 844 monasterium
1306 783 1426 864 pariter
1456 782 1620 844 accedatis
1651 791 1684 844 et
1714 785 1757 846 de
1780 791 1867 845 statu
1890 783 1994 865 ipsius

319 867 455 931 sollicite
477 869 715 950 investigantes,
747 867 915 930 monachis
939 869 1086 932 eiusdem
1109 869 1174 932 loci
1205 877 1399 934 auctoritate
1429 879 1540 933 nostra
1571 870 1706 934 firmiter
1728 874 1912 955 iniungatis,
1948 879 1993 946 ut,

320 959 410 1018 omni
432 959 537 1039 gratia
560 967 593 1020 et
615 961 734 1020 timore
757 959 957 1041 postposito,
979 959 1074 1020 vobis
1097 961 1216 1023 exinde
1239 963 1360 1024 nudam
1384 969 1417 1022 et
1439 959 1621 1042 simplicem
1645 963 1817 1025 veritatem
1841 963 1997 1043 aperiant

320 1066 475 1110 neceam
500 1049 532 1109 in
555 1049 736 1109 animarum
758 1067 887 1110 suarum
912 1047 1090 1129 periculum
1114 1052 1249 1112 reticere
1272 1057 1469 1132 presumant.
1513 1048 1647 1124 Verum,
1677 1053 1703 1112 si
1732 1052 1775 1114 ad
1804 1052 1993 1134 predictum

320 1137 551 1198 monasterium
575 1138 733 1199 accedere
756 1158 820 1198 non
844 1137 998 1219 poteritis,
1022 1137 1161 1200 electum
1185 1147 1218 1201 et
1241 1137 1429 1214 monachos,
1453 1159 1536 1219 quos
1560 1140 1662 1222 magis
1685 1141 1727 1203 ad
1747 1140 1811 1203 hoc
1835 1140 1995 1203 noveritis

319 1226 485 1308 expedire,
517 1245 661 1308 congruo
692 1225 767 1289 loco
791 1227 832 1288 ad
856 1229 1053 1307 presentiam
1077 1235 1218 1290 vestram
1244 1230 1430 1292 convocetis
1462 1236 1502 1302 et,
1534 1226 1651 1291 horum
1674 1232 1811 1292 veritate
1834 1231 1995 1309 inquisita

319 1315 444 1395 plenius
468 1323 502 1377 et
524 1317 663 1397 cognita,
696 1335 760 1394 que
784 1317 976 1396 corrigenda
999 1316 1125 1390 luerint,
1159 1319 1335 1380 commissa
1356 1317 1450 1380 vobis
1481 1319 1675 1381 auctoritate
1705 1319 1773 1381 sine
1804 1319 1890 1381 omni
1916 1337 1996 1400 per-

318 1424 470 1466 sonarum
488 1407 689 1486 acceptione,
712 1405 934 1487 appellatione
950 1414 1084 1480 remota,
1101 1407 1268 1488 corrigatis
1284 1407 1437 1470 scelerius
1454 1415 1487 1469 et
1502 1408 1683 1470 emendetis
1707 1418 1741 1471 et
1757 1409 1995 1470 monasterium

320 1495 425 1574 ipsum
451 1495 483 1554 in
507 1494 675 1575 pristinum
699 1503 819 1557 statum
851 1496 1010 1557 studeatis
1040 1496 1148 1558 modis
1182 1496 1331 1558 omnibus
1362 1496 1539 1560 reformare
1570 1504 1603 1559 et
1633 1497 1755 1560 ibidem
1783 1498 1935 1576 antiquas
1962 1505 1997 1559 et

319 1580 526 1644 rationabiles
550 1592 677 1665 patrum
700 1583 918 1646 institutiones
935 1592 968 1646 et
983 1583 1139 1647 honestas
1155 1587 1255 1667 ipsius
1271 1584 1335 1648 loci
1353 1586 1606 1648 consuetudines
1622 1586 1746 1649 faciatis
1763 1585 1998 1649 inviolabiliter

319 1670 493 1733 observari.
538 1673 648 1746 Porro,
681 1676 707 1734 si
731 1674 959 1754 cognoveritis,
983 1674 1073 1754 quod
1097 1673 1184 1736 idem
1214 1676 1446 1738 monasterium
1479 1675 1603 1754 absque
1632 1676 1798 1738 amotione
1828 1675 1926 1737 electi
1962 1683 1997 1736 et

319 1762 524 1839 quorundam
548 1759 782 1824 monachorum
812 1761 978 1824 reformari
1009 1783 1075 1824 non
1106 1763 1218 1845 possit,
1248 1771 1315 1826 tam
1347 1765 1454 1845 ipsum
1487 1763 1636 1839 electum,
1667 1785 1765 1847 quam
1797 1763 1996 1836 monachos,

319 1867 401 1926 quos
424 1850 566 1912 videritis
589 1851 800 1924 amovendos,
824 1852 911 1913 omni
934 1853 1107 1914 occasione
1130 1860 1165 1913 et
1179 1853 1400 1935 appellatione
1416 1860 1550 1930 remota,
1575 1873 1728 1916 amovere
1743 1874 1808 1915 non
1824 1853 1996 1928 differatis,

319 1947 353 1999 et
375 1937 503 2000 aliunde
527 1959 684 2021 personas
708 1940 841 2003 idoneas
865 1942 1012 2003 eiusdem
1037 1942 1160 2003 ordinis
1184 1949 1218 2004 et
1240 1941 1395 2005 honestas
1415 1943 1537 2005 ibidem
1554 1943 1750 2006 substituere
1765 1943 1816 2017 ita,
1841 1951 1877 2004 ut
1898 1943 1994 2004 idern

319 2029 549 2090 monasterium
574 2048 633 2111 per
655 2029 797 2091 studium
822 2037 855 2091 et
877 2029 1129 2093 sollicitudinem
1153 2039 1294 2093 vestram
1318 2032 1349 2092 in
1372 2053 1432 2094 suo
1455 2039 1542 2094 statu
1557 2031 1779 2108 reformatum,
1802 2030 1868 2094 leta
1883 2033 1997 2113 possit

318 2123 385 2177 tam
409 2117 440 2178 in
463 2118 692 2198 spiritualibus,
723 2137 823 2197 quam
845 2118 876 2180 in
898 2119 1134 2201 temporalibus
1156 2120 1356 2183 incrementa
1387 2123 1557 2203 percipere
1587 2130 1621 2184 et
1643 2128 1751 2183 vestre
1784 2121 1996 2183 discretionis

318 2205 491 2285 prudentia
514 2208 635 2269 debeat
658 2227 699 2270 ex
722 2205 794 2280 hoc,
827 2213 894 2270 tam
926 2209 1013 2290 apud
1046 2210 1153 2283 deum,
1186 2229 1284 2292 quam
1315 2213 1404 2292 apud
1427 2210 1578 2273 homines
1608 2232 1673 2273 non
1703 2212 1869 2273 immerito
1901 2229 1995 2273 com-

319 2294 540 2358 mendabilem
564 2316 731 2378 apparere.
755 2332 799 2342 -
821 2296 897 2359 Dat.
921 2297 1105 2360 Tusculani.

476 2410 601 2477 Abschm'fl
617 2427 672 2462 vom
692 2412 724 2460 13
745 2411 837 2478 Jahrb.
856 2412 895 2461 des
917 2411 973 2463 Cod.
997 2413 1048 2462 Vol.
1069 2414 1138 2464 6024
1151 2420 1178 2479 p.
1202 2415 1260 2474 150,
1279 2413 1366 2464 luder
1382 2412 1445 2464 Bill.
1469 2413 1585 2463 Vaticana
1602 2430 1632 2463 su
1650 2416 1719 2462 Rom.

1060 2726 1126 2801 Nr.
1155 2729 1243 2801 228.

318 2855 502 2920 Alexander
518 2856 583 2920 III
593 2857 740 2940 bestdtigt
752 2856 824 2919 dem
841 2857 990 2938 Bisclzose
1012 2856 1140 2939 Offredo
1153 2879 1214 2921 uon
1235 2857 1399 2937 Cremona,
1424 2859 1486 2922 den
1502 2857 1753 2942 Sclriedsspmclr
1768 2859 1825 2922 des
1841 2859 1994 2941 Bisclrajs

317 2967 377 3009 uon
399 2943 530 3009 Brescra
557 2948 590 3010 in
612 2947 715 3010 einem
738 2945 854 3010 Streite
875 2948 1119 3011 minumum
1135 2947 1204 3010 und
1223 2948 1296 3012 dem
1314 2948 1447 3031 Propsle
1468 2969 1529 3011 uon
1549 2949 1679 3012 Pontita
1701 2949 1936 3031 (D..Brescio)
1956 2954 1993 3036 ¹).

837 3081 1077 3168 1171-(1172)
1092 3083 1195 3146 Mare
1217 3085 1245 3145 6.
1284 3081 1465 3146 Tusculum.

476 3212 669 3276 Alexander
692 3213 874 3297 episeopus,
898 3235 1009 3278 servus
1032 3236 1200 3279 servorum
1216 3218 1279 3290 dei,
1302 3216 1479 3280 venerabili
1496 3216 1585 3278 fratri
1602 3213 1748 3292 Offredo,
1773 3216 1992 3282 Cremonensi

318 3303 477 3386 episcopo
494 3300 527 3388 ¹),
558 3301 696 3365 salutem
727 3311 760 3365 et
791 3305 1005 3386 apostolicam
1029 3305 1301 3369 benedictionem.
1347 3305 1403 3380 Ea,
1433 3325 1497 3385 que
1530 3305 1768 3387 compositione
1790 3304 1843 3369 vel
1871 3309 1992 3370 iuditio

316 3391 536 3467 terminantur,
568 3393 599 3455 in
625 3412 683 3454 sua
707 3393 830 3456 debent
856 3394 1033 3457 stabilitate
1057 3396 1234 3458 consistere
1266 3405 1306 3470 et,
1338 3414 1379 3458 ne
1410 3394 1631 3475 quorumlibet
1660 3397 1907 3478 presumptione
1933 3399 1992 3459 im-

318 3483 433 3543 mutari
457 3480 594 3556 valeant,
618 3482 802 3564 apostolico
827 3483 1002 3546 munimine
1024 3485 1178 3546 roborari.
1226 3483 1305 3546 Inde
1321 3492 1381 3558 est,
1406 3485 1505 3567 quod,
1529 3485 1592 3545 tuis
1607 3484 1696 3545 iustis
1712 3485 1994 3566 postulationibus

317 3571 461 3652 benigno
485 3571 592 3634 animo
623 3580 811 3647 annuentes,
844 3573 1043 3634 diffinitionis
1073 3575 1278 3648 sententiam,
1309 3593 1407 3652 quam
1431 3573 1622 3636 venerabilis
1653 3573 1752 3636 frater
1775 3582 1895 3648 noster,
1920 3575 1994 3638 Bri·

316 3660 434 3722 xiensis
467 3663 642 3742 episcopus
658 3659 693 3746 ³),
724 3682 823 3744 super
854 3682 959 3736 causa,
993 3683 1057 3745 que
1087 3665 1170 3725 inter
1199 3669 1233 3724 te
1263 3672 1297 3724 et
1319 3663 1550 3726 Pontidensem
1582 3662 1722 3744 priorem
1754 3683 1853 3744 super
1882 3664 1993 3727 tribus

316 3750 462 3831 partibus
485 3750 614 3812 decime
641 3751 779 3813 duarum
813 3760 981 3833 portarum
1005 3751 1162 3833 Morengi,
1194 3750 1401 3815 occidentalis
1433 3751 1557 3814 scilicet
1588 3758 1621 3812 et
1651 3753 1923 3833 septentrionalis,
1961 3763 1994 3816 et

316 3858 415 3920 super
438 3839 564 3902 decima
585 3838 769 3920 Petrignani
792 3841 987 3916 vertebatur,
1011 3843 1141 3922 cognita
1164 3842 1290 3904 ratione
1313 3841 1478 3922 utriusque
1502 3842 1612 3922 partis,
1636 3841 1781 3904 noscitur
1802 3841 1993 3924 protulisse,

315 3930 400 3990 sicut
422 3929 453 3990 in
476 3928 640 3992 autentico
663 3931 787 4012 scripto
810 3931 912 4012 ipsius
928 3933 1085 4013 episcopi,
1109 3931 1229 3993 exinde
1253 3929 1352 4006 facto,
1377 3933 1568 4002 continetur,
1590 3931 1782 3993 auctoritate
1805 3932 1993 4013 apostolica

316 4016 546 4079 confirmamus
570 4026 611 4093 et,
635 4026 670 4080 ut
693 4020 894 4100 inposterum
918 4028 987 4081 rata
1011 4029 1044 4083 et
1059 4020 1151 4083 firma
1171 4027 1369 4102 permaneat,
1393 4021 1553 4101 presentis
1569 4020 1680 4101 scripti
1698 4021 1881 4100 patrocinio
1898 4041 1991 4083 com-

317 4108 487 4169 munimus.
526 4104 722 4182 Statuentes,
738 4117 774 4168 ut
791 4107 869 4170 nulli
886 4109 1017 4170 omnino
1032 4107 1201 4171 hominum
1218 4109 1322 4183 liceat,
1337 4107 1420 4171 hanc
1437 4109 1587 4190 paginam
1606 4117 1715 4170 nostre
1731 4109 1991 4172 confirmationis

317 4215 396 4258 ausu
420 4198 612 4258 temeritatis
635 4197 809 4278 infringere
831 4196 882 4258 vel
907 4197 935 4259 ei
957 4198 1160 4276 aliquatenus
1185 4201 1355 4262 contraire.
1402 4195 1437 4260 Si
1461 4199 1533 4278 quis
1561 4204 1668 4259 autem
1692 4195 1757 4260 hoc
1790 4207 1991 4280 attemptare

317 4287 559 4367 presumpserit,
583 4287 839 4368 indignationem
871 4287 1105 4369 omnipotentis
1137 4287 1189 4350 dei
1218 4294 1251 4348 et
1274 4288 1444 4350 beatorum
1469 4288 1555 4350 Petri
1580 4293 1613 4347 et
1637 4283 1736 4364 Pauli,
1760 4285 1991 4369 apostolorum

317 4375 394 4450 eius,
418 4394 454 4436 se
478 4377 605 4437 noverit
628 4377 839 4437 incursurum.
863 4411 907 4420 —
931 4375 1005 4437 Dat.
1030 4375 1259 4461 Tusculanis),
1283 4391 1308 4439 ΙΙ
1332 4373 1444 4439 Nonas
1469 4375 1585 4439 Martii.

474 4487 599 4552 Abscltrrsl
615 4505 669 4536 vous
688 4487 758 4536 Ende
776 4488 816 4537 des
834 4489 865 4536 12
885 4489 977 4555 Jahrlr.
996 4489 1035 4538 des
1056 4490 1111 4540 Cod.
1131 4491 1228 4540 Sicardi
1240 4497 1267 4556 p.
1287 4493 1329 4552 86,
1357 4491 1389 4540 im
1411 4490 1576 4540 Privatdesilsc
1593 4491 1633 4539 des
1657 4491 1724 4556 Sigen
1744 4492 1794 4540 Dr.
1815 4491 1843 4544 F.
1866 4491 1990 4552 Romam,

316 4561 348 4608 im
369 4560 468 4610 Palam
488 4559 594 4610 Patrone
610 4576 639 4609 au
661 4561 784 4610 Cremona.

1057 4849 1125 4922 Nn.
1154 4853 1242 4923 229.

315 4977 499 5044 Alexander
513 4978 536 5042 J
535 4979 578 5042 Il
588 4980 737 5062 bestnrigr
750 4980 822 5044 dem
838 4981 1048 5064 Domleapitel
1059 5001 1119 5044 uon
1134 4977 1293 5044 Mmlaud
1304 4980 1358 5043 die
1372 4979 1635 5043 dberkommenen
1655 4977 1914 5060 Geaonnnezten,
1928 4981 1990 5044 mie

489 5070 537 5132 sie
552 5066 589 5132 in
603 5069 664 5132 der
684 5069 838 5134 Urkunde
852 5071 910 5134 des
924 5069 1131 5150 Emblsclmss
1150 5067 1294 5132 Galduln
1309 5091 1369 5133 uon
1385 5069 1541 5133 Malland
1552 5069 1712 5133 entlralten
1726 5069 1811 5132 sind.

868 5187 1080 5248 1171-1172
1095 5184 1173 5260 Juli
1186 5189 1215 5248 6.
1253 5185 1429 5250 Tusculum.

473 5299 665 5364 Alexander
688 5303 870 5384 episcopus,
893 5323 1005 5366 servus
1029 5322 1196 5365 servorum
1221 5301 1282 5376 dei,
1306 5301 1433 5365 dilectis
1458 5301 1538 5376 filiis,
1563 5300 1708 5382 capitulo
1733 5301 1988 5364 Mediolanensis

315 5391 468 5468 ecclesie,
509 5391 647 5454 salutem
680 5400 713 5454 et
743 5391 957 5474 apostolicam
991 5392 1262 5455 benedictionem.
1308 5392 1402 5454 Iustis
1432 5392 1613 5473 petentium
1647 5389 1819 5452 desideriis
1851 5392 1986 5473 dignum

473 5589 498 5652 a)
517 5587 661 5640 Tusculum.
679 5627 732 5634 -.
751 5589 786 5647 ,tl
812 5587 888 5653 Vergl.
913 5587 1049 5650 Reperlorm
1073 5586 1140 5650 Drpl.
1164 5587 1299 5634 Cremoruse
1321 5593 1344 5648 p.
1365 5588 1398 5632 47
1417 5586 1465 5638 Nr.
1487 5587 1563 5634 1170.
1638 5591 1664 5644 2)
1687 5584 1791 5650 offredo,
1818 5585 1923 5648 Bischof
1941 5600 1987 5631 sion

318 5659 440 5717 Cremona,
463 5661 475 5705 i
482 5659 581 5705 rus-r
588 5659 642 5706 185.
686 5661 763 5725 Vergl.
781 5661 839 5706 iiber
856 5659 899 5708 r'lm
918 5659 1112 5716 Sanclrmcmius,
1132 5659 1207 5706 Series
1225 5659 1383 5720 episcoporum
1406 5655 1597 5706 Cremonensium
1611 5663 1637 5718 p.
1657 5657 1690 5704 95
1708 5672 1742 5719 sq.
1817 5664 1845 5719 3l
1864 5656 1991 5705 namma

313 5745 360 5780 von
379 5731 477 5780 Bremia
496 5729 526 5778 r'sl
539 5731 649 5795 gemant,
669 5732 706 5780 die
728 5731 787 5781 o'rt.
806 5747 860 5780 veru
882 5732 963 5795 Jalue
983 5733 1058 5782 1170.
1096 5730 1163 5778 suu
1178 5730 1211 5778 im
1234 5730 1289 5779 Coa'.
1309 5729 1407 5778 Sicnrdi
1422 5743 1467 5778 uor
1484 5731 1559 5778 dieser
1576 5728 1731 5792 eingelragen.
