4126 6366
1678 342 1738 411 315

72 514 188 594 viginti
213 513 297 576 duos
320 516 451 578 modios
475 515 581 579 bladis
604 515 737 579 abstulit
760 517 801 580 de
824 517 1022 592 molendino,
1047 519 1137 597 quod
1160 517 1204 582 illi
1228 525 1261 581 et
1277 515 1475 582 monasterio
1496 525 1546 580 est
1562 536 1744 594 commune,

72 604 116 666 de
139 621 209 682 quo
232 605 360 666 noviter
383 605 444 666 iam
470 608 561 668 annis
585 605 703 688 elapsis
727 606 894 670 abbatissa
918 609 960 670 de
983 610 1201 671 conventione
1224 607 1268 670 nil
1291 607 1414 680 habuit,
1444 607 1527 669 sicut
1549 605 1636 683 dicit,
1666 609 1744 687 quia

72 694 146 774 ipse
162 692 253 754 solus
269 713 328 774 pro
344 713 403 755 sua
418 693 585 758 voluntate
609 695 738 769 locavit,
762 696 946 759 muneribus
971 705 1003 759 et
1026 698 1164 760 servitiis
1189 698 1313 778 magnis
1328 698 1481 776 acceptis.
1525 697 1677 759 Preterea
1701 697 1744 759 de

71 781 262 864 glandatico
286 802 463 864 porcorum
492 784 675 864 quindecim
706 784 805 847 libras
828 784 1036 848 Veronenses
1067 786 1172 848 eidem
1205 787 1400 848 monasterio
1433 785 1573 858 abstulit,
1607 805 1680 847 cum
1712 787 1744 847 in

72 871 266 934 nemoribus
297 873 538 935 communitatis
569 893 690 955 pascua
720 873 917 937 habuissent.
964 871 1073 954 Quum
1104 875 1200 957 igitur
1231 877 1389 937 sustinere
1419 893 1479 936 nec
1503 873 1651 936 volumus
1683 894 1743 936 nec

72 959 244 1033 debemus,
268 967 303 1021 ut
325 960 496 1024 insolentia
519 963 658 1044 predicti
683 961 749 1025 Caii
774 965 1007 1026 monasterium
1030 963 1078 1026 sui
1101 963 1175 1025 iuris
1195 965 1353 1026 sustineat
1368 963 1535 1039 lesionem,
1558 962 1745 1025 discretioni

71 1057 129 1110 tue
153 1068 214 1130 per
237 1050 420 1130 apostolica
442 1052 564 1132 scripta
587 1052 780 1114 mandamus
803 1060 902 1131 atque
926 1054 1132 1135 precipimus,
1155 1062 1324 1133 quatenus,
1356 1054 1384 1114 si
1417 1071 1467 1114 res
1499 1055 1544 1115 ita
1572 1071 1608 1114 se
1634 1050 1744 1126 habet,

72 1137 238 1222 prelatum
272 1135 502 1223 Glronellum),
534 1149 569 1202 ut
597 1140 708 1204 ablata
739 1143 938 1204 monasterio
970 1143 1040 1204 sine
1071 1140 1260 1204 difficultate
1293 1142 1455 1216 restituat,
1493 1141 1636 1223 dampna
1667 1141 1745 1203 data

73 1236 238 1290 resarceat
261 1234 294 1288 et
317 1227 359 1291 de
382 1228 476 1292 illatis
500 1229 620 1291 iniuriis
643 1229 820 1292 satisfaciat
843 1239 1076 1312 competenter,
1099 1241 1198 1312 atque
1214 1230 1256 1293 ab
1272 1229 1355 1292 illius
1371 1231 1598 1294 molestatione
1615 1231 1744 1311 penitus

72 1317 289 1395 conquiescat
312 1317 394 1382 inira
418 1317 528 1400 viginti
552 1319 622 1382 dies
655 1327 731 1400 post
753 1316 867 1382 harum
892 1322 1143 1400 susceptionem,
1168 1319 1428 1384 contradictione
1459 1327 1492 1382 et
1522 1319 1744 1401 appellatione

72 1414 212 1482 remota,
237 1409 583 1470 excommunicationis
607 1408 811 1471 districtione
834 1408 1023 1492 compellas.
1046 1445 1090 1456 -
1113 1408 1187 1472 Dat.
1211 1407 1351 1484 Verone,
1374 1421 1424 1470 xv
1438 1407 1512 1471 Kal.
1529 1405 1743 1490 Septembris.

234 1521 358 1590 Absclan'ft
372 1537 428 1574 von
446 1523 485 1573 18.
508 1521 599 1590 Jahrb.
619 1523 659 1572 des
676 1524 722 1574 vol.
743 1521 787 1575 XI
801 1522 844 1575 del
859 1521 988 1574 Zibaldom
1005 1523 1048 1576 del
1061 1523 1128 1578 Doti.
1146 1523 1279 1576 qunato
1302 1523 1382 1591 iligna
1399 1539 1429 1574 zu
1452 1523 1558 1574 Vienna.

816 1811 884 1885 Nr.
912 1815 1001 1886 349.

73 1939 196 2006 anzns
213 1942 279 2006 III
298 1941 448 2026 bestntigt
467 1943 541 2006 dem
563 1942 773 2027 Domlnpitel
792 1963 853 2007 von
876 1943 1018 2026 Bologna
1039 1944 1093 2008 die
1111 1942 1233 2006 Kirclze
1256 1964 1317 2007 oon
1337 1939 1478 2004 «Bnr'de»
1505 1942 1568 2004 mit
1589 1940 1744 2006 Zubeltdr.

588 2060 801 2122 1184-1185
815 2058 942 2142 Angnst
953 2062 1008 2122 27.
1046 2057 1171 2122 Verona
1190 2061 1227 2138 ¹).

235 2172 354 2237 Lucius
378 2176 570 2257 episcopus,
600 2195 711 2237 servus
736 2195 902 2238 servorum
927 2174 989 2249 dei,
1013 2175 1139 2239 dilectis
1163 2175 1252 2250 filiis,
1284 2173 1448 2253 Raynerio
1471 2173 1743 2257 archipresbitero

72 2271 105 2326 et
138 2264 306 2326 canonicis
329 2265 546 2326 Bononiensis
579 2262 731 2339 ecclesie,
761 2265 900 2327 salutem
932 2273 965 2327 et
995 2265 1208 2346 apostolicam
1231 2262 1505 2327 benedictionem.
1550 2263 1742 2344 Siquando

72 2352 259 2433 postulatur
282 2352 427 2428 anobis,
450 2353 541 2433 quod
565 2355 623 2415 iuri
648 2355 819 2416 conveniat
843 2363 875 2416 et
899 2364 1057 2416 consonet
1079 2353 1251 2428 honestati,
1284 2355 1465 2433 petentium
1489 2353 1660 2416 desideriis
1684 2373 1744 2416 nos

72 2441 225 2503 convenit
241 2440 419 2505 clementer
444 2462 586 2505 annuere
610 2451 643 2506 et
658 2443 810 2506 effectum
826 2445 909 2505 iusta
930 2443 1168 2525 postulantibus
1192 2441 1369 2523 indulgere.
1414 2441 1608 2524 Eapropter,
1632 2441 1743 2504 dilecti

73 2533 106 2592 in
131 2531 270 2593 domino
293 2530 358 2605 filii,
390 2533 482 2593 iustis
504 2533 619 2594 vestris
646 2532 921 2614 postulationibus
953 2541 1047 2615 grato
1079 2539 1308 2595 concurrentes
1347 2550 1489 2608 assensu,
1525 2532 1743 2594 institutiones

72 2621 222 2682 omnium
247 2619 455 2684 ecclesiarum
479 2621 583 2703 plebis
599 2623 704 2684 Buide
722 2621 755 2702 ²),
779 2624 862 2684 sicut
886 2642 905 2683 a
927 2622 1142 2704 quadraginta
1166 2631 1252 2683 retro
1269 2621 1360 2682 annis
1380 2621 1630 2702 predecessores
1645 2622 1743 2683 vestri

73 2719 107 2772 et
129 2728 192 2771 vos
213 2709 275 2790 ipsi
299 2729 353 2772 eas
377 2711 613 2774 rationabiliter
636 2709 788 2774 habuisse
820 2712 990 2774 noscimini
1014 2731 1074 2774 nec
1097 2732 1164 2773 non
1186 2713 1283 2773 etiam
1307 2711 1456 2791 antiquas
1480 2717 1513 2772 et
1535 2709 1744 2772 rationabiles

73 2798 336 2872 consuetudines,
364 2819 445 2878 quas
469 2797 597 2862 habetis
627 2801 658 2862 in
689 2799 921 2875 oblationibus
951 2820 1025 2862 cum
1055 2801 1209 2864 acceditis
1241 2799 1284 2862 ad
1315 2819 1455 2881 corpora
1486 2807 1689 2861 mortuorum
1712 2799 1743 2861 in

73 2889 209 2950 civitate
231 2888 283 2951 vel
307 2896 401 2951 extra
432 2896 465 2951 et
488 2890 519 2950 ih
543 2890 657 2951 ceteris
685 2889 753 2951 aliis
793 2898 893 2971 atque
925 2891 956 2951 in
989 2889 1200 2971 proventibus
1230 2891 1374 2970 ipsarum
1404 2886 1613 2950 ecclesiarum
1655 2889 1743 2951 etin

72 2977 146 3039 aliis
169 2978 212 3039 ad
236 2977 405 3040 ecclesiam
429 2988 571 3041 vestram
595 2978 828 3060 spectantibus,
852 2981 1046 3042 auctoritate
1068 2978 1163 3042 vobis
1186 2977 1368 3060 apostolica
1391 2975 1628 3039 confirmamus.
1666 2977 1744 3041 Pos-

72 3068 239 3130 sessiones
261 3085 392 3148 quoque
407 3068 624 3130 Bononiensis
647 3067 793 3144 ecclesie,
817 3088 882 3149 que
905 3069 945 3130 ad
971 3069 1108 3131 eandem
1133 3071 1218 3131 iusto
1241 3066 1337 3130 titulo
1360 3073 1578 3149 pervenerunt
1599 3066 1650 3129 vel
1672 3086 1744 3149 per-

73 3155 238 3230 venerint,
269 3157 353 3219 sicut
375 3155 584 3233 Lambertus,
615 3158 783 3235 quondam
813 3164 921 3220 vester
951 3158 1125 3240 episcopus
1143 3156 1177 3242 ³),
1209 3156 1379 3239 privilegio
1402 3175 1462 3218 suo
1486 3155 1581 3219 vobis
1604 3155 1744 3231 indulsit,

72 3244 171 3308 vobis
197 3252 230 3307 et
253 3246 360 3309 eidem
392 3245 529 3309 ecclesie
563 3246 715 3308 duximus
746 3245 994 3309 confirmandas.
1041 3245 1130 3309 Nulli
1162 3266 1241 3329 ergo
1271 3246 1407 3309 omnino
1436 3241 1606 3307 hominum
1638 3245 1743 3320 liceat,

72 3333 160 3397 hanc
184 3335 338 3416 paginam
361 3343 471 3397 nostre
495 3334 750 3400 confirmationis
773 3335 947 3418 infringere
969 3335 1022 3398 vel
1046 3336 1074 3397 ei
1098 3355 1178 3398 ausu
1201 3334 1372 3399 temerario
1400 3336 1569 3397 contraire.
1615 3332 1650 3397 Si
1674 3333 1744 3416 quis

73 3431 187 3486 autem
210 3421 276 3486 hoc
298 3431 495 3506 attemptare
518 3426 760 3506 presumpserit,
790 3424 1048 3506 indignationem
1072 3425 1306 3507 omnipotentis
1330 3424 1383 3486 dei
1408 3432 1441 3486 et
1462 3423 1634 3486 beatorum
1659 3422 1744 3486 Petri

74 3521 108 3576 et
131 3511 230 3587 Pauli,
252 3513 475 3594 apostolorum
499 3513 575 3589 eius,
603 3533 639 3576 se
661 3515 789 3576 noverit
812 3514 1020 3576 incursurum.
1045 3549 1089 3559 —
1111 3513 1187 3575 Dat.
1210 3512 1352 3586 Verone,
1376 3523 1413 3576 VI
1435 3511 1508 3575 Kal.
1530 3509 1744 3595 Septembris.

240 3627 352 3691 fingere
369 3627 493 3692 Abschnfl
509 3629 548 3676 des
569 3628 635 3676 Cart.
655 3629 695 3676 del
713 3627 861 3690 Cupienni
878 3627 930 3678 Son
949 3627 1029 3676 Px'etro
1044 3635 1068 3692 p.
1081 3629 1121 3686 27,
1139 3627 1172 3676 im
1190 3628 1303 3677 Archivio
1321 3627 1348 3676 di
1365 3626 1432 3675 Slato
1449 3625 1505 3688 (das
1520 3625 1586 3692 On'g.
1606 3624 1664 3693 [mir
1679 3625 1746 3676 nicht

74 3697 229 3766 mgdnglr'ch]
248 3699 347 3765 beslndet
362 3699 411 3750 sicle
428 3701 492 3750 nach
509 3699 708 3752 Kannnmnner
726 3699 926 3751 Pabstnrknndm
942 3699 968 3750 S.
981 3701 1033 3764 57),
1052 3699 1086 3749 im
1095 3700 1209 3751 Arcltivio
1224 3699 1356 3764 Capu'tolore
1372 3715 1402 3748 an
1422 3699 1535 3766 Bologno.

818 3985 884 4059 Nr.
910 3991 999 4062 350.

72 4113 194 4179 Lucius
211 4115 276 4178 III
286 4115 437 4199 bestc'itigt
455 4115 526 4180 dem
542 4112 829 4268 DomkapitelEvon
851 4115 966 4270 &aaa
990 4118 1213 4293 vespchiedene
1227 4117 1357 4198 Rechte,
1380 4114 1656 4200 Urtlzeilssprie'che
1678 4115 1747 4183 und

770 4225 871 4270 nnnc
907 4228 1010 4291 ungen
1059 4258 1066 4270 .

588 4325 802 4386 risa-1185
817 4321 1001 4405 September
1014 4326 1043 4387 9.
1086 4321 1216 4387 Verona.

234 4435 353 4499 Lucius
385 4439 576 4521 episcopus,
608 4459 720 4502 servus
751 4459 918 4502 servorum
952 4439 1022 4514 dei,
1053 4439 1178 4503 dilectis
1208 4438 1296 4514 filiis,
1327 4435 1482 4521 O(berto)
1511 4437 1680 4519 preposito
1710 4449 1744 4502 et

72 4525 239 4588 canonicis
262 4525 480 4604 laudensibus,
513 4526 648 4590 salutem
681 4536 715 4590 et
745 4529 961 4610 apostolicam
992 4529 1266 4592 benedictionem.
1311 4525 1469 4590 Exhibita
1499 4545 1630 4607 semper
1661 4527 1744 4592 circa

71 4613 257 4677 Romanam
291 4615 461 4678 ecclesiam
493 4617 569 4679 fidei
593 4627 699 4680 vestre
722 4618 887 4681 sinceritas
910 4627 1126 4700 promeretur,
1150 4626 1186 4680 ut
1213 4618 1245 4680 in
1268 4615 1332 4692 his,
1363 4635 1428 4696 que
1458 4635 1477 4677 a
1506 4615 1602 4678 nobis
1632 4620 1745 4699 previa

73 4705 201 4767 ratione
224 4702 411 4785 deposcitis
443 4705 585 4769 savorem
610 4714 644 4768 et
665 4707 801 4788 gratiam
825 4707 911 4770 sedis
938 4707 1121 4788 apostolice
1150 4707 1306 4769 sentiatis
1352 4705 1547 4787 Eapropter,
1577 4704 1687 4768 dilecti
1711 4709 1744 4770 in

72 4793 210 4856 domino
227 4791 289 4866 hlii,
311 4795 425 4856 vestris
449 4796 539 4857 iustis
559 4794 832 4876 postulationibus
848 4804 942 4878 grato
958 4804 1186 4859 concurrentes
1201 4814 1345 4869 assensu,
1369 4795 1622 4869 concessionem,
1645 4813 1743 4874 quam

71 4882 162 4945 bone
193 4884 352 4945 memorie
384 4880 502 4964 Syrus,
534 4884 699 4964 quondam
731 4886 896 4949 lanuensis
926 4884 1190 4967 archiepiscopus
1207 4884 1248 4970 ⁵),
1286 4904 1385 4966 super
1421 4883 1557 4945 decimis
1588 4891 1620 4944 et
1651 4888 1744 4948 terris

72 4970 290 5034 decimalibus
311 4973 517 5036 lanuensium
541 4975 659 5037 civium
680 4974 776 5037 vobis
800 4975 885 5048 lecit,
916 4975 1001 5037 sicut
1025 4974 1259 5038 rationabiliter
1282 4973 1366 5036 sacta
1390 4980 1439 5036 est
1462 4981 1496 5035 et
1519 4973 1550 5034 in
1572 4973 1743 5056 privilegio

71 5062 174 5143 ipsius
197 5059 436 5145 archiepiscopi
460 5065 651 5140 continetur,
674 5074 778 5126 ratam
803 5084 875 5127 esse
898 5063 1102 5127 decernimus
1134 5073 1167 5126 et
1195 5062 1347 5126 stabilem
1372 5063 1520 5125 obtinere
1544 5065 1743 5144 precipimus

72 5150 272 5212 firmitatem.
325 5148 490 5214 Honestas
521 5154 619 5215 etiam
653 5161 687 5215 et
718 5153 927 5216 rationabiles
960 5153 1226 5228 consuetudines,
1261 5172 1343 5233 quas
1378 5152 1408 5214 in
1439 5150 1659 5214 oblationibus
1689 5154 1745 5217 de.

73 5239 276 5312 iunctorum,
308 5240 350 5301 ad
384 5261 524 5321 quorum
555 5243 711 5323 exequias
734 5243 921 5316 invitamini,
950 5237 1107 5305 hactenus
1130 5241 1305 5316 habuistis,
1336 5248 1421 5304 ratas
1444 5259 1516 5303 esse
1539 5240 1689 5304 volumus
1712 5262 1745 5323 et

73 5331 220 5411 presenti
250 5331 370 5411 pagina
401 5329 640 5393 confirmamus.
693 5331 859 5406 Preterea,
892 5339 927 5394 ut
958 5333 1089 5394 missam
1121 5352 1182 5414 pro
1212 5331 1372 5394 defunctis
1401 5331 1550 5412 sequenti
1586 5330 1639 5394 die
1669 5352 1746 5414 post

238 5475 263 5532 1)
282 5469 480 5519 Kanennmmr
496 5471 539 5518 hot
554 5471 589 5519 22
606 5471 709 5536 Augeat,
729 5470 780 5519 also
796 5469 834 5519 XI
852 5469 910 5518 Kal.
930 5467 998 5532 Sept.
1018 5470 1061 5517 Do
1077 5470 1277 5520 Ii'altmbnmner
1292 5468 1366 5533 'o'sters
1383 5467 1469 5516 Fehler
1491 5467 1517 5516 in
1543 5465 1623 5517 scinen
1642 5461 1746 5519 Zultlen·

73 5543 182 5608 ongoben
202 5542 290 5600 maen,
311 5541 379 5590 kann
396 5540 434 5590 ich
452 5543 511 5590 diest
528 5541 602 5590 leider
617 5541 684 5592 nicht
697 5543 757 5592 ohne
768 5541 952 5606 Nachprn'sung
968 5541 1127 5606 ansneltnnn,
1200 5555 1226 5600 2)
1243 5541 1442 5591 Kannomnner
1456 5537 1655 5590 Paosnrkundm
1672 5548 1699 5605 p.
1713 5543 1745 5591 57

73 5617 130 5664 lot:
149 5614 284 5664 ecclesiam
297 5612 447 5662 Buitensem.
477 5613 551 5662 Ehoo
564 5611 633 5672 Bnio,
656 5613 722 5662 Fran.
736 5613 763 5662 di
777 5615 933 5662 Castelmtooo
944 5614 984 5662 nei
1000 5612 1075 5662 monti
1085 5613 1142 5663 nell'
1155 5613 1255 5674 Emilrb,
1276 5621 1347 5677 prov.
1367 5612 1394 5660 di
1409 5611 1498 5676 Reggio
1506 5623 1516 5670 ;
1534 5611 1572 5660 ent
1591 5611 1669 5661 Boida
1691 5614 1748 5679 liegt

73 5689 98 5736 in
118 5685 236 5744 piemon,
249 5692 321 5750 prov.
333 5684 496 5734 Alessondria.
569 5697 584 5748 3
589 5699 596 5746 j
615 5685 735 5744 lantbert,
755 5685 860 5750 Birthas
873 5699 920 5732 oon
939 5684 1054 5750 Bologna
1073 5700 1094 5734 c.
1114 5687 1180 5735 1062
1202 5713 1230 5722 -
1245 5701 1265 5734 c.
1280 5685 1355 5734 1080.
1427 5689 1456 5751 4)
1480 5682 1557 5748 Vergl.
1577 5684 1615 5733 die
1629 5683 1747 5736 dremne

74 5775 128 5810 von
147 5761 180 5808 14
201 5758 263 5824 Jnli
280 5758 353 5806 1181.
427 5761 454 5824 5)
472 5757 550 5823 Synes
568 5756 602 5818 H,
624 5756 769 5822 Enbischos
780 5772 828 5808 von
850 5757 943 5817 Genua,
965 5757 1142 5807 neo-1163.

1491 5834 1549 5899 40*
