4090 6358
1034 567 1035 570 ,
1069 500 1137 578 Nr.
1170 505 1231 578 50.

319 634 459 704 Ciilcstin
475 637 520 703 II
535 638 684 720 bestr'z'tigt
702 636 775 700 dem
798 635 951 722 Bisclup‘e
965 635 1068 790 Hattlp
1091 629 1297 807 ilrloanzbtpjia
1320 636 1373 700 die
1396 634 1633 698 Besz'tatln'imer
1654 632 1723 697 und
1744 630 1864 695 Rechte
1886 630 1976 695 scims

1061 748 1095 791 oc
1118 735 1161 792 stt
1180 735 1226 790 tes
1275 776 1282 790 .

901 847 987 909 1144
1003 842 1149 908 Februar
1164 843 1214 906 17.
1244 841 1397 907 Lateran.

474 977 654 1044 Celestinus
685 982 870 1064 episcopus,
900 1001 1013 1045 servus
1042 998 1209 1042 servorum
1241 977 1303 1053 dei,
1333 977 1511 1041 venerabili
1536 976 1624 1039 sratri
1648 975 1777 1051 Attoni,
1801 975 1977 1039 Pistoriensi

315 1067 482 1150 episcop0,
507 1070 642 1153 eiusque
664 1071 906 1135 successoribus
929 1070 1089 1133 canonice
1119 1067 1354 1151 promovendis
1376 1079 1415 1128 ΙΝ
1431 1080 1508 1131 ΡΡΜ.
1533 1105 1576 1114 -
1596 1063 1601 1150 Ι
1621 1065 1827 1128 Pistoriensis
1843 1065 1976 1142 ecclesia,

313 1157 471 1238 largiente
494 1170 627 1223 auctore
650 1161 798 1224 omnium
820 1161 985 1224 bonorum
1001 1158 1146 1234 domino,
1171 1159 1202 1220 in
1219 1157 1337 1220 Tuscie
1354 1157 1501 1239 partibus
1518 1179 1538 1220 a
1553 1157 1660 1237 longis
1682 1164 1768 1217 retro
1785 1155 1978 1236 temporibus

313 1247 407 1309 huius
436 1249 587 1329 specialis
618 1251 825 1332 prerogative
856 1271 972 1313 munus
1004 1249 1162 1330 optinuit,
1198 1256 1234 1309 ut
1264 1248 1450 1330 sapientum
1479 1257 1513 1310 et
1543 1247 1756 1310 discretorum
1788 1255 1949 1326 pastorum

313 1335 470 1417 regimine
493 1338 691 1421 prefulgeret
714 1351 747 1403 et
770 1351 838 1403 tam
862 1341 895 1402 in
919 1337 1164 1420 temporalibus,
1190 1357 1289 1419 quam
1305 1337 1338 1398 in
1354 1336 1577 1417 spiritualibus
1592 1355 1653 1418 per
1667 1354 1781 1396 eorum
1795 1333 1978 1397 industriam

311 1435 440 1507 gratum
465 1427 528 1490 deo
551 1430 730 1511 susciperet
753 1430 997 1495 incrementum.
1043 1426 1231 1492 Gaudemus
1254 1426 1409 1506 equidem
1433 1437 1466 1489 et
1489 1427 1603 1489 debita
1624 1425 1826 1486 iocunditate
1842 1422 1979 1499 letamur,

313 1517 470 1596 quoniam
499 1537 639 1599 superne
677 1519 902 1600 dispositionis
934 1517 1143 1601 providentia
1172 1526 1222 1592 te,
1254 1515 1448 1578 venerabilis
1489 1515 1602 1590 frater,
1635 1512 1741 1575 ΑΤΤΟ
1778 1514 1932 1598 episcope
1945 1512 1979 1592 ¹),

312 1604 494 1686 sapientem
523 1607 636 1688 utique
658 1609 763 1670 virum
795 1620 829 1672 et
858 1610 890 1672 in
921 1607 1079 1690 religione
1109 1605 1305 1688 probatum,
1338 1605 1485 1667 eiusdem
1512 1605 1576 1668 loci
1609 1613 1786 1686 pastorem,
1819 1603 1980 1666 constituit

313 1703 347 1756 et
368 1695 410 1756 ad
433 1695 685 1775 gubernandum
709 1707 742 1761 et
765 1699 989 1763 instruendum
1014 1696 1162 1760 doctrine
1182 1694 1208 1774 a)
1233 1704 1267 1757 et
1282 1695 1348 1757 vite
1364 1695 1518 1776 exemplo
1535 1693 1695 1778 populum
1711 1713 1806 1755 suum
1823 1692 1978 1755 miseratio

313 1783 424 1846 divina
454 1787 593 1849 vocavit.
648 1786 782 1868 Quanto
814 1789 910 1870 igitur
941 1807 1083 1870 persona
1113 1796 1170 1849 tua
1200 1785 1382 1866 religiosior
1413 1794 1471 1860 est,
1504 1786 1603 1847 etiam
1634 1781 1762 1865 prelata
1784 1781 1980 1846 Pistoriensis

313 1873 466 1950 ecclesia,
498 1875 549 1937 cui
581 1886 715 1940 auctore
747 1877 811 1940 deo
842 1878 1005 1960 presides,
1038 1877 1146 1939 extitit
1176 1874 1277 1938 beato
1308 1875 1405 1936 Petro
1436 1875 1602 1950 devotior,
1642 1883 1736 1935 tanto
1769 1893 1812 1938 ex
1842 1872 1979 1934 iniuncto

313 1962 518 2044 apostolatus
542 1965 654 2028 officio
693 1968 797 2048 magis
820 1977 914 2049 grata
937 1966 1034 2029 nobis
1057 1964 1217 2028 incumbit
1239 1964 1424 2040 necessitas,
1456 1974 1492 2027 ut
1514 1963 1779 2045 prenominatam
1807 1961 1979 2037 ecclesiam,

312 2052 373 2115 tibi
397 2072 416 2113 a
439 2053 503 2116 deo
528 2057 745 2133 commissam,
770 2058 963 2120 auctoritate
987 2055 1161 2138 apostolici
1185 2052 1345 2136 privilegii
1369 2053 1552 2116 muniamus
1576 2053 1661 2115 etei
1686 2053 1734 2115 ius
1755 2072 1848 2114 suum
1864 2051 1980 2114 illibate

312 2151 345 2203 et
369 2143 493 2224 integre
516 2165 756 2208 conservemus.
802 2146 859 2210 Ad
883 2145 1052 2228 exemplar
1075 2145 1173 2226 igitur
1191 2143 1461 2226 predecessorum
1485 2152 1680 2218 nostrorum,
1706 2140 1807 2204 felicis
1832 2139 1981 2203 memorie

311 2230 451 2296 URBANI
461 2231 495 2310 8),
512 2233 717 2313 PASCAL184)
735 2245 768 2298 et
782 2234 970 2298 INNocentii
988 2233 1022 2312 ⁵),
1038 2236 1264 2297 Romanorum
1279 2232 1482 2314 pontificum,
1498 2233 1641 2314 presenti
1659 2231 1791 2295 decreto
1807 2231 1979 2304 statuimus,

312 2331 348 2382 ut
374 2322 538 2400 universa,
573 2343 636 2410 que
669 2325 702 2386 in
733 2326 969 2406 presentiarum
998 2324 1116 2387 eadem
1148 2323 1284 2386 ecclesia
1317 2323 1400 2384 iuste
1432 2331 1465 2384 et
1496 2322 1640 2404 legitime
1671 2320 1835 2404 possidet,
1867 2329 1922 2382 aut
1951 2320 1979 2380 in

312 2408 455 2472 futurum
481 2415 694 2477 concessione
725 2413 937 2496 pontificum,
970 2415 1143 2496 largitione
1166 2433 1294 2494 regum,
1328 2411 1497 2474 oblatione
1528 2411 1674 2473 fidelium
1704 2431 1761 2474 seu
1794 2410 1864 2473 aliis
1897 2409 1980 2472 iustis

312 2499 428 2575 modis
460 2512 628 2583 prestante
658 2503 803 2580 domino,
838 2503 961 2586 poterit
994 2502 1141 2585 adipisci,
1173 2502 1266 2564 firma
1298 2502 1358 2563 tibi
1382 2502 1511 2582 tuisque
1534 2500 1777 2563 successoribus
1807 2508 1840 2562 et
1862 2499 1981 2562 illibata

311 2601 533 2671 permaneant.
580 2591 760 2656 Statuimus
790 2593 898 2669 etiam,
930 2602 966 2655 ut
993 2592 1133 2655 diocesis
1157 2589 1362 2654 Pistoriensis
1392 2591 1612 2673 episcopatus,
1645 2592 1728 2652 sicut
1759 2590 1827 2652 eius
1858 2589 1981 2651 termini

311 2678 533 2759 predictorum
556 2682 825 2763 predecessorum
847 2692 1033 2745 nostrorum
1061 2682 1238 2763 privilegiis
1262 2680 1405 2744 distincti
1429 2688 1512 2756 sunt,
1537 2680 1583 2742 sic
1607 2681 1640 2742 in
1661 2680 1727 2742 iure
1744 2687 1777 2741 et
1793 2679 1982 2741 condicione

311 2768 515 2833 Pistoriensis
532 2773 679 2854 episcopi
696 2773 765 2834 sine
789 2771 923 2834 alicuius
940 2771 1092 2834 molestia
1109 2770 1162 2833 vel
1179 2770 1404 2851 inquietudine
1420 2778 1615 2850 perseveret.
1654 2769 1715 2832 Per
1731 2789 1814 2849 quos
1837 2769 1982 2830 nimirum

312 2858 469 2921 terminos
492 2861 674 2942 subscripte
699 2861 824 2943 capelle
847 2871 880 2924 et
904 2861 1038 2924 ecclesie
1062 2861 1238 2924 constitute
1269 2879 1340 2922 esse
1372 2869 1563 2922 noscuntur:
1604 2858 1732 2940 capella
1762 2858 1916 2920 videlicet
1945 2858 1982 2919 de

313 2946 477 3028 Capraria,
502 2950 630 3031 capella
652 2951 835 3032 Hospitalis
859 2952 901 3013 de
923 2951 1070 3026 Rosaria,
1094 2949 1190 3032 plebs
1215 2949 1256 3011 de
1281 2950 1399 3023 Massa,
1424 2948 1551 3029 capella
1575 2948 1616 3011 de
1639 2948 1767 3023 Vincio,
1797 2947 1922 3028 capella
1945 2949 1983 3009 de

312 3037 513 3114 Bucuniano,
546 3039 674 3120 capella
706 3040 747 3102 de
771 3039 914 3103 Castello
938 3060 1036 3116 novo,
1067 3039 1195 3121 capella
1217 3039 1320 3101 sancti
1346 3038 1477 3100 Martini
1507 3038 1540 3099 in
1563 3036 1765 3112 Monteculli,
1797 3036 1923 3117 capella
1945 3037 1983 3099 de

312 3121 494 3202 Varazano,
527 3129 654 3210 capella
678 3129 719 3192 de
741 3129 901 3205 Verruea‚
933 3150 1031 3211 super
1062 3149 1161 3210 quam
1193 3128 1312 3209 prefati
1344 3127 1585 3209 predecessoris
1616 3128 1718 3189 nostri
1741 3125 1881 3190 URBAN1
1911 3136 1983 3208 post

312 3215 442 3278 tertiam
480 3227 513 3280 et
560 3228 710 3300 quartam
755 3218 992 3282 discussionem
1038 3228 1087 3281 est
1132 3216 1263 3300 prolata
1299 3215 1524 3297 sententiat),
1564 3215 1691 3298 capella
1728 3213 1902 3297 hospitalis
1946 3217 1983 3278 de

312 3306 464 3381 Fanano,
503 3307 630 3388 capella
659 3307 746 3371 Prati
786 3309 948 3390 episcopi,
995 3308 1134 3390 capellla
1172 3306 1214 3369 de
1252 3308 1365 3382 Rotie,
1413 3306 1540 3388 capella
1578 3305 1619 3367 de
1652 3304 1823 3380 Cerbaria,
1861 3305 1984 3388 capella

313 3392 437 3458 Montis
461 3397 555 3473 acuti,
587 3397 714 3478 capella
744 3397 785 3459 de
808 3397 924 3474 Insula,
957 3397 1084 3480 capella
1114 3397 1217 3460 sancti
1242 3395 1421 3461 Salvatoris
1444 3397 1507 3458 sita
1538 3396 1571 3458 in
1593 3394 1701 3469 Prato,
1733 3404 1856 3457 curtem
1879 3396 1983 3470 etiam,

314 3504 377 3564 que
399 3495 536 3548 vocatur
558 3486 697 3563 Pavana,
729 3485 813 3549 insra
834 3487 1066 3552 Pistoriensem
1096 3487 1296 3562 comitatum,
1336 3506 1410 3549 cum
1440 3485 1574 3548 castello
1598 3483 1762 3548 Sambuce
1786 3484 1870 3547 inira
1892 3486 1984 3548 curtis

313 3573 455 3636 confinia
478 3585 674 3653 constructo,
698 3585 811 3640 sancte
833 3575 1021 3640 Pistoriensi
1045 3576 1182 3639 ecclesie
1206 3576 1445 3652 confirmamus,
1468 3575 1551 3637 sicut
1575 3595 1594 3636 a
1615 3572 1811 3636 venerabilis
1834 3576 1987 3637 memorie

312 3665 480 3727 comitissa
503 3665 653 3741 Matilde,
684 3666 773 3729 beati
797 3665 882 3728 Petri
907 3666 981 3743 filia,
1015 3676 1093 3748 post
1116 3666 1170 3729 diu
1202 3666 1423 3728 examinatam
1456 3685 1475 3726 a
1506 3663 1729 3745 compluribus
1760 3663 1921 3726 iudicibus
1951 3685 1987 3727 ac

312 3753 387 3815 iuris
417 3755 530 3835 peritis
561 3756 690 3819 actione
723 3775 783 3837 per
819 3755 974 3819 iudicium
996 3756 1163 3832 Bernardi,
1195 3765 1273 3818 tunc
1312 3766 1425 3818 sancte
1454 3755 1606 3816 Romane
1643 3753 1779 3815 ecclesie
1818 3753 1985 3834 presbiteri

312 3841 484 3906 cardinalis
502 3841 528 3927 7)
552 3855 586 3907 et
604 3844 669 3908 iam
694 3844 771 3908 dicti
794 3844 936 3908 Pascalis
959 3867 1047 3930 pape
1070 3845 1190 3921 vicarii,
1214 3845 1246 3907 in
1271 3865 1386 3908 manus
1410 3844 1509 3925 digne
1532 3843 1769 3906 recordationis
1792 3841 1985 3924 Ildeprandi,

311 3931 552 4013 predecessoris
574 3935 621 3997 tui
638 3932 677 4017 8),
700 3945 733 3998 et
756 3932 889 3997 fratrum
914 3936 982 3998 eius
1012 3936 1161 3998 restituta
1183 3956 1254 3998 esse
1285 3934 1502 4016 cognoscitur.
1547 3933 1649 3996 Porro
1682 3931 1917 3995 decimationes
1948 3934 1986 3996 de

313 4031 425 4084 monte
449 4023 587 4100 Morulo,
620 4025 662 4088 de
684 4024 791 4098 Prato,
823 4023 865 4086 de
887 4034 1002 4087 sancto
1026 4024 1135 4101 Paulo,
1168 4024 1209 4087 de
1234 4023 1398 4101 Colonica,
1424 4023 1465 4086 de
1494 4032 1607 4085 monte
1630 4023 1765 4104 Magna,
1798 4021 1839 4084 de
1863 4021 1985 4098 Casale,

314 4110 355 4173 de
385 4111 645 4194 Lamporechio,
678 4112 719 4176 de
750 4111 836 4176 Creti
869 4123 902 4176 et
933 4113 974 4176 de
1005 4113 1247 4196 Spanarechio,
1287 4133 1369 4195 quas
1402 4113 1443 4175 de
1474 4112 1631 4175 laicorum
1663 4111 1815 4175 manibus
1845 4112 1987 4175 sollertia

311 4200 450 4282 predicti
478 4202 719 4284 predecessoris
742 4203 788 4265 tui
812 4203 939 4286 eripuit,
970 4203 1076 4267 nullus
1099 4224 1256 4284 umquam
1279 4203 1321 4266 ab
1346 4201 1482 4265 ecclesie
1505 4202 1572 4264 iure
1596 4210 1629 4264 et
1653 4201 1846 4265 clericorum
1876 4202 1985 4265 usibus

312 4289 453 4353 alienare
476 4303 651 4372 presumat.
698 4292 735 4354 Id
768 4292 874 4373 ipsum
899 4291 940 4355 de
971 4293 1087 4356 ceteris
1117 4292 1261 4356 curtibus
1292 4292 1456 4373 prediisve
1486 4291 1694 4373 precipimus,
1727 4310 1791 4370 que
1822 4289 1924 4354 hodie
1956 4293 1985 4353 in

312 4380 448 4443 ecclesie
463 4380 667 4444 Pistoriensis
683 4382 892 4463 possessione
908 4382 1093 4463 persistunt,
1117 4382 1270 4445 videlicet
1286 4382 1328 4444 de
1343 4383 1477 4457 Lizano,
1498 4380 1540 4444 de
1556 4382 1734 4456 Marniano,
1752 4380 1793 4443 de
1809 4379 1985 4457 Cavinano,

311 4470 353 4531 de
382 4469 511 4546 Batoni,
546 4471 588 4533 de
620 4470 812 4546 Saturnana,
843 4471 1029 4548 Brandeli0,
1061 4471 1240 4553 Groppule,
1272 4471 1384 4546 Piscia,
1416 4471 1615 4548 Vinaciano,
1647 4471 1811 4546 Tobiano,
1844 4470 1984 4546 Publica,

311 4557 538 4632 Silvamortua,
562 4559 686 4637 Vizule,
710 4560 899 4636 Pethanese,
924 4560 1039 4625 Celleri
1064 4572 1097 4624 et
1121 4561 1161 4624 de
1183 4571 1269 4624 terra
1297 4562 1359 4624 sita
1381 4560 1465 4623 infra
1484 4561 1713 4642 episcopatum
1733 4561 1984 4637 Bononiensem,

312 4668 411 4730 quam
442 4659 616 4714 tenuerunt
646 4650 796 4713 homines
827 4649 869 4713 de
898 4650 983 4713 valle
1013 4650 1157 4726 Piderla,
1195 4661 1284 4714 curte
1315 4651 1357 4714 de
1387 4650 1556 4734 Spalliori3
1593 4652 1727 4732 insuper
1757 4649 1984 4713 confirmamus

310 4737 406 4800 vobis
429 4738 562 4820 plebem
585 4740 689 4802 saneti
712 4739 838 4821 Ypoliti
866 4740 898 4802 in
922 4738 1026 4822 Alpe,
1058 4740 1192 4822 plebem
1222 4741 1325 4804 sancti
1350 4740 1534 4814 Laurentii,
1565 4738 1699 4822 plebem
1730 4747 1841 4801 monte
1870 4739 1984 4815 Murlo,

311 4826 444 4907 plebem
467 4827 500 4890 in
515 4827 669 4905 Villian0,
693 4828 826 4911 plebem
849 4831 954 4892 saneti
977 4830 1110 4910 Quirici,
1134 4830 1268 4912 plebem
1292 4831 1333 4893 de
1349 4829 1558 4911 Spanareclo,
1583 4829 1715 4915 plebem
1740 4829 1772 4890 in
1792 4827 1983 4903 Satumana,

311 4916 444 4997 plebem
469 4917 511 4980 de
530 4917 715 4994 Brandeli0,
739 4918 873 4999 plebem
897 4919 938 4982 de
963 4919 1139 4995 Cavinan0,
1164 4919 1297 5001 plebem
1320 4921 1424 4982 sancti
1449 4919 1603 4995 Marcelli,
1628 4918 1762 5001 plebem
1786 4919 1828 4980 de
1851 4919 1982 4994 Lizano,

310 5006 444 5087 plebem
468 5007 509 5069 de
532 5006 682 5089 Popillio,
711 5007 845 5089 plebem
869 5009 910 5071 de
933 5008 1070 5084 Pitellio‚
1095 5007 1228 5090 plebem
1252 5009 1294 5071 de
1317 5009 1459 5084 Furialo,
1493 5009 1626 5090 plebem
1658 5007 1699 5070 de
1724 5006 1821 5082 Celle‚
1853 5007 1984 5090 plebem

312 5095 354 5159 de
377 5095 518 5159 Calloria
541 5117 614 5160 cum
638 5097 791 5161 omnibus
815 5097 948 5180 capellis
978 5107 1012 5161 et
1039 5098 1313 5161 decimationibus
1338 5098 1380 5160 ad
1404 5119 1459 5160 eas
1483 5099 1550 5161 iure
1573 5097 1820 5180 pertinentibus,
1853 5097 1983 5179 plebem

311 5185 353 5248 de
376 5185 568 5264 Vinaciano,
592 5185 725 5270 plebem
750 5187 791 5250 de
815 5188 932 5264 Massa,
956 5187 1090 5270 plebem
1114 5187 1156 5250 de
1180 5187 1276 5264 Creti,
1304 5187 1438 5270 plebem
1462 5187 1503 5250 de
1525 5187 1755 5270 Lamporeclo,
1785 5185 1922 5268 plebem
1946 5187 1984 5252 de

470 5381 495 5446 a)
516 5381 553 5431 Es
570 5381 630 5431 steht
645 5398 687 5432 am
699 5381 810 5432 Schlusse
825 5383 857 5446 ei,
875 5379 993 5432 vr'elleictt
1009 5397 1082 5431 arasa
1100 5379 1217 5448 cmgirt.
1236 5420 1289 5426 -
1308 5383 1344 5448 .1)
1370 5383 1446 5449 Vergl.
1465 5378 1544 5449 Jaffe',
1562 5383 1621 5448 Reg.
1637 5383 1722 5441 601ss
1744 5380 1879 5431 Zacckan'a
1887 5389 1914 5446 p.
1927 5383 1983 5440 230,

309 5451 390 5519 bring?
406 5469 457 5503 nur
473 5453 510 5503 dr'e
527 5453 630 5519 lagen.
704 5453 731 5521 2)
749 5455 812 5514 Alto,
831 5453 936 5518 Bbchof
951 5469 1000 5504 von
1018 5452 1115 5514 Ertaia,
1136 5454 1316 5505 1134-1153.
1389 5461 1415 5519 3)
1435 5454 1507 5504 Dim
1528 5453 1588 5504 Urk.
1606 5453 1638 5503 ist
1654 5452 1721 5503 nicht
1737 5453 1851 5504 arhaltm.
1905 5450 1982 5522 Jaffl,

309 5527 367 5590 Reg.
386 5526 454 5574 4138
471 5526 502 5575 ist
509 5527 563 5590 fie'r
580 5525 617 5575 die
633 5525 776 5576 Kanom'ker
792 5541 840 5575 von
859 5525 947 5576 I'z'storiz
965 5527 1106 5592 arcsgeslellt.
1178 5527 1206 5590 4)
1222 5523 1300 5592 Jaffe',
1318 5528 1376 5593 Reg.
1390 5527 1468 5576 4513.
1507 5526 1551 5576 Or.
1571 5525 1605 5574 r'm
1616 5525 1689 5574 Arch.
1708 5524 1735 5574 di
1752 5525 1818 5574 State
1835 5541 1866 5573 su
1878 5525 1983 5576 Florem.

312 5598 338 5663 5)
361 5593 439 5663 Jaffe‘,
457 5599 516 5664 Reg.
537 5598 615 5647 5465.
657 5598 711 5662 Cop.
737 5614 755 5646 s.
775 5597 845 5647 XIV
856 5598 890 5647 im
907 5597 982 5647 Arcu.
1007 5597 1164 5646 distarem
1182 5596 1288 5647 Florem.
1368 5600 1395 5667 6)
1420 5599 1496 5663 Vergl.
1527 5597 1675 5662 Cirjpelletri,
1703 5597 1782 5647 Chiese
1799 5596 1882 5646 XVII
1893 5605 1922 5662 p.
1942 5600 1982 5649 8⁹.

312 5672 338 5734 7)
357 5669 491 5719 Bemhard
510 5684 566 5718 war
586 5668 659 5719 Card.
678 5669 757 5734 presb.
774 5668 809 5719 rit.
829 5669 856 5721 S.
878 5668 1024 5737 Chrysogoni
1046 5677 1119 5719 anter
1137 5669 1262 5718 Paschalir
1279 5668 1314 5718 II.
1425 5669 1451 5736 8)
1470 5669 1631 5720 Hildebrand
1653 5669 1681 5718 de
1702 5667 1789 5730 Guidi,
1813 5667 1920 5735 Br'sclt0f
1938 5686 1983 5720 von

312 5739 412 5802 Pistor'a,
432 5743 499 5791 1107
514 5769 546 5778 -
561 5757 580 5791 c.
602 5741 679 5790 1134.
