4126 6366
759 1169 1073 1268 Anhang

909 1383 925 1442 1

786 1523 1041 1586 Urkunden.

846 1825 913 1900 Nr.
944 1823 974 1898 Ι.

71 1957 208 2042 Gregor
233 1957 260 2020 V
280 1957 430 2040 bestcttzgt
455 1957 528 2020 dem
545 1956 625 2020 Alte
641 1957 815 2038 Raverger
836 1979 897 2020 von
917 1955 1026 2019 Stablo
1050 1953 1107 2036 (D.
1124 1955 1268 2041 turricle)
1294 1957 1368 2020 und
1385 1955 1551 2038 Malrrzedy
1575 1955 1632 2036 (D.
1648 1954 1752 2040 Ko'ln)

659 2046 897 2110 Besitathrtmer
911 2046 981 2109 trud
992 2045 1113 2108 Recto
1132 2047 1141 2082 ¹
1138 2047 1169 2126 ).

809 2166 872 2226 996
886 2163 975 2237 Jum'
986 2165 1020 2225 2.

235 2291 412 2375 Gregorius
428 2296 615 2377 episcopus,
639 2315 752 2360 servus
767 2317 934 2361 servomm
953 2297 1014 2371 dei,
1031 2295 1233 2376 Ravenger0‚
1250 2293 1404 2375 religioso
1422 2293 1535 2356 abbati
1555 2293 1590 2378 a),
1614 2293 1751 2358 salutem

68 2392 102 2445 et
126 2383 347 2464 apostolicam
371 2383 640 2447 benedictionem
661 2383 697 2470 a),
745 2385 828 2449 Cum
852 2407 978 2470 summe
1002 2383 1186 2468 apostolice
1212 2383 1376 2464 dignitatis
1399 2402 1486 2463 apex
1509 2383 1539 2444 in
1564 2383 1628 2446 hoc
1652 2385 1752 2446 divini

68 2481 270 2554 prospectus
302 2475 407 2534 nitore
440 2473 620 2535 dinoscitur
650 2475 851 2560 prefulgere,
885 2479 912 2538 si
945 2477 975 2538 in
1008 2473 1202 2537 exercendis
1235 2471 1289 2534 dei
1321 2471 1473 2535 laudibus
1502 2474 1551 2535 sui
1575 2474 1752 2554 impensius

67 2561 220 2624 studebit
244 2561 366 2624 laboris
389 2561 545 2624 exhibere
570 2571 750 2638 certamen,
783 2565 827 2628 ob
857 2563 923 2628 hoc
956 2565 1067 2627 debita
1099 2581 1159 2624 nos
1190 2562 1337 2623 eiusdem
1367 2562 1549 2644 apostolice
1580 2562 1753 2643 pastoralis

68 2649 247 2732 compellit
275 2649 501 2713 sollicitudinis
533 2671 625 2726 cura,
658 2671 790 2738 queque
819 2655 861 2716 ad
882 2652 911 2739 b)
942 2652 1156 2717 stabilitatem
1189 2650 1316 2732 piorum
1347 2651 1510 2732 pertinere
1539 2653 1754 2714 dinoscuntur

68 2740 230 2815 locorum,
256 2739 396 2802 ubertim
422 2740 632 2822 promulgare
656 2749 689 2803 et
712 2743 896 2829 apostolice
920 2741 1131 2805 institutionis
1155 2759 1290 2802 censura
1305 2737 1507 2802 confirmare.
1554 2741 1655 2821 Igitur
1678 2742 1754 2822 quia

69 2826 260 2910 postulasti,
284 2829 389 2902 irater,
418 2831 565 2904 anobis,
596 2838 758 2910 quatenus
783 2834 980 2895 monasteria
1001 2832 1031 2892 in
1056 2829 1181 2893 honore
1204 2829 1307 2890 sancti
1332 2827 1419 2890 Petri
1444 2827 1687 2914 constructae),
1718 2831 1752 2892 id

70 2927 122 2981 est
138 2915 314 2980 Stabelaus
333 2915 362 3004 d)
386 2926 419 2979 et
434 2918 721 2996 Malmundarium‚
745 2923 808 2984 sita
823 2923 855 2983 in
870 2922 952 2983 saltu
969 2919 1199 2983 Arduennensi
1223 2917 1394 2999 privilegio
1419 2927 1529 3002 nostre
1553 2921 1753 2981 auctoritatis

69 3009 284 3081 muniremus,
312 3017 346 3069 et
369 3009 445 3088 quia
468 3009 551 3070 iusta
574 3009 644 3070 visa
668 3017 718 3073 est
742 3011 837 3073 nobis
862 3011 979 3092 petitio
1001 3016 1066 3084 tua,
1090 3027 1258 3071 assensum
1283 3007 1344 3068 tibi
1369 3006 1553 3091 prebentes
1578 3027 1637 3088 per
1659 3007 1753 3070 huius

69 3097 175 3159 nostri
206 3096 364 3179 privilegii
385 3094 412 3182 e)
445 3098 658 3159 constitutum
691 3100 854 3161 sancimus
889 3107 988 3178 atque
1022 3097 1224 3162 decrevimus
1244 3093 1288 3181 f),
1326 3097 1506 3158 secundum
1545 3099 1751 3177 antiquorum

70 3187 186 3248 edicta
204 3184 234 3269 Β)
273 3205 403 3268 regum,
443 3187 476 3248 id
513 3194 563 3248 est
586 3183 739 3268 Sigiberti
758 3185 802 3274 h),
833 3187 1016 3252 Chlodovei
1036 3185 1064 3272 ἰ)
1088 3195 1122 3250 et
1140 3183 1169 3270 k)
1192 3185 1392 3266 Dagoberti‚
1424 3185 1478 3266 qui
1511 3193 1544 3248 et
1573 3187 1753 3248 eorundem

70 3284 317 3339 constructores
335 3273 364 3360 ¹)
387 3274 479 3338 fuere
502 3277 782 3352 monasteriorum,
807 3297 868 3340 nec
892 3298 957 3340 non
981 3287 1015 3340 et
1038 3279 1272 3359 imperatorum
1296 3273 1418 3347 Karoli‚
1442 3273 1641 3337 Hludovuici
1660 3273 1698 3360 m)
1721 3285 1754 3337 et

71 3362 210 3428 Ottonis
234 3373 454 3446 augustorum,
479 3373 515 3426 ut
538 3363 612 3428 loca
631 3363 660 3450 ῃ)
683 3365 735 3428 vel
757 3366 830 3450 ville
853 3375 909 3430 aut
933 3368 1168 3448 possessiones,
1201 3383 1264 3449 que
1287 3384 1307 3425 a
1330 3362 1468 3444 regibus
1500 3365 1752 3445 imperatoribus

70 3456 233 3518 ceterisve
251 3450 280 3537 0)
312 3453 409 3516 bonis
440 3453 620 3516 christianis
651 3454 786 3541 prelatis
809 3457 932 3518 sanctis
954 3455 1036 3518 locis
1059 3454 1176 3536 largita
1194 3462 1294 3532 atque
1310 3453 1424 3515 oblata
1440 3461 1473 3514 et
1488 3455 1520 3515 in
1538 3455 1752 3534 postmodum

70 3543 288 3606 concedenda
310 3550 393 3617 sunt,
416 3541 509 3605 firma
525 3543 702 3606 stabilitate
718 3552 948 3627 perpetuoque
963 3546 1032 3608 iure
1049 3546 1241 3606 inconcussa
1259 3539 1289 3626 Ρ)
1309 3550 1533 3624 permaneant,
1557 3543 1646 3605 iuxta
1662 3543 1753 3624 quod

70 3632 192 3696 eadem
215 3631 415 3696 venerabilia
437 3631 511 3695 loca
542 3632 736 3714 apostolico,
767 3633 926 3715 imperiali
950 3636 1110 3716 regioque
1133 3634 1312 3695 constituto
1343 3630 1580 3711 privilegioque
1603 3640 1754 3694 constant

71 3723 215 3797 munita,
247 3740 309 3784 nec
339 3721 436 3784 liceat
466 3721 619 3802 cuiquam
651 3741 768 3810 magne
790 3722 843 3785 vel
866 3743 966 3810 parve
989 3741 1139 3807 persone,
1164 3740 1208 3782 ex
1231 3719 1383 3782 omnibus
1406 3719 1484 3781 inibi
1514 3720 1753 3802 pertinentibus

71 3812 209 3874 demere
240 3811 425 3892 quicquam.
477 3809 630 3894 Preterea
647 3807 677 3895 u)
708 3811 742 3874 id
773 3810 943 3894 vigilanter
974 3810 1051 3875 huic
1081 3809 1266 3894 apostolico
1304 3809 1438 3871 decreto
1476 3810 1618 3872 inserere
1653 3817 1754 3889 atque

72 3900 234 3964 canonica
249 3900 444 3963 auctoritate
460 3899 618 3962 roborare
629 3902 822 3978 curavimus,
831 3909 874 3975 ut,
884 3899 1042 3964 defuncto
1055 3919 1114 3984 per
1125 3899 1366 3962 successionem
1379 3897 1503 3961 abbate
1521 3895 1558 3984 r),
1574 3899 1752 3962 secundum

72 3989 167 4070 quod
192 4009 211 4052 a
234 3991 297 4052 iam
322 3989 420 4051 dictis
442 3987 575 4070 regibus
599 4008 659 4051 nec
682 4009 755 4068 non
771 3997 805 4053 et
831 3990 1084 4073 imperatoribus
1115 3997 1166 4052 est
1188 3987 1380 4061 diffinitum,
1413 3985 1513 4072 urs),
1544 3987 1688 4069 utrisque
1720 3991 1751 4050 in

72 4099 175 4142 unum
206 4074 375 4142 coenobiis
405 4076 643 4140 confluentibus
676 4078 860 4155 monachis,
890 4077 1034 4143 habeant
1065 4075 1183 4162 sinen)
1206 4076 1430 4152 simulatione,
1461 4078 1531 4138 sine
1555 4079 1753 4158 exceptione

72 4188 233 4256 persone,
261 4169 332 4231 sine
362 4173 514 4249 respectu
545 4169 683 4254 pecunie
715 4169 897 4231 secundum
926 4172 1031 4232 sancti
1055 4167 1225 4231 Benedicti
1255 4165 1399 4246 regulam
1432 4164 1588 4229 abbatem
1613 4165 1754 4248 eligendi

71 4257 273 4320 liberrimam
303 4258 496 4338 optionem,
524 4277 563 4320 ea
589 4265 700 4320 tamen
731 4259 996 4345 preponderante
1028 4259 1167 4330 ratione,
1200 4255 1514 4318 Malmondrensium
1534 4253 1563 4340 t)
1588 4276 1679 4337 pace,
1711 4265 1754 4332 ut,

72 4349 152 4428 quia
180 4347 296 4410 beatus
319 4345 495 4428 Remaglus
515 4343 559 4430 ¹1),
592 4348 760 4428 utriusque
791 4349 978 4410 monasterii
1003 4355 1210 4409 constructor
1242 4352 1276 4408 et
1298 4345 1536 4426 Tongrensium
1569 4353 1664 4408 antea
1688 4346 1754 4427 epi·

72 4455 197 4518 scopus
226 4444 260 4498 et
291 4444 420 4518 pastor,
452 4435 566 4498 maluit
589 4437 621 4498 in
646 4436 750 4500 altero
775 4456 898 4512 eorum,
921 4436 953 4498 id
978 4444 1028 4499 est
1051 4433 1296 4498 Stabulensium
1317 4431 1345 4519 v)
1369 4433 1477 4497 locum
1502 4434 1668 4522 sepulture
1692 4435 1754 4497 sibi

72 4525 229 4608 deligere,
261 4527 322 4606 ipsi
348 4525 484 4607 primam
510 4523 678 4588 electionis
694 4527 866 4608 optineant
881 4527 996 4598 vicem,
1019 4526 1045 4586 si
1067 4526 1155 4607 apud
1173 4544 1231 4587 eos
1247 4523 1364 4585 melior
1380 4525 1502 4586 meritis
1519 4532 1552 4585 et
1568 4525 1754 4586 instructior

72 4615 173 4677 literis
197 4615 385 4677 inveniatur.
431 4611 466 4676 Si
490 4623 598 4676 autem
624 4634 689 4676 non
714 4613 779 4677 illic
802 4615 861 4676 sed
886 4614 1114 4677 Malmundarii
1139 4613 1255 4676 melior
1284 4615 1487 4694 repperiatur
1518 4615 1646 4692 utrique
1680 4612 1753 4676 loco

73 4703 294 4792 preficiendus
317 4706 428 4785 potius
451 4701 493 4764 ab
518 4723 559 4766 eo
584 4701 621 4788 ²t),
645 4721 745 4782 quam
769 4705 812 4767 ab
835 4703 978 4766 exterius
1000 4711 1189 4785 assumptus
1205 4703 1448 4764 intromittatur.
1493 4702 1529 4766 Si
1546 4705 1618 4782 quis
1633 4711 1752 4780 autem,

72 4795 166 4872 quod
197 4813 261 4855 non
292 4801 460 4874 optamus,
492 4792 616 4854 nefario
648 4813 728 4856 ausu
761 4795 1011 4879 presumpserit,
1042 4790 1105 4868 his,
1138 4813 1201 4877 que
1230 4791 1369 4853 anobis
1392 4792 1434 4853 ad
1459 4791 1591 4853 laudem
1615 4794 1668 4854 dei
1693 4813 1754 4874 pro

71 4882 253 4945 stabilitate
277 4883 340 4944 iam
365 4882 528 4944 dictorum
558 4885 832 4945 monasteriorum
856 4888 978 4945 statuta
1000 4889 1083 4956 sunt,
1114 4881 1277 4961 refragare
1295 4877 1323 4964 y)
1347 4888 1403 4942 aut
1425 4881 1508 4943 haec
1531 4881 1562 4942 in
1585 4899 1752 4961 quoquam

71 4972 270 5053 transgredi,
294 4972 385 5046 sciat,
408 4990 443 5033 se
467 4969 684 5034 anathematis
707 4972 836 5035 vinculo
860 4973 1054 5034 innodatum
1078 4979 1178 5051 atque
1199 4968 1225 5055 Ζ)
1257 4989 1331 5032 cum
1365 4969 1496 5032 diabolo
1521 4978 1554 5032 et
1578 4971 1645 5033 eius
1669 4979 1753 5033 atro-

233 5186 259 5244 ιι)
280 5183 326 5231 Leo
344 5181 397 5230 IX:
414 5181 584 5245 Theoderico,
603 5183 724 5248 religioso
744 5182 829 5232 abbati
847 5184 998 5232 venerabilis
1016 5182 1163 5231 monasterii
1180 5181 1258 5231 sancti
1277 5181 1342 5230 Petri
1360 5181 1489 5244 sanctique
1507 5181 1622 5230 Remacli
1634 5181 1753 5230 Stabulno

72 5255 148 5318 positi
168 5253 266 5318 nisque
285 5253 470 5303 successoribus
488 5260 635 5318 perpetuam
654 5255 679 5303 in
698 5255 802 5303 domino
828 5254 942 5304 salutem.
979 5255 1028 5303 Die
1052 5254 1193 5320 biilsclrung
1219 5254 1322 5319 Gregors
1345 5254 1388 5303 tat
1410 5253 1474 5302 auct
1497 5265 1565 5302 nur:
1591 5253 1752 5302 Werensrido

72 5327 193 5390 religioso
213 5325 298 5374 abbati
380 5325 407 5390 1))
427 5340 533 5389 queque,
553 5341 602 5390 quq
621 5327 654 5376 ad
738 5329 762 5391 c)
782 5327 916 5376 constructi
1000 5326 1027 5390 d)
1047 5325 1178 5375 Stabulaus
1197 5327 1244 5374 Leo
1327 5329 1352 5388 e)
1372 5325 1506 5388 apostolici
1524 5325 1649 5390 privilegii
1666 5325 1697 5384 L,
1716 5325 1754 5374 die

73 5397 214 5462 Faucuaeng
236 5398 300 5446 auch
324 5412 377 5445 narr
398 5398 443 5445 wie
466 5397 503 5446 bei
526 5413 574 5446 uns
663 5399 689 5462 l)
710 5397 910 5447 decernimusL
1000 5408 1027 5461 g]
1048 5397 1156 5447 edictum
1245 5396 1272 5460 h)
1291 5396 1417 5460 Sigeberti
1435 5397 1458 5444 L
1549 5398 1567 5459 ἱ)
1588 5396 1752 5446 ClodoveiL

72 5469 97 5532 Ιι)
116 5483 148 5519 ac
165 5469 189 5518 L
262 5469 281 5533 l)
301 5468 510 5518 constitutoresL
582 5477 618 5531 m)
631 5469 774 5519 LodviciL
846 5473 872 5532 ιι)
892 5470 1030 5533 Vergl.das
1042 5468 1174 5518 Nachwort
1245 5475 1271 5530 ο)
1285 5468 1459 5531 ceterisqueL
1532 5471 1560 5534 p)
1573 5469 1752 5517 inconvulsaL

72 5545 98 5605 q)
111 5540 268 5605 etproiecto
281 5540 431 5604 pretereaL
503 5543 525 5604 r)
539 5539 622 5591 abbati
695 5541 717 5604 s)
730 5541 795 5589 exL
868 5539 890 5604 t)
902 5540 1173 5590 MalmondrensinmL
1245 5551 1270 5603 u)
1284 5539 1449 5589 RemaclusL
1522 5551 1548 5604 v)
1561 5539 1752 5601 Stabelensium,

72 5614 130 5662 uun
145 5613 200 5661 dem
218 5617 295 5660 ersten
313 5625 328 5659 e
345 5612 384 5660 ein
401 5627 416 5660 u
431 5612 581 5676 gesctn'eben
664 5615 690 5676 x)
708 5613 742 5661 ob
760 5627 792 5661 eo
811 5612 934 5677 potiusL
1018 5615 1046 5677 y)
1064 5611 1210 5675 retragriL
1301 5620 1324 5676 z)
1345 5617 1369 5660 et
1386 5610 1416 5658 L.
1509 5616 1545 5676 .1)
1564 5613 1612 5661 Die
1630 5612 1753 5675 Absclmst

72 5683 145 5732 dvm
167 5683 287 5732 Urkunde
310 5683 431 5732 verdanke
449 5684 487 5733 ich
505 5684 589 5734 Herm
607 5685 770 5734 Bibliottekor
786 5685 835 5735 Dr.
855 5683 1032 5734 Leitschulr
1050 5683 1077 5732 in
1094 5683 1220 5748 Bamberg.
1263 5681 1339 5748 Vergl.
1361 5683 1398 5731 die
1420 5683 1537 5733 Urkrmde
1558 5681 1632 5749 Jaffe'
1646 5685 1705 5748 Reg.
1725 5684 1759 5732 Il

72 5755 107 5804 ed.
125 5755 194 5804 4172
212 5755 268 5804 und
282 5755 361 5805 3808.
