4126 6356
319 347 379 408 118

315 535 453 598 celerem
467 535 620 598 sortiatur
634 535 794 598 effectum.
833 535 1027 619 Eapropter,
1053 537 1162 601 dilecti
1179 539 1211 600 in
1228 537 1364 600 domino
1381 537 1446 611 filii,
1469 537 1584 600 vestris
1601 535 1690 599 iustis
1706 534 1990 618 postulationibus

315 624 491 686 clementer
522 625 701 701 annuimus,
733 635 766 688 et
796 626 1036 706 predecessoris
1066 629 1177 702 nostri,
1209 627 1310 690 felicis
1340 627 1497 690 memorie
1519 626 1684 689 Paschalis
1714 645 1811 707 pape,
1843 624 1989 704 vestigiis

315 713 507 790 inherentes,
534 715 733 796 precipimus
764 724 798 777 et
826 718 985 796 presentis
1018 718 1139 780 decreti
1170 718 1364 780 auctoritate
1386 717 1564 792 sancimus,
1598 735 1639 778 ne
1672 715 1825 795 cuiquam
1851 715 1989 776 omnino

315 822 471 884 persone,
502 803 634 880 clerico,
668 804 840 880 monach0,
873 805 957 868 laico
988 807 1220 890 cuiuscumque
1252 807 1375 869 ordinis
1406 815 1462 868 aut
1494 805 1662 886 dignitatis
1691 802 1901 885 presentibus
1932 811 1989 864 aut

316 891 428 954 futuris
458 893 661 974 temporibus
691 893 796 968 liceat,
829 897 1101 976 congregationes
1132 896 1203 959 illas
1227 905 1260 958 et
1283 896 1356 959 loca
1379 895 1442 972 illa,
1476 915 1539 976 que
1563 893 1746 957 Camaldoli
1769 893 1895 955 heremi
1919 893 1988 954 sive

315 981 444 1044 cenobii
464 980 670 1064 disciplinam
694 993 727 1046 et
750 983 898 1046 ordinem
914 996 1133 1067 susceperunt,
1158 1005 1287 1066 queque
1303 986 1403 1050 hodie
1418 984 1479 1048 sub
1497 984 1580 1046 illius
1596 984 1753 1065 regimine
1768 983 1989 1054 continentur,

314 1070 356 1133 ab
381 1071 450 1132 eius
472 1071 537 1133 ullo
562 1073 664 1134 modo
688 1073 891 1136 subiectione
914 1084 947 1136 et
970 1077 1093 1138 unitate
1117 1075 1271 1138 dividere.
1319 1073 1393 1155 Que
1407 1074 1560 1136 videlicet
1576 1072 1650 1135 loca
1665 1083 1698 1135 et
1713 1071 1989 1152 congregationes

314 1161 537 1223 conservande
560 1162 692 1224 unitatis
721 1163 826 1243 gratia
854 1163 1071 1243 singularibus
1093 1165 1163 1226 visa
1186 1174 1261 1227 sunt
1282 1163 1450 1226 vocabulis
1482 1162 1686 1225 annotanda:
1727 1162 1759 1223 in
1791 1161 1989 1242 episcopatu

314 1247 442 1311 Aretini
474 1252 708 1313 monasterium
739 1253 843 1314 sancti
873 1251 1051 1315 Salvatoris
1080 1254 1393 1334 Berardinghorum,
1428 1253 1532 1316 sancti
1562 1251 1647 1314 Petri
1680 1251 1712 1312 in
1744 1250 1841 1326 Rota,
1874 1259 1990 1312 sancte

315 1337 417 1401 Marie
448 1339 480 1402 in
511 1338 716 1421 Anagnano,
749 1343 852 1404 sancti
885 1341 1008 1422 Quirici
1039 1344 1072 1405 in
1102 1345 1207 1420 Rosa,
1238 1343 1406 1406 heremum
1426 1340 1454 1426 a)
1485 1342 1587 1416 Fleri,
1618 1340 1852 1402 monasterium
1882 1339 1989 1401 sancti

314 1427 443 1508 Virani,
482 1430 584 1491 sancti
608 1429 831 1493 Bartholomei
863 1432 895 1493 in
918 1431 1073 1513 Anglare,
1105 1433 1196 1495 iuxta
1217 1431 1380 1495 Valneum
1413 1431 1646 1494 monasterium
1676 1439 1789 1492 sancte
1817 1429 1924 1491 Marie
1956 1428 1990 1490 in

314 1517 434 1593 Trivi0,
467 1519 500 1580 in
524 1518 675 1582 Ghaliata
705 1521 939 1583 monasterium
962 1530 1074 1584 sancte
1098 1523 1201 1584 Marie
1225 1523 1257 1584 in
1280 1522 1406 1598 Insula;
1436 1522 1468 1583 in
1493 1521 1685 1601 episcopatu
1710 1516 1990 1581 Montisferetrani

315 1607 548 1670 monasterium
579 1609 699 1672 montis
721 1609 887 1686 Herculis;
923 1611 955 1671 in
986 1612 1181 1693 episcopatu
1204 1611 1538 1693 Forumpompiliensi
1562 1607 1725 1690 hospitale
1747 1606 1922 1684 Almerici;
1956 1607 1990 1666 in

314 1697 508 1778 episcopatu
531 1696 753 1761 Pensauriensi
778 1701 1010 1762 monasterium
1034 1702 1136 1763 sancti
1160 1701 1312 1776 Dicendi,
1346 1700 1513 1762 heremum
1535 1700 1562 1775 ¹²)
1586 1697 1704 1772 Faioli;
1736 1697 1768 1758 in
1792 1697 1989 1777 episcopatu

313 1786 515 1848 Bononiensi
540 1788 771 1850 monasterium
794 1790 899 1851 sancti
919 1786 1127 1871 Archangeli,
1150 1790 1240 1852 iuxta
1260 1797 1402 1852 castrum
1419 1789 1515 1852 Britti
1534 1784 1562 1872 b)
1586 1787 1688 1850 sancti
1705 1785 1840 1863 Felicis;
1864 1787 1898 1847 in
1922 1785 1989 1865 epi·

314 1882 450 1956 scopatu
467 1875 656 1939 Florentino
673 1879 903 1942 monasterium
925 1881 1028 1942 sancti
1044 1881 1129 1942 Petri
1148 1881 1179 1943 in
1194 1881 1296 1956 Luco,
1321 1879 1423 1941 sancti
1440 1876 1619 1942 Salvatoris
1635 1879 1726 1939 iuxta
1742 1876 1926 1951 civitatem;
1957 1875 1990 1936 iu

314 1965 507 2046 episcopatu
524 1966 686 2029 Fesulano
702 1969 936 2031 monasterium
952 1979 1064 2032 sancte
1080 1971 1184 2032 Marie
1199 1970 1231 2031 in
1247 1969 1395 2051 Poplena
1410 1977 1443 2031 et
1459 1967 1629 2031 ecclesiam
1645 1975 1757 2028 sancte
1774 1965 1990 2045 Margharite;

314 2054 347 2115 in
371 2055 563 2136 episcopatu
579 2055 760 2120 Vulterano
785 2059 1016 2121 monasterium
1039 2061 1142 2122 sancti
1158 2059 1243 2122 Petri
1265 2059 1297 2120 in
1313 2058 1487 2132 Fontiano,
1511 2065 1623 2120 sancte
1640 2055 1742 2117 Marie
1759 2055 1791 2116 in
1807 2053 1988 2126 Puliciano,

314 2145 417 2206 sancti
440 2145 525 2206 Petri
548 2145 582 2206 in
606 2143 748 2223 Cerreto,
771 2149 875 2210 sancti
899 2148 976 2210 lusti
999 2168 1106 2230 prope
1129 2149 1311 2225 civitatem;
1342 2149 1375 2209 in
1399 2147 1593 2229 episcopatu
1609 2145 1728 2206 Pisano
1752 2143 1991 2205 monasterium

314 2242 426 2295 sancte
455 2233 559 2295 Maric
592 2233 633 2297 de
657 2237 822 2313 Morrona,
854 2239 1087 2299 monasterium
1116 2239 1220 2300 sancti
1244 2236 1404 2319 Stephani
1436 2237 1469 2298 in
1497 2234 1652 2306 Cintoria,
1683 2233 1787 2296 sancti
1810 2231 1925 2295 Savini
1956 2231 1989 2293 in

314 2320 480 2398 Carasolo,
505 2323 537 2384 in
562 2322 633 2404 ipsa
656 2325 787 2388 civitate
811 2327 1044 2389 monasterium
1066 2328 1170 2390 sancti
1188 2325 1389 2402 Michahelis‚
1414 2325 1516 2388 sancti
1541 2323 1702 2400 Fridiani;
1733 2323 1766 2384 in
1790 2321 1988 2404 episcopatu

312 2411 449 2474 Lucano
472 2413 704 2476 monasterium
726 2415 830 2478 sancti
854 2414 1032 2479 Salvatoris
1060 2417 1094 2478 in
1117 2415 1323 2492 Cantiniano,
1356 2415 1459 2478 sancti
1482 2414 1568 2477 Petri
1593 2413 1625 2475 in
1647 2411 1808 2484 Puteolis;
1842 2411 1924 2472 item
1957 2411 1989 2472 in

313 2499 465 2564 Sardinia
487 2501 520 2563 in
537 2500 819 2586 archiepiscopatu
836 2503 993 2567 Turitano
1017 2507 1252 2568 monasterium
1268 2515 1381 2568 sancte
1396 2504 1565 2566 Trinitatis
1581 2503 1613 2563 in
1630 2501 1789 2575 Samaria,
1814 2500 1990 2562 ecclesiam

313 2590 416 2652 sancti
439 2589 524 2652 Petri
549 2590 590 2652 de
613 2590 760 2669 Scanno;
792 2593 871 2655 item
894 2593 927 2655 in
950 2594 1071 2657 Tuscia
1094 2596 1126 2658 in
1150 2596 1343 2677 episcopatu
1368 2593 1501 2658 Clusino
1525 2592 1694 2655 heremum
1716 2587 1792 2651 Vivi
1817 2590 1850 2651 in
1874 2597 1990 2651 monte

312 2680 448 2741 Amiato
465 2698 539 2741 cum
555 2681 708 2743 omnibus
723 2683 984 2763 supradictorum
1000 2683 1148 2746 locorum
1164 2684 1376 2766 pertinentiis.
1408 2683 1480 2745 Hec
1497 2683 1594 2762 igitur
1609 2679 1720 2742 omnia
1732 2699 1806 2741 cum
1823 2679 1988 2754 omnibus,

313 2769 356 2832 ad
388 2770 460 2850 ipsa
489 2771 687 2832 monasteria
716 2771 954 2852 pertinentibus
984 2774 1156 2835 statuimus
1195 2783 1228 2836 et
1258 2772 1441 2854 apostolice
1471 2771 1558 2834 sedis
1589 2769 1782 2832 auctoritate
1813 2769 1988 2844 sancimus,

312 2868 483 2938 tamquam
506 2877 624 2939 corpus
656 2880 756 2922 unum
778 2861 839 2923 sub
863 2881 929 2924 uno
959 2863 1077 2943 capite,
1110 2863 1145 2925 id
1168 2871 1218 2924 est
1240 2862 1301 2924 sub
1325 2863 1433 2943 priore
1457 2859 1716 2924 Camaldulensis
1739 2859 1873 2933 heremi,
1906 2867 1988 2920 tem·

312 2947 448 3029 poribus
471 2949 638 3028 perpetuis
660 2969 852 3030 permanere
883 2960 915 3013 et
939 2951 972 3012 in
996 2951 1079 3014 illius
1103 2951 1275 3033 discipline
1304 2950 1534 3013 observatione
1557 2949 1739 3030 persistere,
1771 2946 1832 3010 sub
1861 2946 1919 3008 illo
1944 2947 1988 3008 in·

314 3056 412 3118 quam
443 3035 562 3118 priore,
595 3038 649 3118 qui
681 3039 723 3101 ab
757 3039 857 3120 ipsius
887 3041 1151 3122 congregationis
1181 3039 1357 3103 abbatibus
1389 3041 1456 3102 sive
1488 3037 1651 3121 prioribus
1682 3047 1716 3098 et
1746 3035 1788 3098 ab
1819 3035 1988 3098 heremitis

313 3126 501 3207 regulariter
537 3125 674 3204 electus,
713 3139 880 3209 prestante
912 3130 1066 3207 domino,
1099 3130 1202 3193 fuerit.
1254 3131 1355 3193 Porro
1389 3128 1678 3210 congregationem
1709 3125 1816 3207 ipsam
1849 3125 1897 3187 ita
1927 3125 1987 3188 sub

313 3215 494 3297 apostolice
518 3215 605 3278 sedis
628 3217 730 3280 tutela
752 3226 913 3300 perpetuo
937 3219 1180 3283 confovendam
1204 3219 1417 3295 decernimus,
1441 3226 1477 3281 ut
1499 3216 1576 3281 nulli
1593 3217 1826 3297 episcoporum
1850 3213 1988 3277 facultas

311 3305 361 3378 sit,
386 3303 520 3384 aliquod
544 3324 586 3366 ex
608 3305 659 3368 his
682 3309 915 3372 monasterium
939 3309 1065 3391 absque
1088 3309 1206 3390 prioris
1228 3309 1457 3372 convenientia
1478 3307 1530 3368 vel
1554 3304 1737 3387 apostolice
1752 3303 1839 3365 sedis
1856 3303 1988 3365 licentia

313 3393 597 3456 excommunicare
627 3395 679 3458 vel
711 3416 730 3458 a
762 3397 880 3460 divinis
909 3397 1026 3461 officiis
1057 3397 1259 3461 interdicere.
1305 3397 1473 3460 Fratribus
1503 3405 1611 3458 autem
1636 3394 1714 3475 ipsis
1737 3392 1870 3454 licentia
1893 3393 1988 3468 sita

313 3504 379 3565 quo
405 3481 576 3546 maluerint
601 3485 763 3549 catholico
790 3487 958 3570 episcop0,
983 3488 1267 3551 consecrationum
1283 3497 1317 3549 et
1332 3486 1577 3548 ordinationum
1592 3491 1797 3546 sacramenta
1811 3483 1987 3562 suscipere.

312 3571 526 3636 Decemimus
550 3593 637 3654 erg0,
661 3585 697 3638 ut
720 3576 796 3639 nulli
822 3578 957 3640 omnino
973 3577 1145 3640 hominurn
1161 3577 1264 3652 liceat,
1288 3575 1417 3658 prefata
1432 3573 1629 3636 monasteria
1648 3581 1771 3634 temere
1786 3571 1988 3652 perturbare,

313 3673 368 3726 aut
390 3681 503 3726 eorum
526 3665 752 3743 possessiones
768 3666 893 3729 auferre
908 3667 960 3729 vel
977 3667 1104 3730 ablatas
1120 3667 1266 3742 retinere,
1290 3667 1436 3727 minuere
1459 3684 1515 3726 seu
1541 3661 1741 3743 quibuslibet
1756 3660 1988 3725 vexationibus

313 3753 463 3834 fatigare,
496 3751 555 3813 sed
586 3755 697 3817 omnia
727 3757 853 3838 integra
885 3766 1116 3820 conserventur
1146 3775 1276 3832 eorum,
1313 3775 1374 3836 pro
1408 3772 1547 3836 quorum
1576 3751 1816 3834 gubernatione
1847 3771 1887 3813 ac
1915 3750 1987 3814 sub·

312 3843 510 3906 stentatione
534 3861 691 3907 concessa
713 3854 796 3922 sunt,
820 3845 931 3908 usibus
955 3845 1154 3908 omnimodis
1177 3844 1355 3926 profutura.
1401 3840 1436 3906 Si
1460 3863 1526 3924 qua
1541 3842 1639 3922 igitur
1661 3841 1695 3902 in
1720 3839 1863 3902 futurum
1887 3840 1988 3904 eccle

312 3933 444 3995 siastica
465 3931 658 3995 secularisve
674 3953 823 4014 persona,
846 3934 931 3997 hanc
951 3945 1061 3998 nostre
1077 3935 1318 3998 constitutionis
1334 3934 1489 4015 paginam
1505 3931 1619 4006 sciens,
1644 3939 1760 3992 contra
1774 3949 1849 3992 eam
1865 3939 1988 3993 temere

311 4022 423 4084 venire
452 4021 677 4102 temptaverit,
712 4024 856 4086 secundo
888 4025 1025 4087 tertiove
1057 4025 1274 4098 commonita,
1314 4023 1374 4085 nisi
1405 4020 1689 4103 presumptionem
1718 4037 1811 4080 suam
1843 4039 1989 4100 congrua

312 4111 535 4174 satisfactione
559 4113 744 4186 correxerit,
778 4113 952 4194 potestatis
978 4112 1179 4193 honorisque
1208 4114 1256 4174 sui
1288 4121 1397 4174 careat
1428 4111 1587 4191 dignitate
1619 4127 1775 4189 reamque
1805 4127 1842 4169 se
1876 4108 1987 4170 divino

314 4200 433 4263 iudicio
458 4199 598 4262 existere
622 4201 663 4262 de
683 4211 871 4282 perpetrata
887 4203 1058 4283 iniquitate
1074 4209 1284 4282 congnoscat,
1308 4211 1341 4263 et
1356 4221 1377 4262 a
1392 4200 1610 4262 sacratissimo
1626 4217 1765 4279 corpore
1782 4205 1815 4259 et
1830 4197 1988 4278 sanguine

314 4290 365 4353 dei
399 4300 431 4352 et
462 4289 595 4364 domini,
629 4289 845 4371 redemptoris
876 4291 978 4353 nostri
1006 4291 1077 4353 lesu
1102 4289 1230 4365 Christi,
1254 4288 1448 4364 alienafiat,
1482 4298 1582 4369 atque
1604 4287 1637 4348 in
1661 4297 1811 4349 extremo
1836 4287 1988 4348 examine

314 4381 459 4444 districte
488 4377 603 4441 ultioni
636 4379 813 4442 subiaceat.
860 4378 992 4442 Cunctis
1023 4388 1141 4454 autem,
1175 4380 1300 4442 eisdem
1332 4377 1478 4441 cenobiis
1502 4377 1586 4439 iusta
1609 4376 1823 4451 servantibus,
1855 4377 1898 4438 sit
1921 4395 1988 4456 pax

313 4471 438 4533 domini
463 4468 564 4533 nostri
588 4468 659 4531 Iesu
685 4467 812 4546 Christi,
844 4469 997 4549 quatinus
1028 4468 1136 4531 ethic
1160 4469 1299 4531 fructum
1330 4468 1418 4531 bone
1449 4466 1587 4528 actionis
1616 4465 1802 4547 percipiant
1831 4473 1866 4527 et
1899 4462 1987 4546 apud

313 4560 495 4624 districtum
518 4555 660 4620 iudicem
683 4559 809 4639 premia
832 4568 941 4620 eterne
965 4559 1056 4640 pacis
1080 4558 1254 4620 inveniant.
1300 4555 1376 4618 Am.
1401 4554 1478 4618 Am.
1501 4553 1578 4617 Am.

527 4642 582 4728 (R)
607 4647 681 4727 Ego
704 4647 870 4728 Eugenius
893 4646 1053 4710 catholice
1076 4647 1211 4710 ecclesie
1235 4646 1410 4728 episcopus
1432 4665 1474 4708 ss.
1498 4644 1561 4723 (M)

526 4733 547 4818 †
567 4734 640 4816 Ego
665 4734 835 4798 Conradus
858 4736 1049 4801 Sabinensis
1071 4737 1247 4818 episcopus
1270 4757 1310 4798 ss.

526 4820 547 4905 †
569 4824 644 4906 Ego
668 4821 944 4908 GG.(Gregorius)
968 4826 1129 4908 presbiter
1151 4824 1325 4888 cardinalis
1347 4825 1395 4887 tit.
1420 4821 1538 4886 Calixti
1562 4842 1604 4884 ss.

525 4915 547 4993 †
569 4913 642 4994 Ego
667 4912 776 4977 Guido
800 4915 962 4995 presbiter
985 4914 1156 4978 cardinalis
1178 4915 1227 4977 tit
1250 4914 1353 4977 sancti
1378 4911 1554 4992 Grisogoni
1576 4931 1618 4973 ss.

525 5004 547 5082 †
568 5002 642 5083 Ego
667 5003 856 5067 Manfredus
879 5004 1041 5085 presbiter
1064 5003 1236 5066 cardinalis
1258 5005 1306 5066 tit.
1328 5011 1441 5065 sancte
1464 5000 1584 5063 Savine
1607 5021 1648 5063 ss.

526 5088 548 5174 †
570 5091 644 5172 Ego
666 5091 841 5156 Aribertus
864 5093 1025 5176 presbiter
1048 5092 1219 5155 cardinalis
1242 5094 1289 5156 tit.
1313 5099 1426 5154 sancte
1448 5089 1624 5152 Anastasis
1646 5110 1688 5152 ss.

526 5177 548 5264 †
570 5181 644 5263 Ego
667 5181 765 5245 Iulius
788 5183 950 5265 presbiter
972 5181 1144 5245 cardinalis
1166 5183 1215 5244 tit.
1238 5181 1341 5243 sancti
1366 5179 1511 5242 Marcelli
1534 5199 1575 5242 ss.

525 5269 547 5350 †
569 5271 643 5352 Ego
666 5271 818 5335 Ubaldus
840 5272 1003 5354 presbiter
1024 5269 1197 5334 cardinalis
1218 5270 1267 5332 tit.
1290 5278 1403 5332 sancte
1426 5268 1537 5333 Crucis
1560 5269 1593 5331 in
1616 5265 1792 5331 Ierusalem
1815 5286 1858 5328 ss.

526 5356 547 5443 †
570 5360 643 5442 Ego
668 5362 868 5425 Octavianus
890 5361 1052 5443 presbiter
1075 5358 1247 5422 cardinalis
1270 5359 1318 5421 tit.
1341 5368 1453 5421 sancte
1477 5357 1597 5421 Cecilie
1620 5378 1661 5419 ss.

526 5450 547 5528 †
569 5451 642 5532 Ego
666 5450 830 5515 Gerardus
857 5451 1019 5533 presbiter
1051 5447 1223 5512 cardinalis
1253 5449 1302 5511 tit.
1325 5448 1429 5510 sancti
1452 5443 1613 5529 Stephani
1637 5447 1670 5508 in
1694 5445 1786 5509 Celio
1811 5454 1926 5508 monte
1948 5465 1985 5507 ss.

526 5540 547 5618 †
570 5542 643 5624 Ego
667 5541 828 5604 Iohannes
851 5561 978 5623 paparo
1006 5538 1168 5621 presbiter
1197 5537 1369 5601 cardinalis
1396 5537 1500 5600 sancti
1522 5536 1687 5600 Laurentii
1718 5537 1751 5598 in
1775 5534 1926 5599 Damaso
1947 5554 1985 5598 ss.

356 5675 424 5682 -—.-
643 5676 738 5682 -.-

473 5735 498 5801 a)
521 5734 586 5786 Oder
602 5735 787 5787 heremitorium
857 5736 884 5802 b)
903 5735 961 5784 oder
976 5731 1052 5783 Bruti.
