4126 6356
318 315 378 390 ¹92

314 495 449 559 ecclesie
465 495 627 574 vobisque
642 491 841 567 subtrahere,
866 489 924 554 sed
941 494 1031 555 iuxta
1051 492 1079 578 a)
1095 490 1267 555 canonicas
1284 493 1468 555 sanctiones
1485 489 1593 553 omnia
1609 489 1746 553 ecclesie
1770 494 1982 553 reserventur.

313 585 385 647 Nec
407 587 438 646 in
454 584 591 647 ecclesia
612 585 682 664 ipsa
705 584 756 644 vel
781 583 811 643 in
833 581 967 662 capellis
983 583 1049 644 eius
1066 591 1180 644 contra
1195 581 1461 644 deliberationem
1478 589 1618 642 vestram
1635 581 1749 662 aliquis
1766 580 1980 661 presbiterum

314 675 489 737 clericosve
511 673 694 736 constituat.
740 669 870 733 Nemini
895 690 972 752 ergo
997 671 1134 733 facultas
1157 673 1210 746 sit,
1241 671 1411 733 ecclesiam
1435 671 1541 750 ipsam
1565 677 1688 732 temere
1712 668 1907 751 perturbare
1930 677 1982 731 aut

313 763 406 827 vobis
428 762 643 824 helemosinas
666 760 835 842 surripere,
860 780 925 840 que
948 780 990 821 ex
1015 768 1216 822 mortuorum
1233 761 1356 823 iudiciis
1372 757 1567 839 parrochiali
1583 759 1745 821 debentur
1761 757 1907 834 ecclesie,
1930 766 1982 820 aut

314 851 456 935 capellas
480 851 583 934 plebis
606 859 714 913 vestre
736 849 890 912 invadere
912 869 978 923 seu,
1000 868 1193 929 quecunque
1210 851 1311 930 ipsius
1334 844 1432 932 (sunt)
1455 847 1507 909 vel
1523 847 1649 923 fuerint,
1666 848 1868 930 quibuslibet
1891 866 1981 910 occa·

313 943 458 1005 sionibus
480 940 608 1004 auferre
626 939 664 1024 b),
687 939 775 1002 salva
797 941 830 1000 in
853 938 1004 1001 omnibus
1035 937 1218 1020 apostolice
1241 937 1328 1000 sedis
1352 939 1555 1000 auctoritate.
1609 936 1665 998 Ad
1690 938 1849 1000 indicium
1873 945 1980 998 autem

314 1031 520 1113 proprietatis
542 1028 637 1091 huius
661 1028 835 1090 duodecim
866 1047 1017 1091 nummos
1047 1027 1141 1090 nobis
1172 1029 1357 1108 nostrisque
1379 1024 1404 1111 c)
1427 1026 1671 1088 successoribus
1699 1026 1907 1107 persolvetis.
1950 1023 1981 1088 Si

314 1123 386 1200 quis
417 1130 535 1194 autem,
558 1119 682 1182 decreti
713 1115 809 1179 huius
829 1112 834 1200 Ι
855 1124 970 1179 tenore
1002 1120 1143 1198 cognito,
1174 1124 1298 1179 temere
1329 1115 1487 1178 contraire
1510 1118 1738 1196 temptaverit,
1774 1115 1835 1178 nisi
1862 1116 1928 1177 deo
1953 1123 1983 1176 et

314 1208 450 1273 ecclesie
479 1208 631 1272 fratribus
663 1205 871 1278 satisfecerit,
903 1207 1140 1288 omnipotentis
1170 1207 1223 1269 dei
1255 1213 1288 1268 et
1321 1205 1409 1267 beati
1431 1205 1525 1278 Petri,
1557 1203 1782 1286 apostolorum
1817 1205 1982 1288 principis,

313 1300 538 1381 indignatione
562 1296 731 1380 plectatur.
779 1293 869 1358 Am.
892 1329 937 1339 —

525 1387 579 1466 (R)
603 1384 676 1468 Ego
700 1385 867 1447 Adrianus
890 1382 1052 1447 catholice
1075 1383 1213 1446 ecclesie
1237 1383 1413 1465 episcopus
1436 1403 1476 1444 ss.
1500 1379 1563 1468 (M)

526 1476 545 1558 †
568 1477 641 1557 Ego
666 1473 842 1555 Gregorius
866 1472 1055 1537 Sabinensis
1079 1476 1255 1555 episcopus
1278 1490 1320 1534 ss.
1345 1469 1391 1556 (8)

526 1603 569 1613 -
591 1565 610 1646 †
633 1565 706 1646 Ego
730 1561 825 1625 lulius
848 1562 1009 1645 presbiter
1030 1562 1201 1624 cardinalis
1225 1563 1273 1624 tit.
1296 1563 1399 1624 sancti
1424 1559 1570 1624 Marcelli
1594 1579 1635 1622 ss
1659 1561 1705 1640 (2)

526 1655 546 1739 †
569 1653 641 1736 Ego
667 1651 822 1715 Girardus
847 1651 1009 1734 presbiter
1032 1651 1204 1715 cardinalis
1228 1654 1276 1713 tit.
1299 1651 1402 1713 sancti
1425 1649 1583 1731 Stephani
1606 1669 1647 1712 ss.

526 1741 642 1827 †Ego
671 1740 829 1805 lohannes
860 1740 1023 1825 presbiter
1054 1741 1224 1804 cardinalis
1256 1731 1442 1802 sanctorum
1475 1738 1628 1802 Iohannis
1662 1746 1695 1800 et
1718 1735 1832 1822 Plauli)
1856 1741 1906 1800 rie
1930 1736 1984 1799 Pa-

741 1829 859 1894 machii
883 1851 925 1892 ss.
948 1826 1003 1915 (3).

526 1921 547 2000 †
570 1921 642 2003 Ego
665 1919 825 1983 lohannes
848 1919 1009 2000 presbiter
1032 1918 1202 1982 cardinalis
1226 1919 1272 1981 tit.
1295 1926 1406 1998 sancte
1429 1917 1603 2001 Anastasie
1627 1935 1669 1978 ss.

527 2007 547 2092 †
571 2011 643 2091 Ego
668 2007 768 2072 Oddo
792 2011 949 2071 diaconus
973 2007 1145 2072 cardinalis
1169 2009 1270 2071 sancti
1295 2005 1426 2088 Georgii
1451 2007 1493 2068 ad
1517 2004 1636 2069 Velum
1661 2025 1795 2068 aureum
1820 2025 1862 2067 ss.

528 2097 547 2182 †
571 2099 644 2180 Ego
666 2097 828 2162 Rodulfus
852 2099 1010 2161 diaconus
1033 2097 1202 2160 cardinalis
1225 2105 1338 2159 sancte
1361 2096 1461 2159 Lucie
1485 2115 1525 2158 ss
1550 2091 1596 2179 (7)

475 2187 551 2251 Dat.
567 2189 725 2261 Laterani,
751 2208 809 2270 per
833 2208 963 2250 manum
979 2187 1131 2261 Rolandi,
1154 2195 1266 2249 sancte
1286 2186 1434 2249 Romane
1459 2184 1594 2248 ecclesie
1618 2184 1790 2266 presbiteri
1816 2183 1985 2245 cardinalis

317 2286 350 2340 et
373 2277 559 2340 cancellarii.
604 2275 874 2340 xv1K1.Madii.
919 2277 1101 2340 Indictione
1125 2289 1170 2338 VI.
1203 2276 1302 2339 Anno
1327 2287 1472 2338 MCLVIII.
1520 2273 1733 2336 Pontificatus
1763 2293 1841 2336 vero
1874 2273 1986 2334 domni

317 2365 453 2429 Adriani
478 2386 566 2449 pape
589 2381 640 2430 1111
664 2387 751 2429 anno
774 2381 834 2430 1111.

478 2482 521 2530 Or.
541 2478 681 2544 (comuniter
700 2481 727 2530 di
748 2481 810 2530 Colle
828 2481 897 2530 1158
915 2481 975 2543 Ape.
994 2481 1046 2541 16),
1064 2479 1098 2528 im
1116 2477 1229 2528 Arcbe'vr'o
1247 2478 1274 2526 dr'
1291 2479 1358 2527 State
1375 2495 1404 2527 su
1423 2477 1530 2528 Florem.

479 2553 548 2617 Perg.
574 2553 634 2612 ital,
653 2554 689 2602 br.
716 2555 800 2612 0,595,
824 2554 885 2616 lang
902 2552 969 2610 0,82,
993 2559 1068 2600 umen
1087 2553 1165 2610 0,028
1189 2550 1377 2615 umgescblagen,
1401 2549 1511 2598 durcb2
1533 2548 1623 2598 Lbrlrer
1636 2548 1700 2614 gr'ng
1716 2547 1753 2596 die
1772 2547 1879 2605 Scbmr,
1907 2545 1987 2595 welche

317 2623 361 2673 mit
378 2623 429 2672 dem
448 2624 502 2673 Blei
518 2626 633 2674 verloren.
670 2624 778 2688 Fallung
794 2625 837 2673 der
854 2624 950 2672 Bullen.
986 2623 1042 2671 Das
1058 2623 1108 2670 eine
1124 2626 1208 2680 Amen,
1229 2628 1302 2670 etwas
1312 2623 1367 2687 frer'
1379 2623 1478 2686 gestellt,
1489 2623 1558 2686 fibllt
1575 2621 1611 2670 die
1628 2623 1691 2670 letare
1710 2619 1777 2668 Zer'le.
1819 2617 1898 2667 (leber
1915 2619 1985 2683 Ring·

316 2696 387 2745 breue
404 2703 445 2744 etc.
464 2695 541 2744 nicbls
558 2696 671 2746 Sicberes.
707 2696 834 2761 Darirung
852 2696 896 2744 mit
908 2709 983 2759 gegen
1001 2694 1071 2742 Ende
1090 2693 1239 2742 sumbmmd
1254 2695 1322 2742 mebr
1336 2693 1479 2758 gestreckrm
1499 2693 1647 2757 Oberlia'ngrn
1664 2708 1719 2740 vom
1735 2691 1984 2754 Kommptschmter,

316 2767 401 2816 dasR
428 2767 537 2816 Rolands
560 2768 632 2816 dorin
654 2783 702 2816 von
725 2768 827 2816 anderer
849 2766 923 2814 Dinte
947 2766 1103 2830 er'ngetragen.
1146 2766 1195 2813 Von
1220 2766 1265 2813 den
1292 2765 1472 2831 Zeugenfirmm
1494 2765 1630 2814 errcbeimn
1648 2764 1752 2827 Bbcbos
1768 2763 1860 2829 Gregor
1884 2763 1939 2810 und
1952 2762 1986 2809 dr'e

316 2840 396 2888 beiden
413 2839 540 2887 Diakonen
562 2839 628 2887 wohl
648 2855 695 2887 von
716 2839 820 2903 gleirber
837 2837 918 2886 Hand
939 2838 993 2885 und
1008 2838 1090 2896 Dirrre,
1115 2837 1234 2886 vielleicbt
1248 2836 1311 2885 aurlr
1329 2837 1372 2885 der
1391 2837 1514 2901 Presbyter
1535 2836 1661 2901 Jobanrses
1679 2835 1851 2898 (Anastasia),
1877 2835 1985 2882 andern·

316 2911 370 2960 seits
386 2918 458 2959 uerter
473 2910 523 2960 sict
540 2925 588 2959 von
606 2911 648 2960 der
665 2909 801 2960 ndmlr'cbm
818 2910 898 2958 llrznd
912 2909 949 2957 die
969 2909 1091 2974 Presbyter
1112 2909 1207 2957 Gr'rara'
1220 2908 1276 2956 und
1294 2908 1421 2973 Jobannes
1438 2907 1575 2972 (Jobannr's
1591 2915 1614 2956 et
1633 2907 1724 2970 Pauli).
1762 2908 1817 2955 Der
1838 2906 1926 2955 Grbsse
1950 2905 1986 2952 des

319 2983 473 3048 Pergamenis
490 2982 658 3046 errtsprccbmd
673 2982 756 3032 wurdt
773 2982 810 3030 ein
829 2982 854 3030 Τ
850 2981 900 3029 bril
915 2981 958 3029 der
974 2980 1068 3044 Zeugm
1086 2979 1112 3027 in
1128 2979 1184 3028 sehr
1197 2995 1296 3044 grossos
1304 2980 1400 3028 Letrern
1417 2981 1575 3046 cingelragm.
1589 3007 1614 3016 -
1626 2979 1663 3026 Zu
1681 2979 1791 3027 beadercn
1809 2977 1847 3038 r'st,
1867 2978 1925 3027 dass
1940 2993 1986 3025 nur

317 3053 355 3103 ein
372 3056 449 3103 Amen
462 3055 617 3120 geretrt'und
631 3053 668 3103 ds'e
685 3053 869 3118 Datumformel
883 3052 909 3100 in
926 3051 970 3100 der
986 3051 1145 3100 Inkarnatr'on
1163 3052 1275 3100 uerkr'irst
1289 3053 1394 3101 worden.

1067 3256 1132 3332 Nr.
1159 3261 1244 3332 179.

317 3383 471 3452 Hadrian
488 3381 548 3450 IV
563 3387 680 3450 nimmt
700 3385 762 3451 das
779 3385 908 3451 Kloster
928 3387 997 3453 San
1021 3391 1130 3454 Pretro
1150 3388 1189 3452 di
1220 3387 1428 3469 Villamagna
1453 3385 1511 3467 (D.
1528 3382 1676 3470 Anagm')
1702 3387 1735 3449 in
1758 3385 1985 3468 apostolischen

663 3475 785 3541 Sabura
798 3478 867 3541 und
880 3477 1028 3561 bestr'z‘tigr
1040 3481 1126 3543 seine
1141 3478 1381 3542 Besr'tztbzi'mer
1398 3477 1466 3540 und
1480 3474 1595 3539 Recbte
1613 3475 1645 3561 ¹).

940 3597 1024 3658 1158
1040 3595 1117 3658 Mai
1130 3596 1180 3656 14.
1214 3594 1363 3656 Lateran.

477 3710 642 3773 Adrianus
666 3710 850 3792 episcopus
873 3731 983 3773 servus
1007 3731 1173 3774 servorum
1197 3711 1261 3785 dei,
1285 3709 1413 3771 dilectis
1428 3707 1500 3770 filiis
1515 3707 1649 3782 Amat0‚
1674 3710 1862 3770 monasterii
1888 3708 1985 3769 sancti

319 3797 405 3862 Petri
429 3800 471 3862 de
486 3797 574 3862 Villa
597 3820 716 3881 magna
739 3799 858 3875 abbati,
881 3803 1016 3880 eiusque
1039 3800 1197 3874 fratribus
1221 3809 1288 3861 tam
1312 3798 1516 3881 presentibus
1539 3818 1637 3878 quam
1661 3797 1784 3869 futuris
1808 3796 1985 3877 regularem

318 3890 417 3951 vitam
450 3889 616 3970 professis,
645 3903 683 3952 ΙΝ
706 3899 783 3950 ΡΡΜ.
807 3925 851 3934 -
870 3887 875 3974 Ι
896 3889 989 3951 Iustis
1011 3890 1192 3971 petentium
1215 3888 1383 3950 desideriis
1407 3887 1533 3949 facilem
1565 3907 1624 3949 nos
1656 3888 1808 3949 convenit
1832 3885 1985 3968 impertiri

319 3997 485 4040 assensum
518 3988 551 4042 et
580 3985 676 4054 vota,
716 3997 781 4058 quc
813 3981 989 4041 arationis
1019 3980 1150 4041 tramite
1181 3999 1245 4040 non
1278 3977 1481 4051 discordant,
1514 3973 1633 4038 effectu
1662 3983 1738 4037 sunt
1769 3983 1985 4057 prosequente

319 4065 523 4147 complenda.
568 4069 762 4148 Eapropter,
789 4065 911 4140 dillecti
935 4070 967 4130 in
992 4069 1127 4131 domino
1151 4066 1215 4142 filii,
1246 4068 1360 4129 vestris
1384 4067 1475 4128 iustis
1506 4064 1781 4147 postulationibus
1814 4064 1987 4126 clementer

319 4157 491 4218 annuimus
514 4166 547 4219 ct
570 4155 730 4238 prefatum
765 4157 1004 4231 monasterium,
1037 4157 1127 4236 quod
1152 4157 1262 4235 utique
1286 4155 1374 4218 beati
1399 4155 1484 4217 Petri
1510 4155 1584 4217 iuris
1607 4155 1727 4228 existit,
1758 4154 1820 4216 sub
1845 4154 1984 4217 eiusdem

319 4245 545 4325 apostolorum
574 4245 727 4326 principis
757 4253 791 4306 et
822 4255 931 4308 nostra
962 4246 1166 4326 protectione
1198 4243 1388 4325 suscipimus
1419 4251 1452 4306 ct
1484 4246 1644 4327 presentis
1677 4243 1786 4325 scripti
1818 4243 1984 4325 privilegio

320 4333 566 4397 communimus.
612 4331 808 4409 Statuentes,
831 4342 866 4396 ut
889 4354 1113 4418 quascumque
1138 4334 1369 4416 possessiones
1402 4353 1609 4415 quecumque
1641 4334 1728 4396 bona
1760 4333 1846 4394 idem
1882 4350 1985 4395 mona·

320 4424 453 4484 sterium
477 4425 509 4485 in
526 4424 760 4505 presentiarum
778 4425 861 4486 iuste
878 4431 911 4486 et
926 4425 1082 4486 canonice
1098 4423 1245 4506 possidet
1270 4431 1325 4484 aut
1345 4424 1377 4484 in
1399 4422 1542 4484 futurum
1559 4423 1771 4485 concessione
1788 4421 1985 4502 pontificum,

321 4511 492 4593 largitione
516 4532 628 4593 regum
652 4511 702 4574 vel
726 4513 919 4593 principum,
949 4512 1116 4576 oblatione
1138 4512 1285 4574 fidelium
1308 4532 1365 4574 seu
1389 4511 1459 4574 aliis
1490 4512 1581 4574 iustis
1614 4511 1721 4574 modis
1753 4512 1817 4573 deo
1849 4509 1985 4592 propitio

322 4603 444 4682 poterit
466 4601 609 4683 adipisci,
639 4599 732 4662 firma
755 4600 850 4663 vobis
873 4602 1052 4684 vestrisque
1076 4600 1319 4665 successoribus
1342 4609 1375 4663 et
1397 4599 1521 4663 illibata
1544 4608 1765 4682 permaneant.
1811 4599 1847 4660 In
1873 4599 1985 4678 quibus

321 4687 383 4752 hec
406 4691 546 4772 propriis
570 4689 721 4752 duximus
737 4691 951 4772 exprimenda
967 4691 1148 4754 vocabulis:
1181 4689 1300 4753 Villam
1318 4710 1480 4772 magnam,
1504 4691 1535 4752 in
1552 4711 1616 4772 qua
1632 4692 1740 4771 ipsum
1758 4690 1984 4751 monasterium

320 4781 418 4842 situm
442 4788 500 4854 est,
524 4799 597 4842 cum
621 4778 770 4842 districto
794 4780 895 4860 ipsius
918 4779 989 4843 ville
1013 4789 1046 4843 et
1069 4780 1219 4843 omnibus
1243 4780 1444 4862 pertinentiis
1467 4780 1542 4853 suis,
1567 4787 1714 4841 montem
1730 4777 1851 4852 Iuliani,
1876 4775 1986 4840 Monti-

322 4868 438 4930 ccllum
462 4869 523 4931 sub
546 4866 659 4931 Pesclu
684 4870 806 4931 maiore
829 4889 903 4932 cum
927 4870 1131 4952 pertinentiis
1154 4871 1235 4944 suis,
1269 4869 1375 4932 casale
1404 4869 1446 4931 de
1470 4867 1581 4943 Ferro,
1605 4877 1724 4931 terram
1754 4869 1787 4930 in
1810 4864 1987 4936 Piscarello,

323 4958 365 5020 ad
389 4957 571 5034 Fossatum,
595 4957 637 5021 de
659 4956 798 5032 Vatalla,
828 4967 947 5022 terram
978 4959 1020 5022 de
1042 4958 1185 5021 lohanne
1208 4957 1342 5032 Arente‚
1373 4967 1492 5020 terram
1524 4961 1556 5019 in
1581 4957 1773 5032 castaneto,
1806 4955 1985 5024 Mortillum,

323 5055 441 5109 terram
473 5049 505 5108 in
527 5047 700 5120 Bacaricia,
733 5047 764 5109 in
787 5045 928 5111 Fossatu
962 5049 1186 5111 molendinum
1219 5068 1326 5122 unum,
1359 5045 1474 5110 Casale
1496 5047 1587 5109 iuxta
1609 5045 1731 5109 flumen
1762 5054 1795 5108 et
1818 5047 1985 5127 canapinas

324 5137 411 5199 etin
435 5134 567 5198 flumine
591 5136 658 5199 duo
681 5135 878 5214 molendina,
902 5136 1026 5201 Molam
1059 5138 1278 5209 Todemundi,
1307 5144 1426 5198 terram
1457 5137 1487 5198 in
1511 5134 1595 5198 valle
1622 5137 1666 5199 de
1688 5133 1803 5211 Sacco,
1836 5144 1938 5198 terras
1958 5131 1984 5192 in

325 5224 508 5300 Tosorano,
540 5224 624 5307 Rigu
655 5226 698 5287 de
722 5233 795 5288 orto
819 5229 907 5289 etin
931 5225 1180 5298 Plaianrdani,
1211 5224 1440 5288 Fruschettum
1465 5223 1635 5302 Guidonis,
1667 5222 1785 5288 collem
1810 5223 1985 5292 Cervinum,

323 5321 442 5376 terram
466 5315 498 5376 in
522 5314 659 5389 Mortuo,
684 5315 771 5395 apud
794 5325 942 5379 sanctum
964 5315 1094 5379 Petrum
1119 5315 1149 5378 in
1166 5311 1292 5376 Formis
1316 5312 1451 5377 domum
1476 5335 1574 5377 unam
1598 5323 1631 5377 et
1655 5315 1808 5377 undecim
1833 5312 1983 5376 casulares

325 5405 357 5465 in
374 5405 516 5485 regione,
541 5424 605 5485 que
624 5400 652 5486 d)
668 5412 802 5466 vocatur
817 5406 970 5486 Burgeto,
994 5414 1112 5468 terram
1128 5405 1171 5466 de
1184 5405 1314 5478 Macati,
1336 5403 1478 5468 vineales
1494 5407 1526 5466 in
1544 5401 1654 5486 Gurga
1671 5404 1714 5467 de
1730 5402 1830 5476 Maio,
1854 5399 1985 5464 casalem

325 5491 368 5554 de
390 5490 496 5554 Altitu
519 5511 592 5555 cum
616 5490 712 5567 silvis,
741 5497 871 5573 pascuis
895 5503 1023 5557 etcum
1047 5493 1202 5556 omnibus
1225 5495 1291 5555 suis
1315 5493 1516 5570 utilitatibus,
1539 5498 1680 5573 quatuor
1704 5511 1793 5555 masc
1817 5495 1850 5554 in
1876 5489 1985 5570 Gorga.

485 5635 510 5700 a)
528 5635 592 5683 iusta
680 5634 707 5698 b)
727 5635 825 5697 aufemi,
843 5633 941 5685 diurni
958 5639 1041 5686 Rasrr
1130 5635 1156 5702 c)
1174 5634 1204 5683 tri
1222 5634 1274 5696 aus
1287 5635 1371 5683 Rasrrr
1458 5633 1484 5698 d)
1505 5634 1554 5697 qul.
1574 5671 1627 5678 -.
1646 5636 1683 5701 ,1)
1709 5634 1785 5699 Vergl.
1805 5633 1842 5682 die
1864 5633 1923 5685 [Μ.
1939 5643 1987 5678 rtem

329 5709 361 5756 10
372 5705 427 5754 Mai
439 5707 502 5756 1154
520 5707 575 5754 und
589 5710 605 5755 6
619 5707 725 5771 Junuar
738 5709 813 5756 1174.
