4090 6358
303 375 326 440 6

304 565 356 629 Ex
380 573 473 648 parte
496 575 605 630 autem
628 588 686 630 sua
718 569 894 650 supradicti
926 570 1073 633 canonici
1103 577 1296 652 acceperant
1335 566 1508 630 ecclesiam
1540 568 1583 630 de
1606 567 1799 632 Hesmereio
1824 568 1856 629 in
1880 563 1979 629 Viro·

305 657 473 719 mandensi
498 676 594 739 pago,
626 657 658 720 in
682 657 786 720 Roeio
811 679 958 721 mansum
983 660 1250 723 indominicatum
1275 677 1348 720 cum
1372 657 1464 719 terris
1489 657 1637 738 optimis,
1670 659 1702 720 in
1728 657 1802 720 Cais
1826 675 1978 719 mansum

305 745 569 808 indominicatum
605 767 679 808 cum
703 759 753 811 VtI
777 748 896 811 mansis
930 756 964 811 et
997 749 1134 812 dimidio
1167 746 1211 810 illi
1246 748 1415 820 subiectis,
1449 747 1480 807 in
1505 745 1646 808 Marisco
1683 767 1782 809 unum
1818 765 1977 808 mansum.

304 833 529 897 Benivolentia
544 835 641 917 igitur
660 835 743 899 illius
764 837 854 900 ducti
877 840 1040 918 tantisque
1056 837 1206 920 precibus
1222 836 1365 899 inclinati
1383 835 1561 898 inviolabili
1578 837 1771 899 auctoritate
1795 837 1980 908 statuimus,

305 932 340 986 ut
352 925 382 986 in
393 925 545 1005 proprios
562 945 637 987 usus
652 924 713 988 hec
730 929 839 989 omnia
851 927 1037 1009 supradicta
1054 929 1225 991 memorati
1239 925 1423 988 eternaliter
1435 933 1569 987 teneant
1580 927 1736 988 canonici.
1764 924 1979 987 Decrevimus

304 1014 412 1088 etiam,
429 1021 463 1075 ut
478 1032 542 1092 que
554 1035 574 1076 a
586 1013 745 1096 religiosis
760 1014 952 1079 christicolis
968 1018 1093 1080 noviter
1108 1018 1183 1079 data
1200 1016 1380 1098 possident,
1396 1016 1522 1094 absque
1535 1013 1599 1077 ulla
1616 1017 1810 1097 repetitione
1826 1034 1882 1076 seu
1900 1033 1979 1075 con-

302 1102 497 1164 tradictione
513 1111 658 1166 teneant:
685 1105 717 1167 in
734 1105 949 1169 Noviomensi
965 1106 1088 1170 scilicet
1104 1127 1191 1188 pago
1209 1106 1423 1169 hereditatem
1440 1106 1609 1186 optimam,
1633 1104 1665 1166 in
1680 1104 1853 1167 Laciniaco
1870 1101 1979 1164 villam

304 1212 323 1254 a
339 1189 513 1254 Heroardo
530 1192 632 1255 milite
648 1192 709 1256 illis
726 1214 927 1270 concessam,
951 1197 982 1257 in
999 1194 1250 1259 Viromandensi
1267 1214 1354 1276 pago
1372 1194 1546 1275 Crupeium
1564 1213 1638 1255 cum
1655 1193 1798 1267 ecclesia,
1815 1213 1913 1272 quam
1931 1192 1980 1253 eis

303 1281 441 1343 dederat
458 1281 578 1344 Cecilia
595 1290 753 1358 matrona,
778 1285 809 1345 in
824 1283 928 1347 Hislei
944 1293 1045 1347 terras
1061 1285 1165 1348 bonas
1180 1306 1200 1347 a
1214 1282 1359 1346 Gontero
1376 1291 1409 1345 et
1425 1281 1586 1345 Hersinde
1603 1283 1705 1355 datas,
1721 1283 1752 1344 in
1770 1282 1981 1346 Camberona

303 1372 412 1432 vineas
429 1377 461 1432 et
476 1378 578 1433 terras
595 1371 798 1435 aRamelino
814 1374 959 1447 traditas,
976 1375 1008 1436 in
1025 1373 1239 1437 Noviomensi
1256 1391 1389 1455 quoque
1406 1392 1493 1454 pago
1510 1370 1649 1434 villulam
1663 1369 1837 1453 Spinetum
1854 1371 1980 1433 dictam

303 1479 376 1521 cum
401 1459 594 1522 molendinis
619 1469 652 1524 et
675 1461 827 1524 omnibus
850 1463 892 1524 ad
917 1463 1004 1525 illam
1029 1463 1265 1546 pertinentibus
1288 1463 1378 1524 dono
1394 1462 1550 1524 Amelrici
1574 1469 1608 1524 et
1629 1458 1711 1534 Ode,
1736 1481 1793 1523 sue
1817 1461 1981 1540 coniugis,

303 1557 500 1630 susceptam,
523 1550 554 1610 iu
578 1550 750 1614 Besincort
772 1549 988 1614 hereditatem
1013 1571 1077 1632 que
1102 1553 1159 1615 fuit
1174 1550 1333 1614 Remelini
1349 1572 1368 1614 a
1384 1550 1540 1625 Rotrude,
1563 1571 1622 1613 sua
1646 1551 1793 1631 coniuge,
1816 1547 1877 1612 illis
1901 1569 1982 1611 con·

303 1658 446 1712 cessam,
481 1638 513 1700 in
535 1637 790 1702 Viromandensi
816 1642 894 1704 item
925 1643 1088 1704 territorio
1120 1642 1199 1705 illud
1232 1642 1365 1716 donum,
1396 1640 1485 1720 quod
1517 1661 1577 1722 pro
1611 1640 1759 1702 remedio
1789 1640 1895 1701 anime
1919 1658 1981 1700 sue

303 1728 468 1789 canonicis
504 1731 667 1790 concessit
699 1727 902 1793 Hadevuidis
932 1733 963 1793 in
998 1730 1184 1794 Dalmereio
1217 1740 1250 1794 et
1279 1732 1312 1792 in
1342 1728 1483 1792 Hatonis
1518 1737 1626 1803 curte,
1660 1748 1790 1790 omnem
1823 1727 1981 1790 videlicet

303 1815 529 1891 hereditatem,
552 1836 651 1896 quam
675 1817 719 1880 ibi
742 1820 950 1901 possederat,
981 1821 1050 1884 sine
1081 1821 1190 1884 liberis
1214 1822 1299 1882 enim
1331 1839 1429 1882 omne
1451 1820 1518 1883 vite
1540 1839 1598 1882 sue
1622 1827 1752 1901 tempus
1775 1817 1980 1898 transigeret

303 1904 376 1967 Hec
401 1906 507 1968 omnia
531 1908 720 1988 supradicta
743 1917 776 1972 et
800 1928 929 1991 queque
953 1911 996 1973 ab
1020 1913 1162 1990 antiquis
1192 1909 1400 1991 temporibus
1430 1908 1490 1990 ipsi
1514 1906 1663 1971 canonici
1687 1907 1717 1969 in
1740 1906 1878 1970 ecclesia
1901 1925 1981 1988 pos·

302 1994 502 2056 sessionibus
525 2002 697 2059 tenuerant
720 2006 753 2060 et
777 2018 841 2078 que
865 1998 991 2074 abhinc,
1022 2001 1087 2063 deo
1112 2007 1282 2073 annuente,
1305 1998 1417 2061 addita
1441 1998 1478 2060 iis
1501 1997 1628 2073 fuerint,
1653 1996 1760 2058 stabili
1783 1997 1980 2059 auctoritate

303 2086 498 2159 sanccimuS,
531 2091 566 2146 ut
596 2086 740 2148 iamdicti
778 2096 891 2150 sancte
915 2090 1018 2152 Marie
1041 2089 1187 2152 canonici
1217 2089 1248 2150 in
1280 2088 1431 2170 proprios
1455 2107 1530 2150 usus
1560 2094 1692 2149 teneant
1715 2085 1884 2167 nullusque
1907 2087 1981 2147 sine

303 2175 452 2255 corporis
483 2182 516 2236 et
546 2173 652 2238 anime
679 2176 879 2240 detrimento
904 2178 948 2240 eis
978 2179 1020 2240 de
1043 2177 1102 2242 hiis
1127 2177 1282 2252 molestus
1306 2179 1434 2241 existat.
1481 2177 1516 2240 Si
1541 2177 1612 2256 quis
1634 2183 1743 2238 autem
1768 2183 1981 2256 presumptor

302 2271 358 2325 aut
380 2263 571 2324 temerarius
594 2263 741 2326 inventus
769 2265 879 2341 fuerit,
914 2268 983 2330 sive
1015 2267 1159 2344 clericus,
1192 2268 1261 2330 sive
1284 2265 1394 2342 laicus,
1427 2268 1482 2346 qui
1510 2266 1553 2328 de
1575 2264 1652 2339 hiis,
1685 2283 1749 2344 que
1772 2263 1980 2346 apostolatus

303 2352 403 2413 nostri
427 2370 562 2414 censura
584 2372 685 2435 super
707 2352 770 2417 hoc
791 2356 1004 2430 decrevimus,
1029 2356 1147 2438 aliquid
1172 2355 1310 2420 evellere
1333 2357 1543 2438 temptaverit
1566 2363 1622 2417 aut
1644 2354 1676 2415 in
1700 2353 1810 2435 aliquo
1836 2353 1980 2415 minuere

302 2449 359 2503 aut
381 2440 586 2523 disrumpere
610 2446 854 2527 presumpserit,
877 2445 965 2520 sciat,
998 2465 1033 2509 se
1057 2447 1110 2509 dei
1135 2447 1371 2528 omnipotentis
1395 2445 1474 2508 odio
1499 2454 1532 2507 et
1554 2443 1680 2506 domini
1703 2443 1814 2518 nostri,
1845 2449 1981 2525 aposto·

303 2528 407 2591 lorum
432 2529 585 2611 principis
611 2530 695 2595 Petri
718 2541 818 2615 atque
841 2534 939 2610 Pauli,
963 2543 995 2597 et
1019 2537 1161 2598 omnium
1185 2543 1370 2597 sanctorum
1394 2533 1609 2597 anathematis
1633 2531 1761 2595 vinculo
1784 2531 1979 2595 innodatum

303 2625 431 2681 etcum
464 2618 596 2681 diabolo
627 2629 726 2703 atque
754 2643 828 2686 curn
853 2623 942 2698 luda,
974 2625 1131 2688 traditore
1164 2624 1288 2686 domini
1317 2625 1417 2686 nostri
1446 2625 1517 2686 lesu
1542 2621 1669 2696 Christi,
1703 2621 1805 2685 eterni
1838 2620 1981 2682 incendii

302 2708 466 2790 supplicio
490 2712 776 2787 concremandum,
807 2731 1033 2794 necunquam
1059 2713 1189 2795 prefato
1214 2711 1421 2776 anathemate
1445 2711 1691 2786 absolvendum,
1721 2711 1780 2773 nisi
1805 2711 1980 2792 resipuerit

303 2804 337 2860 et
368 2798 410 2860 ad
443 2797 697 2862 satisfactionem
731 2803 867 2864 venerit.
915 2802 996 2877 Fiat,
1032 2802 1096 2878 fiat,
1132 2802 1196 2866 fiat.
1242 2800 1276 2865 Si
1308 2803 1379 2882 quis
1412 2822 1489 2864 vero
1522 2809 1631 2864 custos
1663 2807 1697 2862 et
1729 2800 1924 2862 observator
1946 2801 1980 2861 in

303 2886 458 2948 omnibus
490 2886 588 2950 fuerit
616 2887 710 2953 huius
742 2891 842 2953 nostri
876 2892 1047 2974 apostolici
1082 2891 1240 2974 privilegii
1273 2891 1531 2966 constitutionis,
1566 2889 1805 2953 benedictionis
1840 2890 1978 2971 gratiam

301 2977 469 3055 vitamque
494 2984 639 3042 eternam
662 3001 682 3041 a
712 2980 1015 3044 misericordissimo
1045 2983 1181 3045 domino
1213 2982 1277 3044 deo
1302 2989 1415 3044 nostro
1439 2981 1597 3061 consequi
1626 2987 1790 3042 mereatur
1812 2978 1844 3041 in
1868 2977 1980 3040 secula

301 3064 496 3128 seculorum.
542 3066 624 3145 Fiat,
647 3068 712 3144 fiat,
736 3068 802 3132 fiat.
826 3108 868 3118 -
893 3071 1057 3152 Scriptum
1082 3091 1141 3154 per
1164 3091 1278 3134 manus
1302 3069 1389 3133 Petri
1418 3069 1582 3133 scriniarii.
1625 3083 1649 3131 x
1672 3067 1725 3130 Kl.
1750 3068 1883 3150 Aprilis.
1930 3068 1980 3130 In·

302 3153 443 3217 dictione
459 3167 516 3218 XV.

460 3271 585 3336 Abschn'st
600 3273 641 3321 des
662 3273 743 3322 Chare.
763 3273 832 3338 capit.
851 3273 960 3324 Novium.
984 3275 1013 3324 G.
1034 3275 1101 3324 1984
1111 3275 1161 3340 sol.
1181 3276 1223 3334 51,
1242 3273 1276 3324 im
1294 3272 1585 3339 Depertemenlalarchive
1601 3287 1632 3320 zu
1650 3271 1778 3321 Beauvais.

461 3342 510 3392 Die
531 3343 648 3394 Urkunde
669 3343 761 3394 nuhaa
781 3346 852 3395 vr'eles
878 3345 1084 3411 Ungewdknlichae,
1108 3362 1134 3395 so
1152 3345 1231 3412 gler'clt
1253 3347 1290 3397 die
1307 3347 1414 3406 Adversa,
1440 3346 1477 3395 die
1494 3347 1542 3396 Art
1564 3343 1608 3394 der
1630 3343 1796 3410 Erwmmng
1818 3343 1858 3392 des
1886 3341 1980 3391 Toleta-

301 3411 399 3463 m'schen
422 3413 530 3474 Konar'ls,
557 3416 595 3464 ein
617 3415 688 3465 Yher'l
708 3416 751 3466 der
769 3416 949 3484 Formulimng,
977 3418 1014 3466 dic
1037 3417 1196 3484 sweimalrgm
1218 3417 1271 3468 drei
1292 3417 1335 3468 fiat
1362 3434 1403 3467 am
1421 3417 1527 3479 Schluss,
1558 3416 1643 3467 Petrus
1667 3431 1718 3466 nur
1741 3417 1779 3464 als
1796 3414 1910 3465 Scriniar
1926 3421 1979 3474 etc,

301 3485 350 3534 wir
374 3485 468 3534 kdnm
494 3486 589 3536 deskalb
615 3487 683 3536 nicht
706 3489 793 3537 umhs'n
817 3489 862 3538 das
885 3489 1047 3554 Schn'ftsn'tck
1074 3491 1112 3539 als
1135 3490 1276 3556 verddchn'g
1300 3506 1330 3539 zu
1352 3489 1475 3550 erkliiren,
1502 3486 1649 3554 wenngleiclt
1671 3488 1715 3538 der
1731 3487 1810 3537 Name
1832 3487 1873 3536 des
1893 3485 1981 3536 Palm

300 3556 373 3606 schon
390 3559 443 3623 auf
455 3557 517 3608 echte
539 3559 639 3625 Varlage
655 3559 741 3610 deutm
759 3561 849 3612 dic'rfte.

1067 3849 1134 3924 Nr.
1167 3853 1201 3923 7.

300 3991 490 4074 †Benedict
513 3992 605 4059 VIII
623 3995 717 4060 rhez'lt
736 3997 823 4060 allen
847 3997 999 4064 cerasten
1015 4001 1083 4078 mit,
1104 4000 1184 4064 dass
1206 4019 1244 4062 er
1263 3997 1460 4083 densent'gen,
1485 3997 1602 4061 welche
1623 4019 1663 4060 zu
1678 3996 1842 4080 gewassen
1863 3997 1979 4063 Zeiten

345 4082 406 4146 das
423 4081 553 4147 Kloster
567 4082 726 4170 Neuburg
740 4085 801 4167 (D.
818 4087 1010 4173 Augsburg)
1025 4088 1176 4154 besuclten
1191 4089 1316 4153 oderes
1331 4085 1520 4164 berez'clzern,
1545 4086 1726 4169 Indulgens
1740 4085 1872 4150 ertheile
1890 4089 1929 4168 ¹).

998 4226 1086 4286 1020
1101 4222 1236 4298 Januar
1249 4225 1278 4286 3.

460 4352 657 4415 Benedictus
689 4355 873 4438 episcopus,
904 4377 1016 4420 servus
1046 4376 1213 4420 servorum
1237 4357 1299 4432 dei,
1331 4355 1463 4439 singulis
1487 4376 1524 4418 ac
1550 4354 1704 4417 universis
1727 4362 1839 4416 sancte
1863 4357 1979 4419 matris

301 4440 439 4504 ecclesie
462 4439 532 4503 filiis
554 4442 692 4505 salutem
718 4452 750 4506 et
773 4445 989 4528 apostolicam
1014 4447 1287 4510 benedictionem.
1334 4443 1497 4527 Quoniam
1521 4453 1635 4508 sancta
1654 4444 1805 4506 Romana
1830 4443 1978 4522 ecclesia,

301 4549 365 4612 que
388 4531 475 4593 bene
498 4530 633 4593 fundata
655 4541 705 4594 est
727 4553 825 4614 supra
849 4535 974 4598 firmam
999 4545 1137 4618 petram,
1161 4535 1225 4599 hoc
1247 4555 1381 4618 semper
1403 4535 1518 4598 habuit
1539 4553 1616 4598 vere
1640 4532 1785 4595 karitatis
1808 4534 1980 4610 indicium,

301 4628 336 4682 ut
358 4621 401 4682 de
417 4628 601 4683 exterarum
626 4623 785 4703 gauderet
808 4624 967 4706 proffectu
990 4625 1208 4700 ecclesiarum,
1234 4627 1395 4708 competit
1418 4634 1531 4687 nostro
1548 4621 1732 4706 apostolico
1750 4624 1979 4700 moderamini,

301 4717 337 4771 ut
360 4729 429 4785 nos,
452 4711 508 4791 qui
532 4711 641 4773 eidem
657 4711 723 4774 deo
746 4721 880 4776 auctore
903 4714 1113 4791 deservimus,
1138 4717 1352 4777 intentionem
1377 4714 1508 4796 pietatis
1532 4732 1668 4795 operum
1686 4710 1802 4775 Christi
1827 4712 1978 4776 fidelium

300 4798 332 4860 in
363 4797 490 4861 filiabus
525 4808 559 4862 et
592 4797 662 4862 filiis
692 4800 867 4865 ferventius
890 4804 1123 4880 accendamus,
1157 4811 1328 4886 sperantes
1350 4805 1399 4866 sui
1424 4805 1533 4884 operis
1556 4800 1678 4864 habere
1702 4803 1905 4882 portionem,
1931 4804 1978 4880 si,

301 4889 438 4970 quoda)
468 4887 596 4951 illorum
628 4897 678 4952 est
701 4911 761 4973 per
791 4889 955 4968 laborem,
989 4903 1134 4956 nostrum
1166 4894 1301 4956 facimus
1325 4912 1385 4974 per
1416 4894 1593 4954 caritatem.
1640 4889 1845 4954 Affectantes
1869 4893 1978 4972 igitur,

302 4984 337 5039 ut
372 4978 602 5041 monasterium
637 4981 938 5064 sanctimonialium
964 4984 995 5044 in
1029 4981 1219 5063 Newnburg
1253 4982 1374 5044 ordinis
1401 4982 1505 5043 sancti
1538 4979 1717 5054 Benedicti,
1754 4979 1979 5062 Augustensis

302 5067 462 5145 dyocesis,
493 5067 533 5129 ad
559 5066 719 5131 honorem
743 5069 842 5134 beate
865 5071 967 5134 Marie
990 5092 1122 5153 semper
1144 5073 1279 5152 virginis
1308 5072 1443 5152 eiusque
1474 5068 1679 5153 paranimphi
1711 5069 1798 5132 beati
1823 5067 1980 5134 iohannis

301 5155 499 5238 evangeliste
532 5156 717 5234 fundatum,
748 5161 897 5242 congruis
929 5159 1109 5224 honoribus
1144 5161 1367 5242 frequentetur
1399 5179 1438 5221 ac
1474 5159 1589 5240 iugiter
1624 5180 1642 5222 a
1674 5157 1791 5222 Christi
1823 5158 1979 5224 fidelibus

300 5243 488 5321 honoretur,
511 5246 661 5309 omnibus
684 5267 760 5311 vere
780 5250 1008 5330 penitentibus,
1032 5251 1188 5313 confessis
1212 5256 1246 5312 et
1269 5249 1423 5324 contritis,
1448 5251 1504 5328 qui
1528 5249 1569 5310 ad
1594 5249 1716 5311 dictum
1742 5249 1978 5312 monasterium

300 5336 331 5396 in
355 5335 488 5416 singulis
517 5338 583 5398 suis
613 5346 826 5418 patronorum
850 5339 1078 5403 festivitatibus
1110 5348 1143 5402 et
1172 5339 1203 5400 in
1234 5338 1387 5401 omnibus
1420 5337 1550 5401 aliisae
1582 5336 1710 5419 singulis
1733 5337 1980 5414 festivitatibus

299 5423 451 5488 videlicet
472 5425 589 5488 natalis
612 5425 745 5501 domini,
770 5429 1029 5504 circumcisionis,
1059 5427 1243 5512 epiphanie,
1274 5447 1459 5508 parasceve,
1491 5446 1599 5509 pasce,
1631 5428 1837 5503 ascensionis,
1861 5437 1978 5509 pente-

300 5521 417 5589 costes,
447 5513 606 5590 trinitatis,
636 5517 783 5597 corporis
807 5516 933 5593 Christi,
957 5519 1151 5580 inventionis
1175 5526 1208 5580 et
1231 5516 1439 5580 exaltationis
1463 5525 1576 5580 sancte
1599 5517 1712 5591 crucis,
1745 5517 1918 5580 nativitatis
1944 5527 1980 5582 et

301 5781 393 5848 (¹880)
413 5781 433 5830 S
459 5709 587 5831 ¹³9l9‘ll'ld·
626 5749 668 5756 —·
696 5713 803 5769 ·1lAus
822 5715 991 5764 Rottnaaimcrr
1008 5712 1123 5763 Abdruck
1148 5713 1174 5762 in
1192 5713 1237 5761 den
1256 5713 1368 5762 Bldtlern
1386 5713 1441 5778 fiir
1458 5713 1503 5761 das
1520 5711 1641 5778 bayrr'sche
1673 5711 1895 5778 Gymrmsialwesm
1913 5713 1985 5764 XVI
