4142 6366
315 309 380 378 280

312 507 502 565 assumatur.
549 497 635 582 Quia
657 498 755 584 igitur
778 499 1046 568 constitutionem
1062 504 1165 584 istam,
1189 517 1225 571 ut
1241 508 1396 572 maiorem
1413 507 1600 572 firmitatem
1618 505 1774 586 obtineat,
1800 505 1979 591 postulatis,

312 591 496 672 scriptionis
512 593 691 654 munimine
714 592 870 666 roborari,
893 614 953 656 nos
968 597 1081 658 vestris
1096 598 1185 660 iustis
1201 598 1473 680 postulationibus
1489 607 1676 674 annuentes,
1700 618 1772 662 eam
1790 601 1981 663 auctoritate

313 679 496 762 apostolica
526 681 757 745 confirmamus
789 691 822 746 et
851 686 1032 764 praesentis
1064 687 1174 768 scripti
1206 689 1386 769 patrocinio
1418 689 1666 752 communimus.
1720 686 1920 762 statuentes,
1949 695 1982 750 ut

313 769 389 832 nulli
413 769 545 832 omnino
569 768 737 834 hominum
762 771 866 847 liceat,
897 771 981 836 hanc
1004 777 1158 856 paginam
1183 785 1312 839 nostrae
1346 776 1602 839 confirmationis
1625 776 1801 860 infringere
1832 777 1883 840 vel
1908 797 1983 839 ausu

312 860 486 922 temerario
510 860 679 922 contraire.
724 857 759 922 Si
782 861 853 944 quis
875 868 984 925 autem
1009 862 1091 926 haec
1114 873 1274 928 attentare
1301 867 1562 948 praesumpserit,
1592 867 1852 948 indignationem
1884 867 1985 930 omni·

312 949 455 1030 potentis
478 948 530 1011 dei
554 955 588 1012 et
610 948 781 1013 beatorum
807 949 892 1014 Petri
918 960 951 1014 et
973 952 1073 1029 Pauli,
1100 955 1325 1036 apostolorum
1349 957 1427 1032 eius,
1458 974 1494 1017 se
1518 957 1647 1020 noverit
1669 957 1885 1020 incursurum
1908 953 1979 1039 -ξ

312 1036 434 1101 Datum
458 1036 602 1114 Velletri,
625 1038 712 1102 Non.
737 1039 870 1122 Aprilis.

477 1151 520 1202 Or.
538 1152 572 1202 rin
589 1153 704 1204 Arelivio
726 1153 859 1218 Capitolare
876 1171 906 1203 su
924 1153 1015 1206 Nomi.

470 1225 512 1274 An
530 1225 691 1291 Serilenfdden
708 1227 785 1292 lating!
802 1226 847 1276 das
866 1227 995 1293 Blem'egel.

1055 1432 1122 1509 Nr.
1150 1436 1239 1508 302.

311 1560 497 1627 Alexander
511 1562 577 1626 III
587 1562 736 1646 beste'itigl
750 1563 823 1628 elem
838 1564 1131 1719 Domkapmfiam
1147 1564 1293 1736 {olenga
1316 1564 1372 1630 die
1395 1566 1598 1631 vereinbarte
1612 1565 1745 1631 Ansalel
1756 1587 1819 1630 von
1832 1565 1990 1630 ackeeehn

1078 1675 1151 1718 nom
1175 1677 1232 1718 ern
1280 1703 1287 1718 .

949 1773 1033 1835 1180
1049 1771 1126 1834 Mai
1139 1774 1172 1834 2.
1214 1768 1350 1835 Velletri.

470 1872 664 1940 Alexander
688 1879 871 1960 episcopus,
895 1897 1007 1942 servus
1022 1899 1191 1942 servorum
1214 1879 1278 1955 dei,
1301 1877 1428 1941 dilectis
1452 1877 1533 1954 filiis,
1557 1876 1697 1941 Alberto
1713 1877 1991 1960 archipresbitero

323 1970 356 2024 et
381 1964 529 2027 universo
546 1969 719 2029 conventui
734 1968 948 2032 Bononiensis
971 1966 1116 2042 ecclesie,
1139 1966 1276 2030 salutem
1300 1975 1333 2030 et
1355 1968 1572 2050 apostolicam
1595 1967 1871 2032 benedictionem.
1918 1967 1992 2049 Que

324 2052 498 2135 aprelatis
522 2055 731 2119 ecclesiarum
755 2056 926 2121 salubriter
949 2065 1140 2132 statuuntur,
1171 2058 1201 2119 in
1232 2078 1290 2121 sua
1312 2057 1462 2120 volumus
1492 2057 1646 2120 firmitate
1669 2059 1845 2139 persistere
1875 2065 1919 2132 et,
1950 2077 1992 2120 ne

323 2141 496 2206 cuiuslibet
518 2145 699 2208 temeritate
713 2153 892 2209 vacuentur
913 2147 1135 2229 imposterum,
1160 2147 1342 2228 apostolice
1357 2146 1613 2209 confirmationis
1630 2148 1809 2210 munimine
1825 2146 1992 2210 roborare.

323 2229 404 2295 Cum
428 2232 524 2314 igitur
547 2236 579 2296 in
603 2234 739 2297 ecclesia
761 2243 869 2298 vestra
892 2236 933 2300 de
963 2235 1097 2298 fratrum
1129 2236 1293 2299 communi
1316 2236 1485 2299 voluntate
1515 2244 1550 2299 et
1578 2237 1774 2300 auctoritate
1796 2236 1993 2300 venerabilis

321 2319 427 2384 fratris
442 2324 543 2386 nostri
558 2319 745 2410 I(ohannis),
760 2325 974 2389 Bononiensis
990 2328 1139 2408 episcopi
1156 2323 1191 2410 ς),
1207 2335 1322 2402 certus,
1337 2326 1453 2388 decem
1470 2332 1504 2388 et
1519 2334 1596 2388 octo
1612 2325 1742 2402 seilicet,
1757 2329 1993 2390 canonicorum

321 2429 472 2475 numerus
488 2412 582 2475 fuerit
597 2415 800 2488 constitutus,
819 2417 904 2478 sicut
919 2434 962 2478 ex
977 2423 1156 2478 vestrarum
1171 2417 1254 2478 serie
1270 2416 1434 2478 literarum
1450 2415 1547 2479 nobis
1563 2415 1709 2490 innotuit,
1724 2415 1993 2480 constitutionem

320 2501 435 2581 ipsam,
458 2503 736 2581 quemadmodum
761 2502 848 2566 facta
872 2513 928 2578 est,
952 2505 1146 2567 auctoritate
1161 2504 1342 2586 apostolica
1358 2503 1588 2568 confirmamus
1604 2512 1638 2568 et
1653 2503 1765 2568 futuris
1782 2506 1992 2588 temporibus

320 2608 489 2653 censemus
512 2590 740 2656 inviolabiliter
770 2612 1031 2675 permansuram,
1063 2596 1123 2656 nisi
1153 2613 1196 2656 ex
1229 2595 1337 2658 divino
1361 2614 1495 2656 munere
1517 2593 1689 2658 facultates
1713 2597 1929 2670 excreverint,
1957 2603 1994 2657 ut

319 2679 475 2742 maiorem
501 2681 728 2745 canonicorum
753 2701 922 2746 numerum
946 2683 1076 2747 valeant
1097 2685 1264 2747 sustinere.
1309 2683 1399 2746 Nulli
1423 2703 1502 2766 ergo
1527 2685 1661 2746 omnino
1684 2681 1853 2747 hominum
1884 2683 1992 2760 liceat,

317 2765 402 2831 hanc
425 2769 576 2851 paginam
602 2779 712 2834 nostre
736 2772 988 2836 confirmationis
1020 2772 1196 2854 infringere
1219 2773 1270 2836 vel
1294 2775 1324 2836 ei
1348 2791 1427 2838 ausu
1450 2775 1625 2837 temerario
1650 2773 1818 2836 contraire.
1849 2773 1900 2860 'Si
1918 2777 1992 2855 quis

317 2865 426 2920 autem
449 2858 514 2922 hoc
536 2867 733 2942 attemptare
756 2863 998 2944 presumpserit,
1030 2863 1287 2944 indignationem
1313 2863 1548 2944 omnipotentis
1572 2862 1625 2925 dei
1650 2872 1683 2924 et
1705 2863 1878 2926 beatorum
1902 2864 1991 2926 Petri

317 2955 351 3008 et
373 2946 471 3026 Pauli,
495 2949 719 3030 apostolorum
743 2951 820 3025 eius,
844 2969 880 3013 se
903 2952 1030 3016 noverit
1052 2951 1262 3016 incursurum.
1285 2989 1329 2998 —
1352 2953 1429 3014 Dat.
1475 2947 1620 3026 Velletri,
1643 2965 1681 3014 vl
1703 2949 1788 3014 Non.
1814 2952 1931 3015 Madii.

478 3061 588 3129 Jitrgere
604 3063 729 3130 Alschm'st
746 3065 786 3114 eles
808 3065 873 3114 Cart.
892 3065 934 3114 del
952 3063 1056 3129 Capitale
1074 3065 1101 3114 di
1118 3065 1170 3115 San
1189 3065 1269 3115 Pietro
1284 3072 1309 3129 p.
1327 3069 1366 3127 dl,
1385 3066 1419 3116 im
1436 3065 1550 3117 Archivio
1568 3065 1595 3114 di
1611 3066 1679 3116 Stolo
1696 3081 1726 3115 m
1744 3067 1867 3132 Bologew.

1057 3349 1124 3425 Nr.
1152 3355 1240 3426 303.

313 3477 498 3545 Alexander
512 3480 578 3546 III
595 3479 785 3566 beauftragt
804 3480 866 3545 den
881 3480 1022 3563 Biscleos
1030 3483 1072 3546 M
1074 3484 1117 3547 llo
1139 3505 1200 3548 von
1224 3482 1324 3548 Turz'n
1343 3484 1413 3548 und
1424 3484 1486 3550 den
1501 3481 1761 3550 Archziliakonen
1778 3483 1908 3550 Hubert
1927 3507 1989 3552 von

313 3569 474 3645 Malland,
498 3571 560 3634 den
576 3569 677 3634 Streit
697 3571 855 3636 zwisalten
877 3571 951 3636 dem
967 3573 1118 3653 Bisclzose
1148 3572 1273 3637 Tedald
1290 3595 1351 3637 von
1368 3571 1532 3640 Placenw
1555 3575 1624 3639 und
1643 3574 1718 3639 dem
1739 3575 1876 3660 Propste
1889 3576 1989 3640 Peter

423 3680 484 3723 von
499 3658 589 3724 Sanl
605 3657 761 3725 Antonino
774 3681 885 3744 wegen
900 3661 1060 3745 Brugneto
1075 3662 1265 3745 beiaulegen,
1287 3663 1434 3728 won'e'ber
1447 3685 1485 3726 er
1508 3661 1827 3729 Weiteresmiltlteilt
1839 3666 1881 3748 8).

893 3779 976 3841 1180
991 3778 1068 3842 Mai
1081 3781 1137 3842 23.
1176 3777 1345 3843 Tusculum
1360 3779 1401 3863 ⁴).

468 3890 661 3956 Alexander
684 3895 868 3975 episcopus,
896 3913 1008 3958 servus
1030 3914 1197 3958 servorum
1222 3894 1283 3971 dei,
1307 3896 1482 3960 venerabili
1506 3893 1596 3961 fratri
1643 3891 1791 3981 .M(iloni)
1812 3893 1849 3982 a),
1873 3898 1987 3961 Tauri·

309 3982 401 4045 nensi
425 3982 583 4065 episcopo
600 3979 633 4066 ⁵),
658 3990 691 4045 et
715 3982 836 4047 dilecto
858 3982 925 4046 filio
972 3979 1121 4068 .O(berto
1154 3985 1190 4066 v),
1218 3985 1445 4049 archidiacono
1469 3985 1705 4049 Mediolanensi
1722 3985 1756 4070 ⁶),
1787 3986 1990 4051 salutemet

310 4072 525 4154 apostolicam
548 4071 821 4135 benedictionem.
859 4070 942 4136 Cum
958 4073 1043 4136 inter
1066 4120 1073 4135 .
1098 4072 1289 4138 Iohannem
1300 4073 1325 4159 i)
1348 4073 1514 4156 Grapium,
1533 4083 1778 4157 procuratorem
1794 4076 1988 4140 venerabilis

309 4159 415 4223 fratris
438 4161 538 4223 nostri
583 4157 766 4245 .T(edaldi),
799 4159 1052 4225 Placentinensis
1075 4164 1222 4245 episcopi
1241 4162 1274 4249 ἵ),
1298 4173 1331 4227 et
1375 4160 1606 4248 .Io(hannem),
1640 4166 1737 4226 icono
1752 4185 1841 4228 mum
1875 4166 1987 4229 dilecti

309 4249 365 4312 filii
411 4245 539 4334 .P(etri)‚
562 4249 754 4313 subdiaconi
779 4253 890 4325 nostri,
914 4253 1073 4333 prepositi
1097 4255 1199 4315 sancti
1216 4251 1374 4316 Antonini
1400 4255 1442 4316 de
1457 4253 1633 4330 Placentia,
1656 4273 1754 4337 super
1774 4257 1987 4338 possessione

309 4339 456 4402 Bruneto
486 4359 597 4401 coram
622 4338 718 4402 nobis
741 4347 774 4401 et
797 4337 951 4403 fratribus
975 4341 1092 4403 nostris
1115 4337 1227 4406 fuisset
1250 4343 1369 4405 diutius
1386 4341 1557 4425 litigatum,
1580 4343 1722 4418 tandem,
1746 4344 1892 4426 prestitis
1909 4341 1986 4408 hinc

310 4427 386 4489 inde
409 4428 451 4489 de
475 4427 662 4509 columpnia
685 4430 871 4491 iuramentis
896 4437 929 4492 et
951 4432 1145 4512 conscriptis
1168 4431 1428 4514 allegationibus
1457 4453 1531 4494 cum
1561 4433 1691 4496 testium
1715 4433 1986 4515 depositionibus,

311 4515 570 4580 confessionibus
595 4524 628 4580 et
651 4516 729 4594 aliis,
752 4518 871 4597 quibus
895 4519 939 4580 uti
963 4519 1086 4602 placuit
1110 4522 1298 4597 rationibus
1327 4523 1359 4583 in
1384 4542 1480 4585 manu
1504 4522 1729 4604 delegatorum
1753 4523 1897 4586 iudicum
1923 4545 1985 4607 pro

309 4605 470 4670 audienda
499 4608 665 4670 sentencia
695 4609 879 4690 resignatiS,
911 4609 943 4671 in
977 4613 1249 4692 compositionem
1280 4609 1495 4685 amicabilem,
1527 4611 1723 4692 quibusdam
1757 4613 1985 4688 mediantibus,

310 4704 538 4772 convenerunt,
560 4697 605 4758 ita
621 4697 763 4776 quidem,
787 4705 830 4774 ut,
854 4699 880 4760 si
903 4700 1099 4780 compositio
1124 4701 1281 4783 episcopo
1305 4700 1501 4783 displiceret,
1525 4721 1610 4782 pena
1626 4703 1798 4782 preposito
1822 4702 1983 4778 exsoluta,

310 4803 408 4847 causa
431 4799 499 4866 ¹per
521 4805 590 4862 voe,
620 4786 785 4850 mediante
816 4789 944 4865 iustitia,
979 4788 1131 4853 finiretur.
1178 4787 1350 4870 Quocirca,
1381 4790 1476 4853 vobis
1499 4790 1723 4872 allegationes,
1756 4795 1983 4856 attestationes

311 4881 344 4936 et
367 4874 590 4938 confessiones
612 4876 672 4938 sub
695 4875 800 4958 sigillo
831 4885 943 4940 nostro
974 4880 1140 4942 mittentes
1170 4879 1320 4955 inclusas,
1352 4880 1538 4943 discretioni
1569 4889 1677 4943 vestre
1709 4901 1769 4963 per
1800 4882 1983 4963 apostolica

310 4963 432 5046 scripta
455 4965 645 5028 mandamus
669 4973 767 5044 atque
784 4968 991 5048 precipimus,
1016 4971 1175 5049 quatinus,
1199 4989 1273 5032 cum
1297 4977 1434 5052 propter
1457 4968 1522 5032 hoc
1545 4969 1669 5033 fueritis
1692 4971 1848 5051 requisiti,
1874 4981 1983 5054 partes

310 5059 386 5116 ante
409 5062 550 5117 vestram
574 5057 773 5136 presentiam
795 5057 982 5120 convocetis
1011 5065 1051 5131 et,
1075 5057 1253 5121 rationibus
1276 5057 1351 5120 hinc
1374 5059 1451 5122 inde
1475 5059 1599 5141 plenius
1623 5059 1741 5123 auditis
1771 5066 1804 5122 et
1835 5061 1982 5142 cognitis.

310 5145 524 5224 prescriptam
544 5164 693 5223 causam,
723 5144 888 5221 dilatione,
919 5146 1163 5210 contradicione
1186 5157 1219 5210 et
1242 5147 1462 5230 appellatione
1485 5157 1618 5226 remota,
1653 5150 1819 5212 mediante
1849 5149 1982 5222 iusticia.

310 5233 497 5296 terminetis.
544 5232 596 5295 De
620 5233 825 5298 confessione
847 5243 956 5298 autem
980 5237 1141 5311 noveritis,
1171 5236 1271 5317 quod,
1295 5257 1369 5300 cum
1394 5257 1465 5300 eam
1479 5233 1598 5315 iudex,
1629 5241 1685 5318 qui
1709 5241 1831 5301 iuratus
1854 5239 1982 5321 legibus

309 5316 455 5408 i[udi]cat
485 5330 518 5384 et
549 5322 672 5386 iuratus
700 5325 814 5387 condit
842 5324 976 5406 publica
1007 5327 1228 5403 instrumenta,
1252 5326 1399 5388 assidens
1430 5327 1556 5390 dilectis
1589 5327 1662 5391 filiis
1686 5331 1807 5392 nostris
1829 5326 1980 5406 Viviano,

470 5467 495 5518 a)
520 5462 644 5513 Vielleiclzt
668 5464 713 5513 mit
738 5463 837 5515 bellem
861 5465 937 5515 Dlnte
966 5464 1123 5532 eingetragen.
1148 5507 1201 5515 ...-
1227 5469 1263 5532 .ι)
1295 5467 1371 5531 Vergl.
1400 5467 1437 5516 die
1466 5468 1526 5518 Urk.
1551 5483 1606 5517 vom
1632 5469 1667 5518 25
1694 5468 1772 5518 Men
1801 5469 1980 5519 riu-rrae.

313 5537 339 5597 2)
359 5535 486 5598 Jolronms
508 5533 548 5592 VI,
574 5535 679 5600 Be'sclrof
697 5552 744 5586 von
768 5537 891 5602 Bologna,
918 5539 1094 5588 troo-1187.
1201 5549 1227 5602 3)
1252 5539 1328 5603 Vergl.
1353 5537 1390 5588 die
1417 5539 1550 5590 Urkumlm
1572 5555 1628 5589 vom
1646 5541 1663 5589 8
1681 5538 1740 5589 Mai
1762 5542 1828 5588 1149
1850 5540 1909 5590 und
1928 5553 1980 5588 von

311 5607 342 5655 16
363 5606 431 5670 Jum'
448 5607 620 5655 noo-1179.
693 5615 721 5670 4)
742 5609 788 5657 Die
807 5609 956 5674 Jalrresealrl
975 5609 1062 5674 ergiebt
1085 5609 1135 5660 sich
1153 5625 1200 5658 aus
1217 5611 1262 5660 den
1281 5609 1376 5660 Nomen
1401 5610 1444 5659 der
1465 5613 1602 5662 Kardimile
1629 5611 1750 5662 Vivimus
1774 5611 1832 5660 und
1847 5612 1979 5675 Joames.

312 5680 338 5741 ς)
358 5676 430 5736 Milo,
450 5677 553 5741 Br'sclref
565 5693 613 5728 von
635 5677 723 5742 Tamis,
748 5683 923 5729 1170-1181.
997 5681 1023 5745 6)
1046 5682 1196 5732 Gavilrnlielr
1219 5682 1328 5732 homnem
1346 5683 1383 5730 die
1400 5683 1502 5734 ΕΜ
1524 5683 1633 5740 Ultrms,
1658 5681 1788 5733 Halmio
1797 5683 1853 5746 fiir
1870 5684 1914 5732 ilm
1930 5697 1978 5730 vor.

313 5761 338 5814 7)
362 5748 489 5808 Tedaldus,
510 5749 620 5814 Bisclws
632 5767 679 5800 von
700 5750 827 5811 Placenaa,
849 5751 1023 5802 not-1192.
