4142 6366
1683 319 1745 387 255

67 491 122 566 lili,
154 493 220 555 tuis
244 493 335 555 iustis
360 490 633 574 postulationibus
657 498 752 573 grato
777 498 1008 554 concurrentes
1032 511 1178 566 assensu,
1210 491 1379 556 ecclesiam
1403 500 1515 556 sancte
1539 491 1651 567 Made,
1683 513 1747 575 que

67 581 189 644 dicitur
212 582 254 643 ad
279 581 430 644 Montem
459 581 501 642 de
524 580 642 644 Velate
660 581 694 657 ¹),
726 600 799 642 cum
824 582 1028 663 pertinentiis
1051 583 1125 655 suis,
1157 583 1240 643 sicut
1263 601 1335 644 eam
1360 582 1403 644 de
1426 582 1637 645 concessione
1661 582 1749 646 bone

68 673 232 733 memorie
255 669 395 744 Galdini‚
428 671 597 749 quondam
621 669 875 732 Mediolanensis
903 665 1140 754 archiepiscopi
1158 667 1191 754 ¹),
1225 665 1321 755 [iuste
1343 680 1377 734 et
1400 666 1567 756 canonlice
1590 671 1748 753 possides

68 761 242 824 devotioni
266 769 322 822 tue
345 761 542 823 auctoritate
569 757 751 841 apostolica
783 757 1011 822 confirmamus
1042 769 1075 822 et
1107 759 1268 842 presentis
1298 761 1411 841 scripti
1444 761 1625 841 patrocinio
1660 781 1747 824 com·

70 849 243 912 munimus
290 846 487 924 Statuentes,
518 855 553 910 ut
583 846 660 910 nulli
693 849 827 911 omnino
860 847 1029 912 hominum
1058 849 1162 924 liceat,
1192 848 1276 911 hanc
1308 849 1458 932 paginam
1492 858 1602 913 nostre
1633 850 1749 913 confir·

69 940 226 1001 mationis
257 938 432 1018 infringere
456 936 507 1000 vel
539 939 568 1000 ei
600 937 806 1019 aliquatenus
836 939 1005 1000 contraire.
1051 935 1086 1001 Si
1118 940 1190 1021 quis
1220 946 1329 1001 autem
1361 936 1426 1002 hoc
1458 946 1655 1021 attemptare
1678 960 1750 1021 pre·

69 1029 266 1110 sumpserit,
298 1027 553 1109 indignationem
585 1028 820 1109 omnipotentis
852 1027 904 1089 dei
937 1035 970 1090 et
1002 1027 1173 1091 beatorum
1203 1028 1288 1090 Petri
1309 1023 1313 1110 Ι
1334 1036 1368 1090 et
1389 1028 1494 1104 Pauli,
1523 1028 1749 1110 apostolorum

70 1116 149 1193 eius,
173 1136 210 1179 se
235 1118 365 1180 noverit
387 1117 599 1179 incursurum.
622 1151 666 1162 -
689 1116 766 1179 Dat.
792 1115 947 1192 Ferrarie,
971 1130 1020 1178 xil
1043 1116 1118 1180 Kal.
1143 1117 1255 1180 Madii.

237 1231 280 1280 Or.
299 1232 356 1280 und
370 1246 455 1280 umere
471 1231 597 1295 Abrchn'st
613 1231 646 1280 im
665 1231 778 1280 Archino
796 1230 824 1278 at·
840 1229 907 1278 Staio
924 1247 954 1278 ru
973 1230 1094 1281 Mailand.

237 1303 289 1363 Or,
310 1303 380 1368 Perg,
397 1302 458 1363 irad,
477 1303 512 1352 br.
531 1304 618 1362 01118,
635 1304 699 1368 lang
714 1305 801 1362 O,l92,
819 1310 894 1351 unten
914 1303 992 1362 uoto
1010 1303 1198 1370 umgerrlrlugen,
1223 1303 1302 1354 durch
1326 1303 1384 1352 mei
1400 1304 1492 1352 Lichcr
1511 1303 1575 1368 ging
1591 1303 1628 1352 dir
1646 1303 1750 1364 Srlrmaer,

70 1375 157 1423 welche
176 1373 222 1423 mit
238 1375 291 1424 dem
309 1375 435 1440 Bleisiegel
449 1376 566 1424 verlorrn.
604 1373 713 1440 Faltung
731 1375 775 1423 der
793 1375 894 1422 Breven.

820 1659 887 1734 Nr.
920 1661 1008 1734 261.

72 1793 262 1857 Alrxander
284 1793 349 1876 III
367 1792 517 1874 bestdtrgt
538 1793 611 1855 dem
637 1791 851 1875 Domkapitel
869 1811 929 1854 von
967 1789 1105 1854 Vicenaa
1131 1789 1187 1853 die
1202 1787 1380 1873 Bez'lengg
1404 1791 1508 1854 seines
1534 1788 1668 1854 Streites
1693 1792 1756 1855 mit

233 1882 299 1946 den
316 1881 520 1966 Kapelldnen
536 1903 596 1946 von
620 1882 763 1946 Vicenza
777 1902 888 1962 wegen
903 1879 964 1943 der
987 1880 1191 1962 Versorgung
1204 1877 1383 1942 rilmz'sclm
1397 1881 1538 1961 Legaten
1555 1880 1595 1958 ³).

692 1999 779 2059 1177
792 1995 894 2079 April
906 1999 962 2059 23.
994 1996 1148 2059 Ferrara.

241 2112 434 2177 Alexander
456 2115 646 2194 episcopus,
679 2135 789 2177 servus
818 2134 986 2177 servorum
1010 2114 1078 2188 dei,
1112 2113 1238 2176 dilectis
1269 2111 1342 2176 filiis
1365 2159 1372 2172 .
1395 2160 1403 2174 .
1428 2111 1698 2194 archipresbitero
1721 2125 1755 2178 et

78 2203 250 2288 canonicis
271 2201 446 2267 Vicentine
474 2204 618 2280 ecclesie,
649 2203 785 2266 salutem
824 2214 857 2266 et
887 2203 1103 2284 apostolicam
1134 2202 1407 2266 benedictionem.
1461 2201 1682 2266 Intelleximus
1713 2224 1755 2267 ex

78 2294 228 2374 quodam
245 2293 379 2373 publico
396 2294 611 2355 instrumento
628 2293 669 2354 de
685 2293 841 2355 mandato
854 2291 1048 2356 venerabilis
1064 2292 1169 2355 fratris
1185 2293 1286 2354 nostri
1295 2290 1548 2355 Concordiensis
1560 2293 1707 2374 episcopi
1719 2290 1754 2378 ⁴),

78 2395 158 2445 tunc
182 2382 290 2458 electi,
319 2382 416 2458 lacto,
448 2383 547 2462 quod,
572 2401 645 2444 cum
670 2383 891 2447 controversia
913 2392 1092 2444 verteretur
1120 2383 1284 2444 intervos
1315 2390 1349 2444 et
1370 2381 1558 2461 capellanos
1580 2379 1754 2445 Vicentine

79 2472 220 2535 ecclesie
235 2490 334 2552 snper
348 2473 578 2553 procuratione
593 2471 788 2534 venerabilis
804 2471 908 2534 fratris
923 2473 1025 2534 nostri
1041 2518 1047 2532 .
1066 2469 1318 2554 .Aquilegensis
1333 2467 1556 2554 patriarchet),
1573 2472 1754 2553 apostolice

80 2562 168 2624 sedis
185 2560 295 2642 legati,
312 2571 345 2623 et
361 2561 543 2642 legatorum
558 2561 709 2624 Romane
732 2560 877 2636 ecclesie,
902 2580 976 2622 cum
1000 2561 1043 2623 ad
1066 2560 1230 2623 civitatem
1253 2567 1395 2623 vestram
1419 2561 1586 2635 accedunt,
1610 2560 1755 2641 prelatus

80 2649 269 2731 patriarcha
298 2670 429 2713 causam
462 2651 567 2731 ipsam
598 2650 707 2712 eidem
736 2651 912 2731 episcopo,
950 2657 1028 2712 tunc
1051 2649 1173 2726 electo,
1208 2650 1405 2712 audiendam
1437 2650 1600 2712 commisit
1627 2656 1661 2713 et
1691 2649 1755 2712 fine

82 2740 198 2802 debito
222 2739 472 2802 terminandam.
520 2738 669 2820 Cumque
691 2745 828 2820 utraque
852 2760 927 2821 pars
950 2746 1087 2820 propter
1108 2738 1173 2801 hoc
1205 2749 1290 2802 esset
1319 2739 1353 2801 in
1383 2739 1450 2801 eius
1481 2740 1650 2819 presencia
1679 2759 1754 2802 con-

81 2830 206 2904 stituta,
231 2829 311 2909 ipse,
334 2828 515 2892 rationibus
543 2828 619 2890 hinc
643 2828 719 2891 inde
743 2828 915 2910 diligenter
937 2829 1055 2891 auditis
1079 2838 1112 2891 et
1135 2829 1282 2910 cognitis,
1314 2847 1388 2890 cum
1411 2828 1547 2890 consilio
1570 2829 1755 2909 sapientum

81 2919 228 2981 virorum
258 2919 454 2980 sententiam
486 2917 568 2993 tulit,
599 2924 635 2979 ut
666 2917 784 2998 prefati
817 2918 976 2999 capellani
1008 2938 1068 2998 pro
1093 2918 1274 2999 prescripta
1296 2918 1526 2999 procuratione
1548 2917 1643 2980 vobis
1666 2917 1756 2981 iuxta

82 3007 276 3070 facultatem
307 3006 515 3070 ecclesiarum
545 3026 674 3069 suarum
705 3017 898 3089 competens
930 3007 1085 3070 auxilium
1116 3014 1270 3087 prestent.
1316 3007 1387 3070 Nos
1420 3006 1531 3088 itaque
1560 3008 1756 3069 sententiam

82 3099 200 3178 ipsam,
225 3096 311 3158 sicut
333 3097 570 3159 rationabiliter
591 3096 657 3159 lata
679 3104 729 3158 est
750 3096 830 3158 etin
847 3097 1012 3160 autentico
1029 3096 1161 3178 scripto,
1184 3097 1302 3160 exinde
1318 3096 1415 3172 iacto,
1437 3097 1629 3172 continetur,
1653 3103 1757 3159 ratam

82 3186 247 3250 habentes
271 3191 304 3248 et
326 3185 462 3258 firmam,
487 3206 560 3248 eam
584 3185 773 3248 auctoritate
797 3186 980 3267 apostolica
1004 3185 1234 3249 confirmamus
1256 3195 1290 3249 et
1316 3184 1475 3268 presentis
1504 3184 1614 3266 scripti
1638 3186 1759 3268 pagina

83 3276 261 3338 munimus.
307 3274 503 3350 Statuentes,
534 3282 570 3337 ut
599 3274 676 3337 nulli
709 3276 844 3338 omnino
874 3273 1043 3360 hominum
1076 3275 1179 3350 liceat,
1212 3275 1298 3338 hanc
1320 3276 1474 3357 paginam
1501 3281 1612 3338 nostre
1643 3274 1757 3338 confir-

83 3364 240 3427 mationis
270 3365 444 3446 infringere
472 3364 524 3428 vel
553 3363 581 3427 ei
612 3363 816 3444 aliquatenus
848 3365 1016 3428 contraire.
1063 3363 1098 3428 Si
1129 3364 1199 3446 quis
1230 3375 1339 3428 autem
1369 3364 1434 3427 hoc
1461 3371 1657 3444 attemptare
1688 3384 1758 3446 pre·

83 3454 271 3534 sumpserit,
296 3453 555 3535 indignationem
572 3454 808 3534 omnipotentis
832 3455 884 3518 dei
907 3460 940 3516 et
962 3453 1134 3517 beatorum
1149 3454 1234 3517 Petri
1258 3462 1292 3518 et
1310 3454 1409 3531 Pauli,
1433 3454 1658 3535 apostolorum
1681 3454 1758 3528 eius,

83 3564 118 3606 se
142 3543 275 3606 noverit
297 3544 506 3606 incursurum.
529 3578 573 3589 -
596 3544 674 3606 Dat.
696 3543 725 3605 F
727 3544 851 3621 errarie,
874 3557 951 3607 vl111
974 3543 1047 3606 Kal.
1072 3542 1160 3606 Maii.

251 3655 294 3706 Or.
313 3657 346 3706 im
363 3655 475 3708 Archivr'o
497 3649 630 3721 capitolare
643 3673 674 3706 ru
697 3655 805 3707 Vicmaa.

832 3959 899 4034 Nr.
926 3964 1015 4035 262.

83 4091 275 4156 Alexander
289 4090 354 4154 III
364 4091 539 4155 ademerit
556 4091 631 4154 dem
646 4087 725 4152 Abte
740 4088 867 4155 Rainer
883 4112 944 4154 von
959 4090 1028 4155 San
1043 4090 1213 4154 Benedetto
1228 4091 1275 4155 Po
1290 4088 1348 4172 (D.
1364 4091 1535 4178 Manterua)
1556 4093 1618 4156 das
1635 4089 1764 4156 Kloster

445 4179 515 4244 San
531 4177 690 4244 ponzano
706 4179 745 4242 di
759 4181 875 4260 Lucra,
897 4180 1010 4245 dessen
1024 4179 1181 4244 Abtwahl
1191 4201 1229 4244 er
1243 4182 1356 4244 ordnet
1371 4179 1409 4267 6).

724 4298 811 4358 1177
824 4297 901 4361 Mai
915 4301 944 4360 6.
977 4297 1131 4361 Ferrara.

250 4409 442 4475 Alexander
457 4413 643 4495 episcopus,
668 4432 778 4474 servus
793 4433 959 4476 servorum
973 4415 1033 4490 dei,
1051 4414 1172 4477 dilecto
1184 4411 1252 4474 tilio
1264 4413 1427 4490 Raineri0,
1444 4414 1559 4478 abbati
1575 4415 1763 4477 monasterii

87 4502 195 4566 sancti
211 4499 382 4564 Benedicti
398 4522 497 4583 supra
512 4501 645 4576 Padum,
670 4501 803 4583 eiusque
819 4504 1060 4567 successoribus
1082 4502 1270 4585 regulariter
1284 4503 1525 4581 substituendis,
1549 4517 1587 4566 ΙΝ
1603 4515 1680 4565 ΡΡΜ.
1697 4533 1741 4548 -
1756 4499 1760 4584 Ι

87 4590 254 4672 Suscepte
268 4589 414 4653 officium
430 4591 597 4672 dignitatis
613 4601 782 4654 ammonet
797 4612 858 4656 nos
874 4593 1096 4674 multipliciter
1110 4599 1144 4655 et
1158 4591 1312 4667 hortatur,
1329 4594 1554 4657 ecclesiasticis
1573 4591 1765 4656 utilitatibus

87 4681 265 4764 vigilanter
288 4678 456 4742 intendere
479 4691 521 4756 et,
545 4687 580 4742 ut
603 4679 739 4743 ecclesie
762 4681 816 4744 dei
840 4689 907 4744 tam
931 4681 1158 4763 spiritualibus,
1188 4701 1286 4762 quam
1310 4683 1546 4764 temporalibus
1566 4681 1571 4766 Ι
1592 4680 1766 4764 proficiant

89 4769 310 4844 incrementis,
334 4777 467 4851 oportet
489 4789 550 4832 nos
579 4769 718 4849 provida
747 4770 966 4834 sollicitudine
995 4771 1147 4852 cogitare.
1192 4770 1387 4853 Eapropter,
1419 4773 1537 4835 dilecte
1565 4773 1597 4834 in
1629 4771 1765 4834 domino

90 4859 136 4922 fili
162 4859 277 4934 abbas,
302 4859 500 4921 monasterio
524 4859 628 4921 sancti
643 4859 804 4935 Pontiani,
830 4861 920 4941 quod
944 4881 1048 4942 prope
1064 4861 1245 4922 Lucensem
1270 4861 1434 4924 civitatem
1451 4862 1548 4925 situm
1565 4867 1622 4936 est,
1646 4859 1767 4923 utiliter

90 4949 267 5030 providere
290 4947 448 5022 volentes,
479 4947 568 5011 idem
592 4951 833 5023 monasterium,
858 4950 900 5012 ad
934 4951 982 5013 ius
1004 4958 1210 5013 sacrosancte
1234 4949 1385 5013 Romane
1415 4950 1551 5014 ecclesie
1582 4949 1767 5032 specialiter

90 5039 271 5120 pertinens,
299 5037 359 5100 tibi
383 5038 512 5121 tuisque
535 5037 785 5114 successoribus,
808 5039 899 5102 salvo
923 5041 1034 5121 utique
1066 5039 1132 5101 iure
1155 5048 1188 5101 et
1219 5040 1420 5120 proprietate
1442 5041 1593 5103 Romane
1623 5038 1766 5113 ecclesie,

91 5127 316 5191 ordinandum
340 5126 650 5208 disponendumque
679 5129 923 5205 committimus,
948 5130 992 5191 ita
1017 5128 1159 5210 quidem,
1193 5136 1237 5204 ut,
1268 5129 1458 5192 imminente
1489 5129 1691 5205 necessitate,
1725 5126 1767 5190 ad

92 5216 333 5280 correctionem
350 5215 494 5297 ipsorum
511 5215 653 5292 fratmm,
678 5217 802 5280 ibidem
819 5219 1035 5295 existentium,
1059 5217 1155 5280 liccat
1169 5217 1275 5293 vobis,
1297 5217 1422 5299 aliquos
1442 5218 1484 5282 de
1501 5218 1652 5281 iratribus
1667 5217 1768 5299 ipsius

355 5359 519 5366 ...ψ-

260 5421 284 5482 1)
308 5419 387 5468 Velate
404 5419 536 5480 Milonese,
555 5429 625 5485 prov.
654 5420 681 5469 di
698 5419 804 5480 Milone,
824 5420 929 5472 circond.
947 5421 975 5470 di
991 5419 1088 5470 Monta.
1197 5433 1223 5484 2)
1246 5422 1379 5484 Galdinw,
1409 5419 1553 5486 Erxbircios
1573 5438 1621 5471 vora
1645 5421 1768 5482 Mailand,

95 5492 276 5541 noa-1176.
386 5493 413 5554 3)
431 5491 481 5540 Dic
497 5492 621 5556 Absclmfl
644 5491 720 5541 dieser
739 5491 857 5543 Urhmde
880 5492 1001 5542 verdanke
1024 5492 1063 5542 ich
1080 5491 1165 5542 Herm
1185 5493 1253 5558 Pros.
1276 5493 1403 5545 Bernardo
1423 5492 1588 5543 Morsolin
1612 5494 1638 5543 in
1662 5493 1769 5544 Vicmsa.

96 5591 129 5600 -
155 5562 236 5627 Vergl.
253 5561 290 5611 die
316 5561 377 5612 Urk.
401 5577 456 5612 vom
473 5566 508 5614 29
530 5563 815 5628 aprluna-1176
833 5565 957 5615 undum
974 5565 990 5613 5
1008 5563 1141 5613 November
1159 5565 1234 5614 1186.
1342 5569 1370 5630 4)
1397 5565 1469 5615 Wolrl
1495 5565 1572 5626 cm,
1598 5565 1703 5630 anctos
1722 5581 1770 5616 von

98 5633 241 5694 moralia,
260 5649 280 5683 c.
301 5635 441 5684 1164-τ.
460 5636 533 5686 1117.
618 5636 645 5704 5)
668 5635 752 5685 Ulrr'clr
770 5633 913 5700 (Valdariclr
930 5636 983 5704 II),
1004 5635 1132 5686 Patnbrclt
1148 5650 1195 5684 von
1213 5637 1350 5704 Anqur'leja
1372 5638 1548 5687 troz-1181.
1640 5637 1667 5705 6)
1692 5637 1770 5704 Vergl.

96 5705 134 5756 dir
154 5705 217 5757 Ura
237 5721 292 5755 vom
311 5707 328 5756 6
344 5705 477 5756 November
495 5709 569 5758 1158.
