4142 6366
324 317 392 406 256

323 516 509 583 monasterii
534 519 566 580 in
590 516 760 580 ecclesiam
783 527 925 581 vestram
949 537 1113 580 assumere
1137 526 1169 580 et
1184 514 1326 580 vicissim
1350 514 1478 598 aliquos
1496 515 1537 580 de
1554 517 1723 581 monachis
1740 509 1879 582 ecclesie
1896 531 2007 584 vestre

322 612 355 672 in
380 610 467 671 idem
496 606 742 680 monasterium,
774 607 857 668 sicut
888 608 1045 688 expedire
1068 607 1230 683 videritis,
1263 618 1488 670 transmutare.
1535 607 1689 669 Obeunte
1721 619 1831 671 autem
1862 610 2006 690 predicti

323 697 509 761 monasterii
541 696 671 771 abbate,
705 696 827 771 iratres,
863 695 942 759 inibi
967 697 1153 772 existentes,
1186 705 1314 777 patrem
1337 696 1400 759 sibi
1423 706 1523 776 atque
1548 697 1738 776 magistrum
1763 698 1804 760 de
1828 700 1902 780 ipsa
1926 719 2004 761 con·

321 787 529 869 gregatione‚
561 785 587 846 si
620 784 664 847 ibi
693 785 830 847 idoneus
860 787 1010 848 inventus
1041 785 1151 860 fuerit,
1187 786 1240 847 vel
1272 786 1313 847 de
1337 794 1500 848 conventu
1532 784 1668 847 ecclesie
1690 797 1798 849 vestre
1821 789 2004 850 secundum

324 879 420 940 deum
444 885 476 937 et
498 875 587 936 beati
603 874 773 936 Benedicti
798 875 942 955 regulam
966 875 1097 956 eligant.
1145 875 1255 955 Ipsam
1277 895 1355 936 vero
1380 873 1575 936 electionem
1598 875 1695 936 vobis
1719 887 1948 957 representent
1972 889 2005 940 et

324 965 606 1028 confirmationem
637 984 657 1024 a
686 963 782 1026 vobis
815 965 990 1044 requirant.
1036 962 1207 1038 Ceterum,
1238 965 1293 1044 qui
1324 965 1448 1026 electus
1478 962 1574 1024 suerit
1605 974 1638 1026 et
1667 965 1805 1028 avobis
1841 967 2004 1029 canonice

323 1055 541 1127 confirmatus,
566 1073 586 1114 a
608 1053 742 1114 Lucano
767 1053 926 1133 episcopo
950 1053 1216 1116 benedictionem
1240 1053 1404 1134 suscipiat.
1451 1051 1486 1115 Si
1518 1061 1628 1113 autem
1660 1053 1774 1116 fratres
1795 1057 1909 1137 ,ipsius
1932 1076 2002 1118 mo-

323 1145 452 1206 nasterii
476 1143 509 1204 in
533 1161 707 1223 personam
738 1142 890 1204 idoneam
920 1143 1127 1204 concorditer
1150 1152 1183 1205 et
1211 1143 1405 1204 unanimiter
1435 1141 1610 1204 convenire
1640 1162 1707 1204 non
1739 1147 1909 1224 potuerint
1941 1165 2003 1207 nec

323 1233 515 1296 canonicam
539 1231 674 1292 fecerint
697 1231 898 1306 electionem,
924 1231 1028 1294 abbas
1051 1233 1155 1294 sancti
1171 1232 1342 1294 Benedicti
1366 1231 1407 1293 de
1424 1230 1623 1292 monasterio
1639 1231 1712 1312 ipso
1729 1233 1782 1294 vel
1799 1234 1840 1296 de
1857 1233 2002 1314 collegio

323 1321 520 1396 monasterii,
544 1319 605 1381 sibi
630 1320 804 1394 commissi,
828 1321 1008 1383 secundum
1033 1321 1178 1402 regulam
1199 1321 1288 1384 beati
1304 1321 1474 1382 Benedicti
1492 1329 1524 1382 et
1540 1321 1719 1384 secundum
1735 1333 1859 1386 statuta
1874 1323 2002 1386 ordinis

322 1414 371 1474 sui
395 1412 441 1474 eis
465 1410 621 1473 abbatem
645 1419 678 1471 et
700 1419 868 1491 pastorem
891 1411 1087 1492 providendi
1111 1411 1243 1492 plenam
1265 1408 1388 1472 habeat
1404 1408 1601 1472 facultatem.
1639 1409 1697 1472 Ad
1714 1411 1870 1475 indicium
1889 1423 2002 1476 autem

323 1502 415 1563 huius
433 1509 543 1561 nostre
559 1499 778 1561 concessionis
793 1510 858 1562 tres
874 1500 1036 1562 bizantios
1052 1501 1085 1563 in
1101 1501 1291 1562 ascensione
1308 1499 1432 1560 domini
1450 1498 1547 1561 nobis
1559 1500 1743 1580 nostrisque
1755 1503 2002 1566 successoribus

323 1592 416 1654 annis
438 1587 573 1670 singulis
596 1588 796 1668 persolvetis.
842 1589 1058 1651 Decernimus
1090 1609 1183 1670 ergo,
1217 1596 1253 1651 ut
1284 1586 1362 1650 nulli
1394 1589 1530 1650 omnino
1561 1586 1731 1650 hominum
1762 1589 1871 1668 liceat,
1906 1593 2003 1654 huius

323 1690 433 1742 nostre
457 1677 678 1741 concessionis
701 1679 857 1758 paginam
880 1679 1053 1740 temerario
1078 1699 1155 1740 ausu
1180 1678 1355 1758 infringere
1378 1678 1430 1739 vel
1458 1677 1487 1740 ei
1512 1676 1715 1756 aliquatenus
1745 1683 1917 1745 contraire.
1966 1681 2002 1744 Si

325 1770 397 1850 quis
420 1779 530 1830 autem
555 1815 560 1828 .
587 1811 593 1826 .
619 1812 625 1825 .
650 1765 766 1828 ultioni
789 1766 967 1830 subiaceat.
1013 1766 1132 1830 Amen.
1158 1767 1249 1828 A-m.
1274 1765 1393 1830 Amen.

536 1855 589 1934 (R)
613 1855 686 1934 Ego
710 1856 902 1918 Alexander
925 1857 1087 1919 catholice
1110 1856 1248 1919 ecclesie
1271 1857 1446 1937 episcopus
1470 1875 1511 1917 ss.
1537 1855 1599 1932 (M)

536 1939 555 2026 †
580 1944 652 2024 Ego
677 1943 850 2007 Hubaldus
873 1945 1058 2008 Hostiensis
1082 1947 1257 2027 episcopus
1281 1965 1321 2006 ss.

535 2029 556 2114 †
579 2033 652 2112 Ego
677 2033 860 2097 Gualterius
883 2033 1082 2097 Albanensis
1105 2035 1281 2116 episcopus
1304 2055 1344 2096 ss.

535 2119 555 2202 †
578 2121 652 2202 Ego
676 2120 869 2185 Chunradus
893 2124 1107 2204 Mogontinus
1131 2124 1398 2205 archiepiscopus
1422 2132 1455 2183 et
1478 2118 1670 2184 Sabinensis
1694 2123 1871 2204 episcopus
1895 2146 1938 2186 ss.

535 2211 555 2292 †
578 2212 651 2291 Ego
676 2212 866 2274 Guillelmus
889 2213 1075 2275 Portuensis
1099 2224 1131 2275 et
1153 2223 1266 2275 sancte
1288 2211 1407 2273 Rufine
1430 2211 1606 2291 episcopus
1629 2232 1670 2274 ss.

536 2297 556 2380 †
579 2300 652 2380 Ego
677 2300 868 2363 Manfredus
891 2303 1097 2364 Prenestinns
1118 2299 1145 2386 a)
1170 2303 1346 2383 episcopus
1369 2321 1408 2362 ss.

536 2385 615 2470 —†
638 2389 711 2470 Ego
734 2389 948 2453 ildebrandus
971 2391 1106 2454 basilice
1127 2405 1179 2454 ΧΗ
1201 2388 1443 2472 Apostolorum
1466 2387 1628 2469 presbiter
1650 2391 1823 2453 cardinalis
1846 2411 1887 2453 ss

536 2474 557 2559 †
580 2478 653 2558 Ego
676 2477 839 2541 Iohannes
862 2481 1023 2561 presbiter
1046 2481 1220 2543 cardinalis
1244 2481 1291 2542 tit.
1315 2489 1428 2541 sancte
1450 2477 1625 2540 Anastasie
1649 2500 1689 2542 ss.

536 2563 556 2647 †
579 2568 652 2648 Ego
676 2568 764 2630 Boso
789 2569 950 2649 presbiter
972 2570 1146 2632 cardinalis
1169 2579 1281 2632 sancte
1304 2568 1508 2630 Pudentiane
1530 2567 1578 2628 tit.
1601 2567 1742 2631 Pastoris
1765 2590 1807 2632 ss.

536 2657 556 2733 †
579 2656 652 2738 Ego
676 2656 868 2720 Theodinus
891 2659 1052 2739 presbiter
1075 2659 1248 2722 cardinalis
1271 2657 1375 2720 sancti
1399 2653 1519 2718 Vitalis
1542 2656 1590 2718 tit.
1615 2656 1752 2720 Vestine
1774 2679 1817 2720 ss.

536 2742 557 2824 †
579 2745 652 2826 Ego
676 2745 789 2808 Petrus
813 2746 973 2827 presbiter
995 2747 1168 2810 cardinalis
1191 2749 1238 2810 tit.
1262 2754 1374 2809 sancte
1397 2744 1546 2808 Susanne
1568 2765 1609 2808 ss.
1632 2741 1678 2830 (t)

536 2867 579 2878 -
602 2830 623 2915 †
646 2831 719 2915 Ego
742 2831 930 2920 Iac(inthus)
954 2836 1111 2900 diaconus
1134 2837 1306 2898 cardinalis
1330 2842 1442 2897 sancte
1465 2832 1569 2896 Marie
1593 2835 1625 2896 in
1649 2835 1832 2918 Cosmidyn
1854 2855 1896 2896 ss.

535 2918 556 3003 †
579 2924 653 3004 Ego
676 2919 838 3008 Ard(icio)
862 2925 1018 2988 diaconus
1040 2925 1213 2989 cardinalis
1236 2925 1339 2988 sancti
1363 2923 1531 2986 Theodori
1555 2943 1595 2986 ss

536 3012 557 3088 †
579 3012 652 3092 Ego
676 3011 837 3094 Cinthyus
860 3012 1017 3078 diaconus
1040 3015 1213 3077 cardinalis
1236 3014 1340 3076 sancti
1363 3011 1502 3074 Adriani
1525 3033 1567 3074 ss.

536 3095 556 3181 †
579 3101 653 3181 Ego
677 3101 777 3182 Hugo
801 3103 904 3165 sancti
928 3100 1049 3184 Angeli
1073 3104 1230 3166 diaconus
1254 3100 1427 3166 cardinalis
1451 3121 1492 3163 ss.

536 3185 557 3270 †
579 3189 652 3270 Ego
676 3191 848 3253 Laborans
872 3192 1029 3255 diaconus
1052 3193 1225 3255 cardinalis
1248 3201 1361 3277 sancte
1385 3190 1489 3274 Marie
1513 3191 1545 3251 in
1568 3190 1698 3252 Porticu
1722 3211 1763 3252 ss.

483 3274 558 3339 Dat.
574 3280 729 3354 Penatis,
753 3300 813 3361 per
828 3300 960 3343 manum
977 3281 1132 3358 Gratiani,
1156 3291 1268 3344 sancte
1283 3281 1434 3344 Romane
1450 3279 1586 3342 ecclesie
1601 3280 1795 3342 subdiaconi
1816 3288 1851 3341 et
1873 3281 2002 3342 notarii.

323 3380 349 3428 11
373 3366 458 3428 Non.
483 3365 570 3429 Mad.
616 3366 799 3431 indictione
821 3383 855 3430 x.
899 3370 1135 3434 Incarnationis
1160 3371 1324 3434 dominice
1348 3389 1435 3432 anno
1457 3379 1639 3432 MCLxxvn.
1685 3369 1900 3432 Pontificatus
1923 3389 2003 3432 vero

325 3455 437 3518 domni
461 3453 680 3520 Anaxauom
703 3457 762 3520 ΡΡ.
786 3471 825 3518 111
848 3477 935 3521 anno
959 3473 1055 3523 xv111.

486 3569 529 3619 Or.
546 3568 579 3618 im
597 3570 712 3620 Archivr'o
730 3571 758 3621 di
774 3571 840 3620 Staio
857 3589 888 3621 su
906 3571 1028 3622 Mallana'.

485 3641 554 3707 Perg.
572 3641 632 3701 ital,
661 3643 696 3691 br.
715 3645 786 3702 OM,
813 3646 875 3709 lang
891 3646 961 3704 0,52‚
990 3651 1065 3694 untm
1084 3645 1162 3704 0,036
1181 3645 1378 3710 umgeschlagen‚
1405 3645 1485 3695 durch
1508 3644 1566 3694 rwei
1581 3643 1675 3699 Llclrer
1693 3644 1750 3708 gelre
1771 3644 1809 3693 dic
1822 3643 1889 3709 gelbe
1907 3643 2005 3692 Seiden·

322 3711 426 3770 sclmur,
455 3711 527 3762 deren
549 3713 675 3779 Bleisr'egel
695 3716 812 3764 verlorm.
850 3715 962 3781 Fallung
984 3715 1028 3764 der
1051 3716 1150 3764 Bullea.
1186 3716 1325 3782 Ringkreus
1348 3716 1404 3765 und
1425 3717 1447 3765 E
1471 3716 1515 3765 der
1535 3714 1699 3779 Unterschrist
1719 3715 1810 3764 scietur
1831 3730 1879 3763 von
1899 3717 2006 3779 gleicher

323 3783 404 3832 Hand
424 3785 598 3846 lienuric'lren,
627 3785 757 3851 Datimng
780 3801 834 3836 vom
861 3787 1158 3851 Hauptklrpersclrreiber‚
1188 3788 1232 3836 das
1251 3787 1274 3836 G
1297 3787 1414 3836 Gratiam
1436 3787 1509 3836 daniz
1532 3801 1580 3836 von
1603 3787 1707 3835 andarer
1723 3786 1799 3836 Dim
1817 3788 2006 3851 aurigarum

323 3856 371 3903 Die
389 3855 570 3920 ngmfinmn
596 3873 651 3908 rum
672 3862 781 3922 grisstm
804 3858 884 3908 Tleile
910 3874 958 3908 von
976 3859 1082 3924 gleicher
1098 3858 1180 3908 Hand
1194 3859 1251 3908 und
1273 3859 1365 3918 Dintc,·
1382 3859 1418 3907 bei
1441 3859 1495 3908 dem
1514 3858 1640 3921 Presbyter
1658 3857 1787 3922 Johamur
1810 3858 1841 3906 ist
1858 3857 1905 3906 das
1923 3858 2006 3906 Krene

322 3927 367 3975 mit
394 3925 523 3976 daaklerer
551 3927 628 3977 Dintc
657 3931 785 3994 gmeth&
824 3930 883 3978 brim
908 3932 989 3979 letrtcn
1017 3929 1110 3994 Zercgen
1131 3925 1167 3998 -l-
1188 3931 1246 3994 Ego
1275 3931 1407 3980 Laborans
1440 3945 1489 3980 vm
1518 3930 1562 3978 der
1593 3929 1701 3978 lraumn
1730 3929 1821 3987 Dinte,
1859 3929 1940 3978 worirr
1969 3930 2006 3978 dic

321 3997 420 4062 illn'gen
438 3997 539 4048 Fr'rmen
563 4001 708 4066 ausgefilhrt
730 4001 793 4060 sind,
818 4001 862 4051 der
879 4003 936 4049 Rest
959 4017 1007 4050 von
1027 4001 1180 4052 abweiclrmd
1200 4001 1331 4051 dunklerer
1352 4002 1443 4060 Dinte,
1470 4001 1595 4060 derselben,
1615 3999 1697 4050 *tornait
1718 4001 1763 4050 das
1786 4001 1870 4050 Kreas
1894 4001 1936 4049 des
1959 4001 2006 4065 Jo-

322 4070 414 4119 hanms
431 4071 572 4135 lergcstellt.

1066 4357 1135 4432 Nr.
1164 4360 1252 4433 263.

320 4485 503 4550 Alexander
517 4485 583 4549 III
593 4485 734 4549 schreibt
744 4447 808 4551 den
822 4487 1104 4553 Domlanonikera
1119 4511 1182 4554 von
1207 4490 1349 4570 Vercellz,
1371 4489 1450 4554 dass
1470 4489 1627 4554 nz'rmand
1643 4489 1677 4552 ih
1683 4509 1740 4552 rer
1756 4487 1882 4552 Kirclre
1901 4489 2003 4554 Gr'tter

938 4577 1114 4664 abwendr'g
1130 4580 1263 4644 maclam
1279 4581 1385 4660 dt'c'rfl.

964 4695 1049 4755 1177
1060 4695 1137 4757 Mai
1146 4698 1177 4759 8.
1206 4696 1363 4780 Ρενναναο

481 4831 673 4895 Alexander
688 4833 871 4915 episcopus,
895 4855 1005 4897 servus
1021 4856 1190 4900 servorum
1215 4839 1276 4914 dei,
1302 4838 1429 4901 dilectis
1447 4836 1520 4900 filiis
1540 4834 1576 4921 b),
1602 4839 1767 4902 canonicis
1782 4839 2001 4903 Vercellensis

324 4921 476 4998 ecclesie,
508 4920 646 4984 salutem
678 4934 710 4986 et
736 4919 741 5007 Ι
769 4924 985 5005 apostolicam
1017 4924 1294 4990 benedictionem.
1349 4927 1536 5008 Congruam
1569 4927 1668 4990 officii
1700 4929 1802 4990 nostri
1835 4930 2000 4992 actionem

324 5011 538 5091 exsequimur,
563 5010 589 5073 si
614 5011 775 5088 ecclesias,
800 5031 937 5092 quarum
960 5009 1182 5098 provildentia
1205 5027 1239 5079 et
1261 5017 1449 5080 sollicitudo
1473 5018 1568 5079 nobis
1592 5018 1757 5092 incumbit,
1782 5018 1814 5080 in
1831 5039 1893 5081 suo
1918 5029 2000 5082 statu

323 5110 355 5163 et
379 5100 497 5163 robore
520 5120 750 5164 conservamus
774 5110 806 5163 et
830 5101 872 5163 ab
898 5102 1145 5168 imminentibus
1168 5104 1475 5188 impugnationibus
1499 5107 1646 5187 diligenti
1661 5106 1770 5169 studio
1788 5108 2000 5171 custodimus.

323 5190 395 5252 Hac
419 5190 530 5270 itaque
554 5191 815 5253 consideratione
839 5190 962 5253 inducti
986 5201 1018 5254 et
1042 5193 1141 5257 officii
1166 5197 1267 5258 nostri
1284 5195 1399 5258 debito
1417 5197 1586 5274 provocati
1608 5197 1802 5258 auctoritate
1818 5198 2000 5277 apostolica

322 5278 543 5360 prohibemus
575 5298 616 5341 ne
648 5281 721 5358 quis
752 5279 985 5342 canonicorum
1007 5282 1059 5343 vel
1090 5283 1281 5347 clericorum
1313 5285 1353 5346 de
1390 5284 1488 5346 bonis
1520 5285 1656 5346 ecclesie
1678 5294 1785 5347 vestre
1817 5284 1930 5348 furtim
1953 5285 1999 5348 vel

321 5367 481 5430 violenter
504 5387 618 5449 rapere
642 5369 768 5431 audeat.
815 5367 924 5449 Quod,
948 5371 974 5430 si
1000 5373 1071 5451 quis
1088 5393 1167 5434 ausu
1191 5373 1363 5436 temerario
1394 5374 1637 5454 presumpserit,
1661 5385 1694 5436 et
1718 5373 1801 5436 insra
1821 5385 1901 5437 octo
1926 5376 1999 5446 dies,

323 5468 500 5538 postquam
516 5457 636 5519 exinde
652 5457 795 5520 monitus
812 5457 915 5531 suerit,
941 5460 1032 5539 quod
1048 5461 1158 5542 inique
1174 5463 1291 5544 rapuit,
1315 5481 1380 5523 non
1403 5463 1433 5540 ⁰)
1450 5462 1633 5537 restituerit,
1657 5483 1676 5524 a
1692 5465 1929 5527 communione
1952 5465 2000 5526 dei

597 5617 670 5623 ———
704 5617 748 5624 --ιι-

481 5705 507 5769 a)
527 5703 583 5752 Das
600 5705 664 5753 letare
683 5719 694 5752 s
712 5706 765 5770 aras
779 5707 864 5754 Rasur
934 5705 961 5770 b)
980 5705 997 5753 ii
1018 5706 1071 5771 aus
1082 5708 1167 5756 Ramr
1237 5713 1262 5774 c)
1282 5708 1379 5772 rapivit.
