4126 6356
1680 343 1742 407 129

812 503 879 578 Nr.
912 509 997 581 122.

69 615 262 682 Anastasius
277 619 301 684 I
306 619 338 685 V
345 620 463 688 utinm
482 625 537 690 die
554 627 828 716 Kollegiatkirclre
848 658 909 701 von
937 637 1025 702 Colle
1047 639 1105 722 (D.
1132 637 1291 726 Volterra)
1318 642 1352 704 r'n
1373 639 1602 725 apostolr'sclzen
1625 641 1742 708 Schutz

70 707 134 770 und
164 707 320 794 bestiitigi
348 713 418 777 ihre
450 715 552 781 Griter
576 721 646 784 und
679 721 918 807 Gerechtsame,
952 730 1064 808 wosrir
1097 725 1144 792 sz'e
1165 729 1317 815 sbtrliclr
1348 730 1452 811 stodls
1477 729 1584 796 Solrilr'
1612 753 1656 801 an
1689 731 1742 798 die

657 809 763 877 Kurie
785 835 825 878 au
847 818 1022 881 entriclrten
1043 818 1104 881 hat
1119 821 1128 858 ¹
1127 821 1156 905 ).

651 929 737 992 1153
751 929 928 996 December
942 936 971 997 7.
1004 933 1155 998 Lateron.

222 1047 419 1116 Anastasius
441 1056 626 1142 episcopus,
649 1081 760 1126 servus
783 1085 950 1130 servorum
975 1067 1035 1142 dei,
1059 1067 1184 1130 dilectis
1208 1068 1276 1131 filiis
1291 1070 1444 1152 Rogerio,
1468 1069 1739 1152 archipresbitero

70 1135 171 1218 plebis
187 1138 232 1202 de
248 1139 333 1214 Elsa,
357 1145 493 1224 eiusque
508 1147 670 1225 fratribus,
687 1160 754 1216 tam
771 1158 977 1236 presentibus
993 1177 1090 1238 quam
1108 1157 1228 1234 futuris,
1253 1173 1290 1222 ΙΝ
1306 1172 1382 1220 ΡΡΜ.
1399 1194 1443 1205 -
1462 1155 1468 1242 Ι
1488 1160 1544 1222 Pie
1560 1160 1738 1244 postulatio

68 1225 241 1291 voluntatis
257 1229 376 1293 effectu
392 1233 493 1297 debet
508 1250 730 1322 prosequente
750 1243 917 1327 compleri,
942 1253 977 1308 ut
999 1246 1104 1309 fidelis
1129 1247 1262 1310 devotio
1282 1251 1310 1328 a)
1335 1269 1513 1330 congruum
1532 1246 1561 1334 b)
1584 1252 1739 1313 sortiatur

69 1315 225 1380 effectum.
279 1319 482 1405 Eapropter,
511 1326 620 1391 dilecti
650 1330 682 1392 in
712 1333 850 1396 domino
883 1334 950 1410 filii,
982 1338 1096 1398 vestris
1127 1336 1217 1398 iustis
1246 1337 1533 1420 polstulationibus
1563 1338 1739 1402 clementer

68 1405 238 1481 annuimus
264 1416 298 1472 et
312 1411 582 1490 predecessorum
599 1427 794 1498 nostrorum,
811 1423 913 1486 felicis
930 1428 1088 1488 memorie
1104 1424 1279 1503 PASCALIS,
1304 1425 1446 1490 GELASII
1462 1436 1561 1509 atque
1576 1428 1738 1504 EUGENH,

68 1493 289 1560 Romanorum
313 1500 516 1580 pontificum,
546 1509 691 1590 vestigiis
722 1510 915 1589 inherentes,
947 1522 1089 1578 vestram
1112 1515 1200 1578 beati
1224 1516 1368 1580 Faustini
1396 1536 1453 1579 seu
1478 1517 1563 1580 beati
1586 1517 1738 1580 iohannis

68 1583 246 1661 ecclesiam,
270 1588 301 1649 in
325 1609 390 1669 qua
414 1591 524 1656 divino
548 1598 723 1680 mancipati
746 1604 823 1664 estis
847 1603 1020 1686 obsequio,
1043 1624 1116 1666 cum
1140 1604 1240 1686 plebe
1262 1626 1328 1681 sua,
1357 1623 1422 1686 que
1444 1606 1487 1668 de
1511 1606 1587 1668 Elsa
1609 1608 1736 1683 dicitur,

68 1673 123 1736 sub
151 1674 243 1738 beati
266 1677 352 1739 Petri
382 1689 416 1741 et
446 1691 559 1745 nostra
588 1691 796 1768 protectione
827 1693 1021 1775 suscipimus
1053 1701 1086 1755 et
1120 1697 1280 1775 presentis
1311 1697 1423 1777 scripti
1455 1696 1625 1778 privilegio
1649 1716 1737 1759 com·

68 1763 231 1826 munimus
281 1763 390 1846 Quam
412 1771 566 1835 videlicet
587 1776 759 1842 ecclesiam
783 1787 816 1842 et
839 1781 971 1863 plebem
998 1784 1179 1846 universam
1209 1803 1251 1846 ex
1274 1784 1397 1864 antiqui
1427 1785 1503 1846 iuris
1526 1787 1736 1868 possessione

68 1860 188 1915 constat
219 1855 438 1936 proprietaria
468 1862 594 1926 ditione
626 1867 668 1928 ad
699 1869 813 1932 sedem
844 1870 1058 1952 apostolicam
1091 1879 1125 1934 et
1152 1872 1334 1937 Romanam
1364 1872 1535 1936 ecclesiam
1566 1875 1736 1956 pertinere.

68 1937 240 2006 Statuimus
264 1944 383 2025 itaque,
406 1956 443 2011 ut
465 1971 689 2036 quascumque
712 1963 946 2040 possessiones,
970 1981 1178 2042 quecumque
1193 1963 1280 2025 bona
1294 1965 1326 2025 in
1343 1965 1580 2044 presentiarum
1600 1967 1627 2048 ε)
1652 1965 1736 2026 iuste

69 2037 98 2092 et
123 2034 284 2096 canonice
314 2037 492 2116 possidetis
529 2049 584 2104 aut
614 2045 646 2107 in
677 2045 819 2111 futurum
852 2051 1065 2113 concessione
1096 2051 1303 2132 pontificum,
1335 2052 1505 2133 largitione
1542 2073 1654 2134 regum
1684 2053 1737 2116 vel

68 2120 250 2202 principum,
275 2123 442 2189 oblatione
465 2128 607 2194 fidelium
632 2153 689 2197 seu
712 2137 809 2200 etiam
834 2139 903 2201 aliis
926 2141 1017 2203 iustis
1041 2141 1150 2203 modis
1173 2141 1238 2203 deo
1254 2143 1398 2224 propitio
1419 2141 1565 2221 poteritis
1589 2143 1735 2225 adipisci,

68 2206 151 2272 firma
179 2211 279 2274 vobis
311 2217 494 2296 vestrisque
524 2224 769 2288 successoribus
799 2235 833 2290 et
863 2228 987 2292 illibata
1019 2237 1241 2311 permaneant.
1286 2230 1321 2292 In
1353 2231 1471 2312 quibus
1502 2230 1564 2293 hec
1594 2233 1735 2313 propriis

68 2297 212 2363 duximus
236 2305 454 2384 exprimenda
475 2309 660 2374 vocabulis:
691 2315 852 2397 capellam
875 2321 978 2381 sancti
1002 2316 1177 2394 Michaelis
1209 2321 1350 2401 positam
1374 2322 1464 2382 iuxta
1487 2318 1619 2383 fiuvium
1643 2319 1735 2396 Unci,

69 2406 133 2451 cum
155 2391 361 2472 pertinentiis
384 2397 459 2471 suis,
484 2399 643 2480 capellam
666 2407 769 2467 sancti
786 2405 954 2484 Martialis,
978 2411 1121 2490 positam
1145 2411 1177 2471 in
1200 2408 1305 2491 burgo
1322 2407 1408 2485 Else,
1431 2429 1505 2472 cum
1529 2411 1734 2492 pertinentiis

69 2479 142 2554 suiS,
171 2479 334 2561 capellam
364 2493 476 2571 sancte
499 2487 618 2574 Made,
650 2496 791 2574 positam
816 2497 848 2558 in
871 2498 990 2560 eodem
1014 2499 1129 2579 burgo,
1153 2518 1227 2561 cum
1251 2500 1453 2580 pertinentiis
1475 2497 1548 2573 suis,
1572 2499 1733 2581 capellam

69 2574 169 2652 sanctq
192 2568 299 2655 Mariq
330 2571 373 2634 de
394 2571 523 2658 Spongi
547 2598 621 2642 cum
645 2585 848 2662 pertinentiis
863 2587 939 2662 suis,
963 2587 1123 2669 capellam
1145 2589 1248 2649 sancti
1264 2585 1443 2650 Salvatoris
1465 2587 1508 2650 de
1525 2586 1618 2651 Colle
1632 2590 1744 2651 veteri·

71 2673 134 2718 cum
156 2661 362 2738 pertinentiis
385 2663 459 2739 suis,
484 2667 640 2748 capellam
662 2673 763 2735 sancti
779 2671 930 2738 Nicholai
947 2677 989 2738 de
1006 2684 1113 2740 castro
1129 2676 1227 2739 Novo
1243 2676 1326 2740 colle
1342 2697 1416 2740 cum
1433 2679 1636 2759 pertinentiis
1656 2679 1731 2753 suis,

70 2745 215 2826 capellam
232 2751 338 2813 sancti
354 2751 455 2816 Blasii
471 2755 564 2820 iuxta
579 2761 775 2825 territorium
791 2763 898 2845 plebis
914 2767 1018 2829 sancti
1034 2765 1143 2848 Ipoliti
1161 2787 1234 2830 cum
1250 2768 1454 2848 pertinentiis
1474 2767 1548 2844 suis,
1573 2767 1733 2849 capellam

70 2837 161 2898 sancti
176 2836 314 2902 Andree
338 2841 380 2903 de
399 2841 508 2908 Strata
525 2845 555 2930 d)
579 2868 653 2912 cum
676 2853 880 2932 pertinentiis
902 2856 977 2932 suis,
1001 2856 1162 2937 capellam
1185 2868 1373 2920 sanctorum
1388 2856 1541 2939 Phylippi
1565 2867 1599 2920 et
1620 2855 1732 2920 Iacobi

70 2921 106 2984 de
119 2923 277 3004 Quartaio
301 2948 375 2992 cum
398 2935 603 3012 pertinentiis
618 2939 693 3016 suis,
718 2942 879 3023 capellam
900 2945 1003 3007 sancti
1019 2946 1097 3008 lusti
1113 2945 1154 3008 de
1171 2946 1332 3009 Menzano
1349 2966 1423 3009 cum
1439 2946 1643 3027 pertinentiis
1657 2948 1731 3023 suis,

70 3013 217 3092 primitias
249 3025 284 3080 et
314 3019 459 3085 decimas
490 3026 604 3106 populi
636 3029 678 3090 de
701 3026 852 3095 Senzano
883 3043 916 3095 et
946 3035 988 3097 de
1011 3034 1151 3098 Olivet0.
1197 3035 1396 3116 Precipimus
1427 3055 1514 3117 erg0,
1545 3041 1581 3097 ut
1610 3036 1732 3098 nemini

69 3101 212 3167 laicorum
230 3106 369 3171 facultas
384 3111 434 3187 sit,
452 3111 595 3195 aliquam
612 3117 653 3180 de
669 3120 803 3200 capellis
820 3132 876 3185 aut
892 3123 1035 3200 decimis,
1053 3125 1094 3186 ad
1107 3125 1328 3205 supradictam
1340 3126 1473 3206 plebem
1486 3125 1731 3205 pertinentibus

71 3189 98 3252 iu
117 3192 245 3258 alterius
270 3197 406 3286 ecclesiq
430 3201 612 3268 dominium
635 3209 772 3272 tradere.
811 3209 887 3275 Tibi
905 3221 1014 3276 autem
1030 3233 1068 3275 ac
1083 3214 1325 3277 successoribus
1348 3215 1420 3291 tuis,
1445 3215 1499 3295 qui
1516 3234 1575 3294 per
1589 3214 1731 3277 Romani

70 3282 221 3358 pontificis
245 3306 442 3352 consensum
466 3293 499 3355 in
529 3295 646 3358 eadem
674 3297 774 3378 plebe
796 3300 849 3363 vel
881 3302 1019 3366 ecclesia
1049 3302 1308 3385 archipresbiteri
1341 3304 1474 3379 suerint,
1507 3303 1731 3366 obedientiam

71 3367 201 3435 debitam
226 3375 460 3442 confirmamus
483 3382 525 3444 de
549 3385 702 3450 omnibus
726 3389 868 3470 capellis,
893 3411 957 3471 que
980 3394 1156 3455 constitute
1178 3403 1254 3455 sunt
1275 3392 1327 3455 vel
1351 3393 1469 3456 suerint
1491 3393 1525 3454 in
1547 3393 1730 3473 parrochia,

71 3457 106 3520 ad
126 3464 347 3543 supradictam
369 3466 459 3531 beati
475 3471 621 3536 Faustini
640 3477 811 3540 ecclesiam
829 3477 1066 3567 pertinente(s),
1090 3482 1174 3544 intra
1190 3501 1280 3563 quas,
1303 3483 1329 3546 si
1349 3481 1555 3564 oportunitas
1577 3482 1730 3563 exegerit,

71 3549 178 3630 absque
200 3555 462 3621 contradictione
486 3562 658 3627 cuiuslibet
681 3586 783 3630 novas
807 3569 951 3650 capellas
973 3571 1025 3633 vel
1049 3571 1220 3634 ecclesiam
1244 3571 1419 3634 edificandi
1441 3571 1536 3634 vobis
1566 3571 1729 3634 licentiam

71 3635 274 3721 indulgemus.
327 3645 482 3711 Obeunte
511 3671 589 3714 vero
620 3663 669 3729 te,
706 3676 792 3718 nunc
825 3659 971 3722 eiusdem
1001 3660 1064 3723 loci
1096 3659 1384 3741 archipresbiter0,
1415 3661 1520 3723 nullus
1551 3661 1585 3722 in
1614 3663 1730 3724 eadem

71 3727 194 3792 ecclesia
216 3733 366 3814 qualibet
388 3736 610 3820 subreptionis
632 3745 752 3808 astutia
766 3746 818 3808 vel
833 3748 989 3811 violentia
1004 3759 1213 3830 preponatur,
1238 3750 1297 3812 nisi
1319 3769 1416 3832 quem
1433 3749 1579 3812 eiusdem
1595 3749 1731 3812 ecclesie

71 3813 163 3880 clerici
199 3819 262 3884 sibi
300 3843 432 3904 preesse
469 3830 673 3908 providerint
710 3844 743 3897 et
779 3837 921 3900 Romani
952 3838 1118 3919 pontificis
1155 3859 1304 3902 assensus
1336 3838 1533 3921 probaverit.
1596 3837 1729 3916 Crisma,

71 3903 167 3970 oleum
188 3920 353 3990 sanctum,
381 3917 605 3984 ordinationes
633 3921 824 3987 clericorum
854 3926 1089 4009 abepiscopo,
1121 3928 1154 3990 in
1178 3929 1267 3991 cuius
1290 3929 1414 3991 diocesi
1437 3929 1523 4004 estis,
1555 3929 1729 4009 accipietis,

71 3992 216 4074 siquidem
247 4003 388 4082 gratiam
418 4013 518 4088 atque
547 4013 811 4076 communionem
848 4017 1030 4104 apostolice
1060 4017 1147 4080 sedis
1177 4017 1328 4080 habuerit
1361 4027 1395 4080 et
1424 4018 1450 4080 si
1482 4037 1520 4080 ea
1558 4018 1660 4098 gratis
1691 4038 1729 4081 ac

70 4081 129 4146 sine
148 4089 309 4167 pravitate
338 4093 478 4158 voluerit
508 4098 673 4164 exhibere.
718 4102 879 4185 Alioquin
910 4106 1006 4169 liceat
1033 4107 1142 4182 vobis,
1173 4107 1383 4183 catholicum,
1415 4125 1514 4187 quern
1545 4106 1729 4183 malueritis,

71 4171 148 4237 adire
176 4180 356 4244 antistitem
387 4193 420 4246 et
451 4185 494 4248 ab
525 4207 566 4250 eo
599 4193 853 4256 consecrationis
881 4207 1084 4259 sacramenta
1114 4197 1295 4277 suscipere,
1331 4197 1396 4277 qui,
1428 4195 1612 4282 apostolice
1642 4196 1728 4258 sedis

71 4257 156 4326 lulius
176 4269 380 4348 auctoritate,
405 4293 469 4355 que
491 4277 706 4357 postulantur,
730 4281 907 4365 indulgeat.
953 4285 1159 4366 Capellarum
1185 4305 1263 4348 vero
1288 4293 1321 4347 et
1349 4284 1465 4366 plebis
1488 4285 1516 4348 si
1539 4285 1728 4367 oportuerit,

71 4358 268 4434 consecratio,
299 4380 367 4423 non
397 4363 458 4425 nisi
481 4377 640 4449 precepto
663 4370 806 4434 Romani
829 4373 994 4454 pontificis
1017 4374 1083 4438 fiat.
1129 4375 1328 4455 Precipimus
1358 4376 1466 4451 etiam,
1500 4395 1542 4437 ne
1571 4375 1728 4437 militibus

71 4436 168 4518 liceat,
198 4448 489 4526 parrochianorum
522 4466 705 4521 vestrorum
735 4461 880 4525 decimas
907 4465 972 4526 suis
1000 4465 1111 4527 usibus
1133 4465 1324 4540 vendicare,
1354 4474 1405 4527 set
1434 4465 1525 4527 iuxta
1554 4464 1727 4527 canonicas

71 4533 240 4598 sanctiones
265 4537 369 4602 iuius
392 4542 528 4631 ecclesie
551 4544 792 4633 conferantur.
839 4552 939 4614 Porro
962 4554 1161 4634 sepulturam
1181 4561 1209 4632 e)
1233 4553 1379 4616 eiusdem
1402 4553 1466 4616 loci
1490 4553 1626 4616 liberam
1656 4573 1728 4616 esse

71 4615 267 4701 decernimus,
292 4636 327 4690 ut
349 4649 471 4707 eorum,
496 4634 552 4714 qui
574 4655 610 4698 se
634 4636 697 4700 illic
719 4639 860 4721 sepelliri
878 4642 1136 4718 deliberaverint,
1161 4643 1328 4705 devotioni
1349 4652 1382 4705 et
1397 4651 1543 4705 extreme
1557 4642 1726 4719 voluntati,

71 4705 122 4770 nisi
142 4710 222 4776 sorte
236 4714 540 4802 excom(m)unicati
555 4724 607 4786 vel
626 4725 656 4808 f)
681 4727 843 4792 interdicti
866 4732 940 4807 sint,
965 4732 1072 4795 nullus
1096 4731 1244 4795 obsistat.
1289 4730 1372 4794 Illud
1395 4742 1505 4795 autem
1529 4731 1728 4794 omnimodis

71 4798 266 4872 prohibemus
290 4816 323 4869 et
344 4809 475 4888 penitus
498 4812 730 4892 interdicimus,
755 4839 796 4882 ne
819 4817 1010 4883 clericorum
1032 4841 1084 4884 res
1106 4831 1184 4902 post
1199 4841 1312 4884 eorum
1329 4820 1456 4883 obitum
1477 4820 1593 4901 aliquis
1608 4821 1729 4884 audeat

71 4887 191 4978 ecclesiq
203 4893 367 4976 vobisque
389 4899 588 4979 subtrahere,
613 4913 663 4967 set
678 4906 769 4970 iuxta
789 4911 964 4972 canonicas
982 4907 1011 4993 s)
1035 4911 1221 4973 sanctiones
1237 4910 1348 4972 omnia
1363 4910 1499 4997 ecclesie
1516 4919 1726 4973 reserventur.

71 4966 131 5037 Nec
144 4978 174 5041 in
196 4983 333 5047 ecclesia
355 4986 427 5067 ipsa
448 4990 501 5052 vel
524 4992 657 5073 capellis
680 4996 748 5059 eius
772 5009 886 5060 contra
910 4999 1178 5063 deliberationem
1202 5009 1342 5063 vestram
1367 4999 1483 5080 aliquis
1509 4999 1727 5080 presbiterum

71 5061 228 5134 clericosve
251 5075 438 5140 constituat
483 5079 615 5144 Nemini
638 5103 717 5165 ergo
742 5086 879 5150 facultas
905 5089 955 5162 sit,
987 5089 1159 5152 ecclesiam
1182 5089 1288 5170 ipsam
1311 5099 1434 5152 temere
1457 5089 1647 5170 perturbare
1671 5098 1727 5151 aut

70 5153 152 5218 vobis
179 5156 388 5228 helimosinas
411 5167 595 5250 subripere,
632 5192 696 5252 que
726 5196 768 5238 ex
800 5187 1002 5240 mortuorum
1026 5178 1152 5241 iudiciis
1175 5177 1371 5259 parrochiali
1395 5177 1557 5242 debentur
1578 5178 1725 5265 ecclesie,
1791 5203 1796 5212 ·

71 5251 117 5303 aut
135 5250 272 5329 capellas
294 5253 402 5333 plebis
423 5269 532 5320 vestre
553 5259 707 5324 invadere
738 5286 803 5343 seu,
829 5286 1033 5348 quecumque
1056 5268 1157 5348 ipsius
1188 5277 1263 5330 sunt
1285 5267 1337 5329 vel
1369 5267 1494 5344 fuerint,
1526 5267 1726 5349 quibuslibet

72 5337 280 5404 occasionibus
302 5343 435 5408 auferre.
480 5346 538 5411 Ad
560 5349 713 5415 inditium
736 5363 846 5418 autem
869 5357 1080 5438 proprietatis
1102 5356 1196 5420 huius
1218 5370 1269 5420 XII
1292 5377 1445 5420 nummos
1473 5359 1569 5420 nobis
1592 5357 1725 5419 nostris·

73 5457 475 5488 Ἣ.-

210 5534 234 5598 a)
252 5540 262 5584 t
278 5535 331 5600 aus
346 5537 589 5606 otelingen-Ranae
676 5547 704 5614 b)
722 5547 845 5598 tuimur
862 5549 914 5614 ores
926 5551 1011 5599 Rnner
1098 5555 1122 5616 c)
1141 5550 1289 5600 Abrerriotur
1310 5565 1358 5600 ven
1375 5566 1430 5600 rum
1445 5549 1561 5616 gesnero
1576 5548 1628 5613 ores
1641 5550 1726 5598 Rosur

72 5589 94 5655 d)
109 5610 133 5646 ra
148 5600 222 5654 duret
238 5605 376 5657 Kmektrer
392 5610 523 5678 tergestellr
610 5619 636 5680 e)
653 5619 768 5670 sun'schm
786 5622 864 5671 Porro
890 5622 946 5672 und
962 5622 1112 5686 sepulturam
1136 5623 1173 5672 die
1190 5625 1274 5672 Reno
1297 5623 1359 5673 eines
1376 5623 1409 5672 nd
1498 5620 1660 5688 Other'lrrreise
1676 5623 1728 5687 arf

72 5664 142 5718 uun
205 5677 231 5743 g)
250 5679 292 5727 oni
309 5681 362 5744 aus
373 5683 466 5735 eamr.
485 5725 538 5732 -,.
556 5689 592 5754 n)
617 5689 694 5755 urge.
714 5692 750 5740 ee
772 5693 834 5744 ura.
852 5709 907 5743 vam
925 5696 962 5744 ro
982 5693 1059 5744 Mara
1077 5697 1141 5744 1149
1159 5695 1216 5744 unu
1230 5711 1285 5744 vom
1303 5697 1336 5745 rr
1353 5694 1429 5761 Apu
1444 5694 1519 5744 usa.

115 5767 432 5838 ummah-Euripum
446 5781 504 5824 Aeta
517 5783 561 5824 111.
1491 5783 1522 5836 ¹⁷
