4090 6358
297 310 338 379 50

296 486 426 567 Criptas
448 485 615 558 Anselmi,
648 483 829 547 Canianum
853 501 928 546 cum
958 479 1163 566 pertinentiis
1186 502 1305 558 earum,
1338 479 1457 545 vallem
1481 478 1523 544 de
1546 478 1692 544 Lutrana
1715 498 1790 542 cum
1819 473 1958 542 aslinibus

294 576 368 650 suis,
400 574 570 661 ecclesiam
600 582 711 635 sancte
736 573 838 658 Mariq
862 575 894 635 In
918 574 1025 648 Parin,
1050 574 1220 636 ecclesiam
1244 574 1347 635 sancti
1371 572 1492 652 Angeli
1517 571 1559 633 de
1582 571 1704 632 Forma
1728 589 1803 631 cum
1826 569 1912 630 silvis
1933 579 1959 631 et

295 664 463 726 territoriis
500 663 580 737 suis,
621 662 792 748 ecclesiam
822 673 935 748 sanctq
966 663 1068 748 Marie
1100 664 1141 725 de
1173 664 1310 725 Masena
1340 682 1414 724 cum
1444 661 1648 742 pertinentiis
1679 660 1745 721 suis
1776 667 1810 720 et
1841 658 1959 720 duobus

295 753 499 826 molendinis,
532 751 702 814 ecclesiam
734 761 846 814 sancte
871 751 982 815 Crucis
1006 762 1038 814 et
1062 752 1165 814 sancti
1189 751 1349 834 Stephani
1382 761 1415 813 et
1445 750 1549 812 sancti
1573 749 1642 812 Viti
1666 765 1741 810 cum
1764 748 1958 829 pertinentiis

296 862 422 916 earum,
453 841 622 926 pcclesiam
646 850 758 924 sancte
783 841 884 926 Marie
908 842 1073 926 Rotundp,
1106 841 1278 927 ecclesiam
1308 851 1496 902 sanctorum
1520 838 1640 902 Cosme
1663 848 1696 900 et
1719 837 1873 899 Damiani
1897 857 1961 898 cum

296 931 499 1012 pertinentiis
527 950 646 1004 earum,
680 930 851 992 ecclesiam
883 931 986 992 sancti
1010 929 1219 1012 Archangeli,
1252 929 1423 992 ecclesiam
1454 929 1558 990 sancti
1582 925 1769 1001 Eleutherii,
1801 926 1961 988 ecclesiam

295 1020 398 1082 sancti
430 1017 583 1082 Iohannis
615 1020 647 1080 in
679 1019 841 1081 territorio
874 1020 1122 1094 Frusinonensi,
1162 1038 1226 1105 que
1257 1020 1348 1081 iuxta
1381 1017 1501 1080 flumen
1536 1016 1657 1080 Cosam
1695 1017 1759 1078 sita
1790 1024 1857 1090 est,
1896 1036 1962 1077 curn

297 1108 449 1171 omnibus
473 1108 516 1169 ad
540 1109 645 1189 ipsam
662 1108 900 1189 pertInentibus
917 1119 949 1170 et
973 1129 1047 1171 cum
1064 1109 1161 1172 casali
1179 1109 1314 1189 integr0,
1339 1107 1510 1193 ecclesiam
1534 1116 1646 1192 sancte
1668 1107 1770 1190 Marie
1794 1106 1826 1166 in
1844 1105 1965 1167 Murata

297 1219 371 1260 cum
401 1197 605 1278 pertinentiis
629 1197 702 1270 suis,
735 1197 841 1259 lacum
875 1197 916 1260 de
948 1197 1104 1260 Maniano
1135 1218 1209 1260 cum
1240 1197 1445 1279 pertinentiis
1475 1196 1540 1258 suis
1570 1205 1603 1258 et
1634 1195 1767 1258 cumei
1802 1194 1965 1256 adiacente

296 1287 485 1362 hereditate,
509 1285 680 1371 ecclesiam
704 1287 806 1348 sancti
831 1286 959 1348 Nicolai
988 1297 1020 1350 et
1050 1289 1154 1350 sancti
1180 1288 1298 1368 Moyse
1329 1297 1369 1360 et,
1401 1285 1558 1367 quicquid
1589 1284 1621 1347 in
1645 1283 1807 1346 territorio
1832 1283 1966 1345 Turricis

296 1397 356 1458 per
371 1377 534 1438 autentica
550 1385 711 1437 cartarum
732 1375 935 1438 monimenta
958 1377 1065 1439 eidem
1082 1376 1241 1439 Berulane
1265 1376 1402 1439 ecclesie
1425 1376 1587 1456 pertinere
1611 1373 1828 1454 cognoscitur.
1875 1370 1966 1452 Quic-

297 1466 375 1547 quid
399 1466 498 1527 etiam
522 1464 564 1526 de
587 1483 646 1525 suo
670 1465 737 1526 iure
754 1484 774 1525 a
789 1463 862 1527 filiis
877 1465 1049 1546 Peregrini,
1074 1465 1188 1530 Girino
1212 1466 1373 1540 videlicet,
1400 1465 1483 1526 Miro
1500 1472 1533 1525 et
1549 1463 1628 1538 Zita,
1645 1463 1830 1543 Peregrino,
1847 1461 1968 1524 Ottone

297 1567 330 1616 et
353 1574 372 1615 a
394 1553 540 1616 Iohanne
571 1550 740 1633 Caphar0,
772 1573 791 1615 a
822 1553 967 1617 Datiano
999 1566 1033 1618 et
1065 1575 1167 1618 uxore
1198 1555 1266 1618 eius
1297 1555 1415 1629 Maria,
1448 1574 1466 1615 a
1496 1552 1665 1628 Tebaldo‚
1698 1561 1841 1632 cognato
1872 1551 1968 1632 ipsius

297 1644 441 1718 Datiani,
466 1653 499 1704 et
522 1663 541 1702 a
561 1642 751 1717 Benedicto,
777 1641 844 1705 filio
860 1644 1007 1720 BaronIs
1032 1654 1065 1707 et
1090 1665 1192 1707 uxore
1215 1645 1284 1707 eius
1308 1654 1341 1706 et
1355 1643 1525 1716 Landone,
1550 1641 1617 1704 filio
1640 1641 1790 1722 Ardingi,
1815 1650 1849 1703 et
1870 1659 1970 1702 uxore

297 1734 366 1794 eius
394 1732 589 1812 acquisitum
620 1741 677 1806 est,
709 1730 837 1794 firmum
867 1743 900 1795 et
930 1733 1119 1796 iuviolabile
1142 1734 1238 1796 vobis
1261 1740 1477 1806 conservetur,
1510 1731 1600 1793 salva
1630 1729 1830 1793 omnimodis
1854 1729 1970 1791 iustitia

298 1832 330 1884 et
362 1821 507 1896 servitio,
541 1840 604 1901 que
635 1841 677 1883 ex
701 1822 828 1902 integro
850 1822 1001 1909 Romane
1026 1824 1164 1886 debetur
1187 1823 1332 1910 ecclesie.
1381 1822 1575 1886 Universam
1607 1830 1756 1901 preterea
1778 1819 1971 1881 Berulanam

298 1910 504 1992 parrochiam
528 1919 596 1971 tam
620 1911 680 1972 tibi
705 1929 804 1990 quam
827 1912 891 1974 tuis
914 1913 1155 1976 successorIbus
1179 1913 1357 1992 regendam
1381 1932 1419 1973 ac
1444 1910 1695 1992 disponendam,
1718 1909 1877 1989 largiente
1898 1908 1970 1982 deo,

297 1999 507 2062 concedimus
531 2009 564 2061 et
595 1998 839 2062 confirmamus:
873 2001 978 2082 ipsam
1007 2002 1161 2065 videlicet
1184 2002 1378 2065 Berulanam
1410 1999 1575 2063 civitatem
1606 2017 1681 2061 cum
1709 1997 1863 2060 omnibus
1886 1997 1971 2058 adia·

298 2089 447 2151 centibus
477 2089 637 2173 ecclesiis,
671 2088 756 2150 intus
786 2088 838 2151 vel
872 2089 963 2166 loris,
998 2086 1240 2176 Fru[sin]onem
1271 2111 1345 2153 cum
1377 2089 1530 2152 omnibus
1563 2087 1787 2150 adiacentibus
1820 2085 1971 2172 ecclesiis,

297 2177 459 2258 oppidum
489 2177 630 2239 Turricis
661 2197 735 2240 cum
766 2179 910 2264 ecclesiis
940 2180 1021 2256 suiS,
1059 2181 1163 2262 Ripas
1195 2201 1269 2243 cum
1300 2179 1445 2242 ecelesiis
1478 2179 1543 2241 suis
1576 2186 1609 2240 et
1640 2176 1840 2239 monasterio
1871 2177 1971 2237 sancti

298 2266 460 2342 Silvestri,
490 2265 593 2329 Pofen
624 2287 699 2328 cum
722 2266 867 2354 ecclesiis
890 2279 1002 2355 sancte
1027 2270 1145 2356 Marie,
1177 2271 1281 2333 sancti
1304 2270 1390 2332 Petri
1422 2279 1455 2331 et
1479 2277 1592 2354 sancte
1617 2265 1777 2352 Columbe
1808 2274 1842 2327 et
1871 2265 1972 2327 sancti

298 2351 483 2440 [Antonlini
508 2365 541 2417 et
563 2355 717 2419 omnibus
739 2357 818 2432 aliis,
842 2356 1056 2421 Harenariam
1084 2380 1157 2422 cum
1181 2359 1326 2423 ecclesiis
1348 2359 1414 2421 suis
1438 2365 1471 2420 et
1503 2356 1702 2419 monasterio
1726 2364 1839 2442 sancte
1862 2355 1972 2440 Marie,

298 2445 448 2507 Castrum
471 2465 546 2507 curn
569 2445 707 2508 ecclesia
729 2447 833 2509 sancti
857 2448 952 2523 Petri,
982 2459 1094 2534 sanctq
1118 2449 1222 2535 0¹th
1247 2449 1350 2511 sancti
1374 2448 1517 2532 Andreq,
1542 2446 1645 2508 sancti
1669 2444 1838 2526 Stephani,
1870 2444 1973 2506 sancti

297 2534 468 2596 Benedicti
499 2545 532 2596 et
564 2535 763 2598 monasterio
794 2537 898 2598 sancti
922 2536 1042 2620 Angeli
1078 2538 1119 2601 de
1143 2539 1302 2601 Meruleta
1326 2547 1359 2599 et
1381 2537 1485 2599 sancti
1509 2535 1638 2598 Nicolai
1663 2545 1695 2596 et
1718 2533 1871 2596 omnibus
1895 2533 1973 2608 aliis,

299 2625 449 2686 Montem
472 2623 600 2704 nigrum
633 2644 707 2686 cum
730 2625 875 2709 ecclesiis
898 2621 997 2711 s[uis],
1030 2627 1253 2691 Fabrateriam
1278 2646 1352 2689 cum
1376 2626 1504 2702 finibus,
1536 2624 1742 2706 pertinentiis
1772 2633 1805 2685 et
1829 2622 1974 2685 ecclesiis

298 2713 363 2775 suis
396 2713 481 2775 intus
511 2713 562 2774 vel
596 2712 682 2789 loris,
716 2713 921 2796 Ceperanum
957 2737 1031 2778 cum
1062 2717 1200 2804 ecclesia
1230 2727 1342 2802 sancte
1374 2716 1486 2799 Marie,
1518 2715 1620 2776 sancti
1644 2713 1838 2788 Paterniani,
1870 2711 1973 2773 sancti

298 2801 460 2877 Iohannis,
491 2803 594 2864 sancti
621 2803 765 2890 Andree,
797 2805 899 2867 sancti
932 2805 1055 2887 Magni,
1087 2807 1189 2869 sancti
1222 2806 1359 2880 Nicolai,
1390 2806 1495 2868 sancti
1528 2803 1636 2878 Blasii,
1668 2812 1780 2888 sancte
1812 2801 1915 2886 Marie
1935 2800 1974 2880 ²),

298 2891 402 2953 sancti
425 2891 546 2972 Angeli
571 2899 604 2952 et
626 2887 803 2978 omni[bus]
828 2893 908 2969 aliis,
932 2893 1116 2957 Cannetum
1141 2915 1214 2958 cum
1239 2895 1398 2958 canonica
1420 2895 1524 2956 sancti
1547 2893 1632 2956 Petri
1656 2902 1689 2954 et
1712 2892 1849 2953 ecclesia
1871 2891 1974 2952 sancti

298 2978 461 3055 Iohannis,
486 2979 662 3043 Castellum
687 3001 817 3058 novum,
842 2981 1138 3065 strangulagallum
1162 3005 1236 3047 cum
1260 2984 1404 3047 ecclesiis
1428 2984 1501 3059 suis,
1530 2981 1709 3062 Carpinum
1733 3001 1807 3043 cum
1830 2979 1976 3042 ecclesiis

298 3070 372 3144 suis,
405 3081 551 3132 montem
575 3071 677 3132 sancti
702 3070 856 3134 Iohannis
880 3092 954 3134 cum
985 3073 1131 3136 eiusdem
1163 3075 1305 3136 nominis
1336 3073 1544 3147 monasterio,
1577 3071 1747 3158 ecclesiam
1778 3079 1893 3153 sancte
1915 3069 1974 3130 Pu-

300 3159 471 3245 dentiane,
511 3160 681 3222 ecclesiam
714 3162 818 3222 sancti
848 3161 933 3224 Petri
968 3163 1009 3224 de
1040 3163 1214 3238 Harenula,
1248 3164 1418 3225 ecclesiam
1449 3163 1552 3224 sancti
1583 3159 1712 3222 Nicolai
1744 3159 1785 3220 de
1816 3155 1975 3231 Civitella,

299 3247 469 3309 ecclesiam
493 3259 605 3333 sancte
630 3249 748 3336 Mane,
781 3251 884 3312 sancti
908 3250 1046 3332 Angeli,
1079 3253 1183 3314 sancti
1207 3252 1306 3328 Pauli,
1342 3262 1375 3314 et
1403 3251 1556 3314 omnibus
1588 3249 1673 3324 aliis,
1706 3247 1876 3311 Babucum
1901 3267 1976 3310 cum

300 3337 436 3399 ecclesia
460 3338 562 3399 sancti
586 3335 717 3418 Angeli,
749 3350 861 3425 sancte
885 3341 997 3426 Marie,
1029 3343 1132 3404 sancti
1156 3342 1250 3416 Petri,
1275 3342 1379 3404 sancti
1403 3341 1509 3402 Leutii
1539 3349 1572 3401 et
1601 3338 1755 3400 omnibus
1778 3339 1857 3400 aliis
1904 3337 1977 3422 Hec

300 3427 410 3506 itaque
434 3427 546 3487 omnia
569 3437 623 3513 tuq
647 3437 842 3510 tuorumque
865 3449 1088 3492 successorum
1114 3431 1320 3512 dispositioni
1353 3440 1515 3511 perpetuo
1545 3429 1680 3492 subesse
1714 3447 1892 3490 censemus.
1940 3427 1975 3488 In

299 3515 498 3577 monasterio
526 3526 713 3578 sanctorum
736 3517 891 3580 Iohannis
924 3529 956 3581 et
979 3519 1078 3596 Pauli,
1111 3520 1267 3601 quicquid
1297 3520 1339 3582 ad
1371 3520 1541 3600 antiquum
1565 3517 1716 3579 Berulani
1748 3516 1896 3598 episcopi
1928 3517 1977 3576 ius

300 3605 488 3684 epIscopale
512 3605 669 3668 canonice
692 3607 842 3688 pertinet,
874 3608 1037 3690 integrum
1059 3608 1155 3671 vobis
1180 3619 1341 3690 perpetuo
1364 3609 1483 3671 servari
1507 3607 1677 3682 sancimus,
1710 3606 1800 3668 salva
1823 3605 1977 3667 nimirum

299 3705 409 3755 nostre
440 3704 551 3780 sancte
579 3695 730 3783 Romanq
758 3697 895 3783 ecclesie
926 3699 1113 3760 reverentia.
1165 3698 1222 3760 Ad
1255 3698 1316 3785 hec
1346 3719 1406 3780 per
1437 3698 1598 3779 presentis
1627 3694 1787 3777 privilegii
1819 3696 1977 3776 paginam

301 3782 483 3863 apostolica
506 3785 700 3847 auctoritate
723 3785 934 3862 decernimus,
966 3797 1003 3849 ut
1035 3787 1113 3850 nulli
1144 3789 1280 3850 omnino
1309 3787 1478 3850 hominum
1504 3787 1608 3860 liceat,
1640 3785 1780 3847 eandem
1805 3784 1978 3870 pcclesiam

300 3881 422 3933 temere
460 3874 651 3952 perturbare
690 3885 746 3936 aut
783 3875 851 3938 eius
889 3875 1114 3957 possessiones
1146 3875 1272 3940 auferre
1309 3876 1361 3938 vel
1392 3875 1519 3938 ablatas
1554 3874 1708 3950 retinere,
1749 3874 1894 3935 minuere
1926 3873 1978 3936 vel

300 3961 479 4023 temerariis
510 3963 740 4025 vexationibus
771 3962 923 4046 latIgare,
954 3966 1013 4028 sed
1045 3953 1157 4028 omnia
1188 3967 1313 4046 integra
1343 3974 1591 4039 conserventur,
1624 3973 1692 4026 tam
1715 3963 1845 4039 vestris,
1877 3982 1979 4044 quam

300 4050 491 4112 clericorum
515 4061 548 4113 et
570 4072 751 4133 pauperum
776 4053 887 4115 usibus
910 4055 1110 4117 omnimodis
1134 4055 1312 4136 profutura,
1336 4054 1426 4117 salva
1450 4054 1482 4116 in
1507 4053 1660 4116 omnibus
1684 4052 1866 4133 apostolice
1890 4053 1979 4114 sedis

301 4139 502 4201 auctoritate.
555 4139 589 4203 Si
625 4161 690 4221 qua
721 4142 826 4222 igitur.
849 4142 881 4204 in
906 4141 1048 4205 futurum
1076 4145 1296 4230 ecclesiastica
1328 4143 1521 4230 secularisve
1557 4162 1715 4224 persona,
1749 4141 1835 4203 hanc
1866 4151 1979 4204 nostre

300 4229 540 4290 constitutionIs
564 4231 719 4310 paginam
742 4231 857 4306 sciens,
889 4242 1004 4294 contra
1028 4253 1101 4296 eam
1125 4243 1248 4296 temere
1271 4233 1382 4296 venire
1411 4232 1630 4314 temptaverit,
1663 4231 1808 4294 secundo
1838 4232 1979 4293 tertiove

299 4318 510 4392 commonita,
534 4319 560 4378 si
585 4338 651 4380 non
674 4318 897 4382 satisfactione
921 4341 1065 4402 congrua
1080 4323 1311 4398 emendaverit,
1335 4324 1509 4403 potestatis
1532 4321 1732 4402 honorisque
1751 4321 1799 4382 sui
1817 4320 1979 4402 dIgnitate

301 4418 410 4468 careat
444 4425 597 4487 reamque
629 4428 664 4469 se
698 4408 808 4470 divino
840 4410 960 4472 iudicio
993 4412 1132 4475 existere
1165 4413 1206 4474 de
1239 4418 1429 4494 perpetrata
1459 4411 1630 4493 iniquitate
1663 4419 1858 4490 cognoscat,
1893 4420 1929 4472 et
1960 4429 1978 4470 a

299 4496 518 4557 sacratissimo
542 4516 680 4578 corpore
703 4517 742 4559 ac
765 4500 923 4580 sanguIne
947 4501 999 4563 dei
1024 4512 1056 4564 et
1080 4503 1215 4578 domini,
1249 4502 1466 4583 redemptoris
1490 4501 1591 4563 nostri
1615 4498 1686 4562 Iesu
1712 4498 1838 4574 Christi,
1871 4499 1979 4563 aliena

300 4583 365 4659 fiat,
391 4595 489 4665 atque
513 4585 545 4646 in
569 4597 717 4648 extremo
742 4589 893 4651 examine
910 4590 1055 4653 districte
1072 4591 1186 4653 ultioni
1203 4591 1380 4654 subiaceat.
1422 4590 1555 4654 Cunctis
1572 4599 1690 4665 autem,
1715 4589 1823 4652 eidem
1840 4588 1978 4652 ecclesie

300 4674 384 4735 iusta
414 4674 626 4750 servantibus,
658 4677 700 4737 sit
732 4697 800 4757 pax
831 4678 954 4740 domini
989 4681 1090 4742 nostri
1123 4681 1194 4743 Iesu
1226 4680 1353 4756 Christi,
1387 4681 1539 4761 quatinus
1570 4688 1603 4740 et
1632 4679 1686 4740 hic
1718 4677 1857 4740 fructum
1889 4677 1978 4740 bone

298 4763 436 4825 actionis
460 4764 644 4844 percipiant
668 4773 700 4827 et
724 4767 813 4847 apud
837 4767 1019 4831 districtum
1051 4771 1191 4832 iudicem
1222 4765 1360 4856 prelmia
1384 4780 1493 4855 eterne
1517 4769 1609 4850 pacis
1634 4769 1810 4830 inveniant.
1857 4766 1978 4830 Amen.

302 4850 390 4912 A-m.
413 4852 533 4915 Amen.
549 4889 592 4898 —

514 4943 569 5018 (R)
593 4943 666 5024 Ego
691 4942 872 5006 Celestinus
895 4944 1056 5033 catholice
1080 4948 1216 5035 ecclesie
1240 4949 1415 5029 episcopus
1439 4968 1478 5009 ss.
1504 4944 1566 5026 (M)

514 5027 534 5112 †
557 5032 630 5113 Ego
656 5031 826 5095 Conradus
850 5033 1041 5097 Sabinensis
1065 5038 1242 5118 episcopus
1265 5058 1305 5100 ss.
1330 5034 1377 5120 (2)

513 5117 533 5203 †
556 5122 629 5202 Ego
653 5122 766 5185 Petrus
789 5122 991 5186 Albanensis
1012 5122 1043 5206 ¹³)
1067 5127 1243 5208 episcopus
1266 5148 1306 5189 ss.
1332 5127 1377 5205 (2)

512 5245 556 5256 —-
581 5213 601 5289 l·
624 5211 697 5292 Ego
721 5211 867 5274 Thomas
892 5213 1055 5293 presbiter
1077 5216 1250 5279 cardinalis
1273 5217 1321 5278 tit.
1346 5215 1481 5277 Vestine
1505 5235 1545 5277 ss.

512 5301 532 5378 ’ξ’
555 5301 627 5381 Ego
653 5300 762 5363 Guido
786 5300 948 5381 presbiter
971 5304 1142 5367 cardinaIIs
1165 5306 1213 5366 tit.
1238 5313 1425 5367 sanctorum
1449 5305 1614 5366 Laurentii
1640 5312 1672 5366 et
1696 5301 1832 5366 Damasi
1855 5321 1898 5364 ss

514 5387 533 5470 l
557 5391 630 5470 Ego
654 5389 767 5452 Petrus
790 5389 964 5452 cardinalis
987 5393 1150 5473 presbiter
1171 5395 1219 5456 tit.
1244 5405 1356 5482 sanctq
1379 5393 1528 5479 Susanne
1551 5415 1592 5456 ss.

513 5474 533 5559 †
557 5477 630 5559 Ego
655 5479 733 5540 Man
749 5477 845 5539 redus
868 5478 1030 5558 presbiter
1053 5484 1224 5545 cardinalis
1248 5485 1295 5545 tit.
1319 5493 1431 5570 sanctq
1455 5481 1575 5568 Savine
1598 5503 1638 5544 ss.
1663 5479 1713 5564 (1)

461 5696 487 5764 a)
506 5696 602 5760 MarIne
712 5697 737 5762 b)
758 5697 803 5745 das
821 5713 835 5746 e
854 5699 913 5747 iiber
929 5701 1002 5749 tinem
1022 5701 1207 5767 agesclrrr'ebm.
