4142 6366
315 347 378 419 232

314 529 483 600 detineret,
509 544 591 607 quos
607 513 853 587 Transmund'us
873 511 901 610 ἷι)
916 512 1017 588 lldicii
1042 546 1102 606 pro
1117 521 1213 590 Petro
1234 519 1333 590 fratre
1349 548 1409 590 suo
1426 515 1541 590 oblato
1557 535 1666 590 vestro
1683 514 1778 592 vobis
1795 517 1990 603 contulerat,

313 617 457 690 tandem,
480 623 513 677 te
530 621 563 676 et
579 615 729 696 predicto
745 611 921 700 T(ebaldo)
936 617 967 677 in
983 623 1094 678 nostra
1117 617 1280 699 presentia
1304 618 1496 689 constitutis,
1521 636 1632 680 coram
1656 618 1751 681 nobis
1775 626 1808 682 et
1832 619 1991 682 fratribus

315 706 433 768 nostris
463 705 578 767 eadem
608 703 740 783 querela
771 704 829 766 fuit
859 706 974 767 iterum
999 704 1165 786 replicata,
1211 706 1303 769 Idem
1326 726 1404 769 vero
1450 701 1656 792 .T(ebaldus)
1686 708 1862 782 asserebat,
1896 709 1990 790 quod

314 815 379 856 non
396 793 555 857 violenter
570 792 621 856 vel
639 793 762 866 iniuste,
787 802 837 855 set
853 794 1060 874 obligationis
1075 795 1169 859 titulo
1193 795 1395 877 prescriptos
1419 815 1551 858 mansos
1570 795 1598 881 b)
1622 797 1766 870 tenebat,
1787 817 1991 872 asseverans,

314 883 413 965 quod,
437 884 597 964 cumipse
621 881 750 964 prelato
765 884 862 945 Petro
886 885 926 944 ad
950 886 1155 964 sequendum
1177 885 1265 947 illum
1282 882 1518 947 heresiarcham
1537 881 1752 949 Octavianum
1772 887 1794 967 ¹)
1819 886 1990 966 quendam

314 974 482 1036 runcinum
507 972 661 1047 dedisset,
693 973 783 1034 idem
805 973 918 1035 Petrus
942 992 1074 1035 mansos
1098 975 1187 1056 ipsos
1210 973 1272 1036 sibi
1305 974 1430 1055 pignori
1459 975 1619 1057 obligavit
1640 983 1674 1037 et
1704 976 1781 1039 ideo
1817 977 1992 1038 runcinum

313 1063 375 1125 sibi
398 1063 522 1124 restitui
546 1060 745 1142 postulabat.
791 1059 861 1124 Nos
885 1064 995 1141 itaque
1017 1063 1193 1125 studiosius
1216 1064 1433 1138 attendentes,
1457 1065 1627 1144 quomodo
1650 1064 1781 1147 prelato
1797 1064 1895 1128 Petro
1919 1086 1991 1127 non

314 1152 446 1226 licuerit,
477 1153 678 1233 prescriptos
702 1170 843 1224 mansos,
874 1171 947 1214 cum
971 1151 1064 1213 vobis
1088 1153 1196 1215 collati
1219 1151 1366 1228 fuissent,
1398 1173 1458 1234 pro
1487 1151 1635 1234 qhalibet
1657 1174 1754 1216 causa
1778 1155 1899 1216 nedum
1924 1174 1993 1236 pro

313 1249 381 1303 tarn
405 1261 505 1322 prava
528 1249 561 1303 et
585 1242 711 1302 enormi
735 1261 794 1322 per
813 1239 839 1324 c)
863 1260 898 1302 se
920 1238 945 1326 ο)
969 1240 1079 1320 aliquo
1102 1241 1196 1304 titulo
1221 1241 1375 1322 obligare,
1403 1243 1445 1304 de
1470 1242 1607 1306 consilio
1631 1243 1765 1306 fratrum
1799 1251 1993 1306 nostrorum

314 1331 527 1404 decrevimus,
559 1338 595 1391 ut
624 1330 712 1391 idem
746 1331 850 1391 mansi
877 1330 918 1391 ad
952 1349 1064 1392 manus
1087 1339 1210 1394 vestras
1242 1331 1384 1393 debeant
1412 1333 1482 1394 sine
1514 1330 1622 1412 aliqua
1652 1335 1910 1396 contradictione
1934 1331 1993 1394 vel

315 1421 486 1483 exactione
509 1419 612 1482 redire
637 1427 669 1480 et
691 1420 880 1481 iamdictum
899 1415 1111 1504 T(ebaldum)
1135 1439 1195 1502 per
1217 1418 1383 1501 publicum
1407 1422 1665 1496 instrumentum,
1690 1422 1779 1501 quod
1804 1423 1847 1485 de
1862 1424 1994 1484 mansis

314 1511 393 1592 ipsis
417 1510 510 1572 vobis
534 1507 653 1571 lactum
678 1508 790 1583 suerat,
815 1508 937 1571 eisdem
963 1511 1083 1570 mansis
1106 1509 1239 1571 fecimus
1263 1508 1453 1572 renuntiare.
1491 1509 1552 1573 Per
1572 1514 1733 1591 presentis
1748 1513 1857 1591 itaque
1873 1512 1993 1592 scripti

315 1599 467 1680 paginam
498 1600 599 1660 artius
630 1596 828 1672 inhibemus
861 1617 900 1659 ne
932 1598 1020 1659 idem
1044 1597 1212 1660 Tebaldus
1239 1597 1291 1661 vel
1322 1597 1461 1661 heredes
1491 1601 1539 1661 sui
1572 1601 1615 1662 de
1644 1603 1834 1683 prescriptis
1865 1602 1994 1662 mansis

315 1688 491 1767 aliquando
516 1687 690 1750 molestare
706 1707 765 1750 vos
788 1687 928 1749 audeant
943 1685 995 1748 vel
1017 1686 1048 1748 in
1064 1707 1194 1750 causam
1211 1685 1340 1749 trahere
1355 1697 1412 1749 aut
1427 1688 1599 1767 quodlibet
1613 1690 1706 1752 vobis
1721 1687 1773 1753 vel
1788 1689 1992 1752 monasterio

314 1785 424 1840 vestro
448 1775 567 1840 exinde
591 1796 766 1857 gravamen
790 1776 917 1838 inferre.
962 1774 1009 1838 Ut
1031 1784 1139 1840 autem
1163 1775 1257 1838 huius
1282 1775 1480 1839 diffinitionis
1503 1787 1612 1840 nostre
1635 1781 1795 1841 sententia
1817 1780 1994 1860 perpetuis

314 1867 520 1949 temporibus
542 1865 768 1928 inviolabiliter
796 1865 995 1940 observetur,
1026 1885 1098 1928 eam
1130 1868 1162 1928 in
1190 1865 1317 1947 scriptis
1340 1866 1443 1948 redigi
1478 1866 1623 1942 lecimus,
1655 1876 1691 1930 ut
1722 1889 1787 1931 non
1819 1870 1926 1949 possit
1960 1869 1994 1928 in

315 1963 482 2038 posterum
506 1953 688 2034 aliquorum
711 1957 883 2017 temeraria
905 1957 1154 2037 presumptione
1177 1954 1322 2017 rescindi.
1362 1955 1577 2019 Decernimus
1594 1977 1682 2039 erg0,
1706 1965 1742 2020 ut
1758 1956 1837 2019 nulli
1854 1955 1993 2019 omnino

315 2045 484 2108 hominum
513 2042 619 2120 liceat,
649 2044 733 2107 hanc
764 2046 919 2126 paginam
950 2051 1060 2106 nostre
1084 2043 1284 2107 diffinitionis
1316 2052 1348 2107 et
1368 2043 1395 2128 c)
1429 2044 1656 2127 prohibitionis
1675 2045 1701 2131 c)
1732 2046 1905 2127 infringere
1936 2044 1994 2108 vel

316 2137 344 2198 ei
369 2135 572 2214 aliquatenus
601 2135 767 2196 contraire.
814 2131 849 2195 Si
881 2134 954 2212 quis
984 2140 1092 2196 autern
1123 2131 1188 2195 hoc
1219 2140 1417 2215 attemptare
1448 2138 1691 2218 presumpserit,
1726 2136 1992 2216 indignationem

315 2223 545 2306 omnipotentis
568 2224 621 2286 dei
645 2232 678 2285 et
698 2220 703 2308 Ι
723 2223 894 2284 beatorum
918 2221 1002 2286 Petri
1026 2229 1059 2284 et
1082 2220 1180 2298 Pauli,
1204 2221 1426 2305 apostolorum
1451 2225 1528 2299 eius,
1558 2244 1594 2287 se
1625 2227 1753 2290 noverit
1774 2225 1993 2286 incursurum.

527 2309 582 2397 (R)
605 2312 678 2394 Ego
701 2310 892 2374 Alexander
915 2309 1074 2374 catholice
1097 2311 1233 2374 ecclesie
1256 2311 1430 2395 episcopus
1453 2333 1494 2376 ss
1518 2311 1580 2398 (M)

527 2398 548 2484 i
571 2401 644 2483 Ego
667 2399 840 2464 Hubaldus
863 2400 1047 2464 Hostiensis
1071 2401 1244 2484 episcopus
1267 2421 1308 2464 ss.

528 2487 548 2574 †
572 2489 645 2573 Ego
668 2491 854 2554 Bernardus
877 2489 1063 2554 Portuensis
1086 2500 1120 2554 et
1141 2500 1253 2554 sancte
1275 2488 1391 2574 Rufine
1415 2493 1591 2575 episcopus
1614 2511 1655 2554 ss.

528 2576 549 2663 t
572 2579 645 2662 Ego
671 2577 855 2642 Gualterius
876 2578 1073 2643 Albanensis
1098 2581 1273 2663 episcopus
1296 2599 1338 2642 ss.
1361 2576 1408 2665 (5)

527 2704 571 2713 -
594 2667 614 2751 †
638 2670 710 2750 Ego
734 2667 896 2732 Iohannes
920 2669 1081 2751 presbiter
1103 2669 1274 2733 cardinalis
1296 2671 1345 2731 tit.
1369 2677 1482 2752 sancte
1505 2669 1679 2750 Anastasie
1703 2669 1793 2756 ssd).

528 2756 548 2840 †
572 2759 645 2840 Ego
670 2758 862 2823 Guillelmus
886 2757 1049 2840 presbiter
1072 2759 1241 2822 cardinalis
1264 2760 1313 2822 tit.
1336 2761 1438 2822 sancti
1464 2757 1550 2822 Petri
1574 2760 1615 2822 ad
1639 2759 1779 2823 Vincula
1800 2779 1845 2821 ss

528 2843 549 2930 †
572 2847 646 2929 Ego
669 2849 758 2911 Boso
783 2847 946 2929 presbiter
969 2848 1141 2911 cardinalis
1164 2857 1279 2911 sancte
1301 2849 1503 2912 Pudentiane
1527 2852 1574 2912 tit
1598 2849 1739 2912 Pastoris
1762 2870 1803 2912 ss

529 2933 549 3020 †
573 2936 645 3018 Ego
669 2936 782 2999 Petrus
806 2936 969 3019 presbiter
991 2938 1162 3001 cardinalis
1185 2941 1234 3000 tit.
1258 2939 1361 3002 sancti
1384 2937 1579 3002 Laurentii
1572 2959 1603 3000 m
1627 2937 1773 3002 Damaso
1795 2959 1839 3000 ss.

529 3023 549 3107 †
573 3025 646 3107 Ego
670 3025 830 3088 Iohannes
854 3026 1016 3107 presbiter
1039 3027 1210 3090 cardinalis
1233 3029 1281 3090 tit.
1305 3029 1407 3090 sancti
1432 3029 1533 3091 Marci
1557 3047 1598 3090 ss.

529 3112 549 3196 †
572 3115 646 3196 Ego
670 3115 766 3178 Mani
764 3117 860 3178 redus
884 3114 1009 3198 presbit
1011 3136 1046 3179 er
1069 3115 1239 3180 cardinalis
1262 3118 1309 3180 tit.
1333 3124 1445 3180 sancte
1469 3116 1588 3180 Cecilie
1609 3137 1651 3180 ss

529 3202 549 3286 †
574 3202 646 3286 Ego
672 3202 784 3267 Petrus
808 3205 969 3286 presbiter
993 3206 1163 3269 cardinalis
1186 3208 1233 3268 tit.
1256 3215 1369 3269 sancte
1392 3203 1540 3268 Susanne
1562 3225 1604 3270 ss.

529 3289 550 3376 †
573 3293 646 3375 Ego
670 3293 783 3356 Petrus
807 3293 969 3375 presbiter
992 3295 1161 3359 cardinalis
1184 3295 1231 3358 tit.
1255 3297 1360 3358 sancti
1385 3293 1558 3376 Grisogoni
1581 3315 1623 3358 ss.

529 3419 573 3430 -
597 3380 617 3464 †
640 3383 715 3445 Eoo
739 3381 841 3446 Oddo
872 3385 1030 3446 diaconus
1058 3385 1228 3448 cardinalis
1251 3385 1354 3448 sancti
1377 3381 1526 3447 Nicholai
1555 3387 1587 3446 in
1617 3405 1747 3448 carcere
1770 3382 1924 3447 Tulliano
1950 3402 1992 3445 ss.

530 3468 550 3555 †
574 3471 646 3553 Ego
672 3469 816 3534 Cinthius
839 3472 994 3536 diaconus
1018 3475 1191 3538 cardinalis
1214 3475 1317 3537 sancti
1340 3474 1477 3538 Adriani
1502 3493 1542 3535 ss,

530 3557 550 3644 †
575 3561 647 3642 Ego
671 3561 769 3643 Hugo
794 3563 950 3624 diaconus
974 3563 1145 3626 cardinalis
1168 3566 1269 3628 sancti
1294 3561 1461 3626 Eustachii
1484 3565 1575 3624 iuxta
1598 3561 1759 3644 templum
1774 3559 1926 3644 Agrippe
1950 3581 1993 3622 ss.

530 3647 550 3732 †
574 3649 647 3732 Ego
670 3649 810 3713 Vitellus
834 3652 991 3714 diaconus
1014 3653 1184 3716 cardinalis
1206 3662 1390 3716 sanctorum
1416 3650 1521 3734 Sergii
1543 3661 1577 3715 et
1599 3651 1701 3715 Bachi
1724 3671 1765 3715 ss.

530 3735 550 3822 †
574 3738 647 3821 Ego
670 3739 769 3821 Hugo
793 3741 950 3803 diaconus
974 3741 1145 3805 cardinalis
1169 3744 1272 3806 sancti
1295 3741 1417 3823 Angeli
1440 3762 1481 3805 ss

529 3825 549 3909 †
573 3827 646 3910 Ego
668 3828 840 3892 Laborans
863 3831 1020 3893 diaconus
1044 3829 1215 3895 cardinalis
1238 3840 1350 3914 sancte
1374 3830 1507 3916 Marie'
1500 3851 1531 3892 m
1555 3830 1686 3892 Porticu
1710 3849 1751 3891 ss.
1774 3823 1820 3913 (1)

475 3911 550 3979 Dat.
566 3915 728 3999 Anagnie,
751 3939 810 3999 per
834 3939 963 3982 manum
983 3917 1134 3996 Gratiani,
1157 3928 1270 3985 sancte
1284 3921 1434 3983 Romane
1450 3919 1585 3982 ecclesie
1602 3918 1794 3981 subdiaconi
1810 3925 1844 3980 et
1859 3919 1993 3980 notarii.

317 3999 417 4090 V111(.)
435 4000 531 4088 )Id.
555 4005 679 4070 Ianuar.
724 4007 903 4070 Indictione
926 4022 984 4072 vn.
1023 4009 1251 4073 Incamationis
1273 4009 1437 4073 dominice
1460 4028 1544 4072 anno
1569 4019 1739 4071 Mchxm.
1777 4005 1993 4069 Pontificatus

316 4114 394 4157 vero
418 4096 531 4158 domni
555 4094 773 4184 ALExaNDRI
797 4118 852 4180 pp.
876 4112 915 4160 111
938 4118 1023 4162 anno
1047 4115 1096 4164 xv
1114 4096 1150 4185 s).

480 4209 522 4260 Or,
542 4207 816 4277 (Prrmk-Mittelbrrlle),
835 4211 868 4260 im
886 4213 999 4262 Archivrir
1021 4214 1154 4278 Capirotare
1170 4231 1201 4263 su
1217 4212 1325 4278 Anagni.

478 4280 546 4347 Perg.
574 4282 634 4342 ital„
661 4283 698 4332 br.
716 4285 801 4344 0,575,
827 4285 889 4349 lang
911 4287 998 4345 0,705,
1025 4293 1099 4336 unten
1118 4289 1196 4346 0,027
1220 4283 1407 4351 umgescdlagrn,
1435 4283 1514 4333 durch
1539 4281 1596 4332 rwer‘
1615 4281 1708 4331 Lr'r'rher
1728 4281 1787 4346 geht
1809 4281 1847 4330 die
1867 4281 1994 4347 goldgdbe

318 4352 507 4417 Seidmschnur,
531 4369 617 4404 woran
642 4353 686 4402 das
703 4353 828 4420 Bleisr'egel
847 4355 929 4421 ldngt.
967 4356 1074 4423 Fallung
1096 4358 1140 4407 der
1156 4359 1252 4410 Bullen.
1294 4357 1350 4404 Das
1367 4355 1485 4404 Inin'al-il
1501 4370 1566 4420 gana
1587 4353 1613 4402 in
1631 4355 1674 4402 der
1691 4355 1739 4402 Art
1760 4354 1805 4402 der
1822 4352 1993 4402 manlieu

314 4424 433 4490 gehalren,
461 4425 505 4474 der
520 4425 610 4474 weirm
636 4426 714 4474 Name
739 4427 766 4474 in
780 4427 922 4492 gestreckter
938 4425 1039 4493 Schmst,
1063 4431 1121 4478 alles
1142 4428 1240 4493 (lebrige
1257 4427 1283 4477 in
1300 4426 1519 4485 Bullenmr'mukel,
1544 4426 1581 4475 die
1601 4425 1748 4491 Oberlcingen
1772 4425 1817 4474 der
1832 4432 1911 4473 ersten
1928 4425 1994 4473 Zeila

317 4497 440 4563 ungffdhr
455 4497 490 4546 bis
507 4511 551 4546 sur
566 4495 639 4547 Ho'lre
657 4497 697 4546 des
714 4497 867 4548 einler'tendm
879 4500 902 4548 A
916 4501 1046 4564 gastrum
1064 4501 1101 4550 die
1119 4499 1257 4565 Masiukrln
1275 4498 1338 4549 nord
1355 4498 1430 4547 einem
1444 4513 1542 4564 grossen
1562 4496 1649 4546 Punkt
1664 4496 1857 4562 huvorgeloben.
1895 4495 1995 4560 Schr'fl

317 4569 618 4619 raumverschwenderr'sch
638 4569 795 4635 nitgetragm.
831 4571 908 4619 Amen
921 4571 1015 4635 fallen.
1051 4573 1186 4638 lr'r'ngkreur
1209 4571 1264 4620 rand
1280 4572 1303 4620 E
1320 4571 1364 4620 der
1382 4571 1530 4634 pdpstliclren
1552 4568 1715 4634 Unlersrlm's!
1738 4585 1786 4618 von
1809 4569 1992 4634 groubrmurer,

318 4641 448 4706 diriibn'ge
463 4640 626 4706 Unterschrr'ft
641 4640 698 4688 und
715 4641 852 4707 Cmrchn'st
867 4657 914 4691 von
931 4641 1091 4693 rothbrarrner
1101 4645 1175 4693 Binte
1193 4644 1237 4692 wic
1254 4643 1298 4692 der
1313 4641 1488 4706 Hauptkdrper.
1526 4641 1581 4690 Das
1599 4639 1622 4690 G
1645 4640 1762 4690 Gratiam
1779 4641 1804 4689 in
1822 4640 1867 4690 der
1883 4641 1994 4688 Datum·

317 4713 370 4762 uile
387 4711 454 4762 wohl
470 4711 653 4778 mckgetragen.
679 4713 727 4761 Die
740 4713 919 4780 Zerrgenfirmen
936 4715 1028 4765 rithrrn
1045 4715 1225 4782 durrlrgehends
1241 4730 1289 4764 von
1304 4713 1482 4763 verschiedcnm
1493 4713 1602 4762 Hrindm
1620 4710 1669 4763 ter.

1061 4919 1127 4995 Nr.
1157 4923 1244 4995 232.

320 5046 506 5116 Alexander
524 5045 589 5114 III
607 5051 724 5115 nimmt
744 5047 799 5114 die
820 5043 946 5115 Kirclze
967 5071 1027 5116 von
1053 5049 1105 5115 Au
1126 5071 1182 5116 arn
1205 5049 1267 5116 Inn
1290 5050 1350 5128 (D.
1368 5049 1548 5135 Salzburg)
1571 5050 1632 5113 mit
1654 5048 1737 5128 dem,
1760 5066 1830 5111 was
1852 5046 1910 5112 ilar
1930 5066 1991 5111 von

322 5141 427 5205 r'lzrem
453 5138 605 5204 Grr'r'nder
625 5138 821 5204 vbemvz'esen
846 5142 902 5221 ist,
937 5141 974 5205 in
998 5138 1231 5294 angolzlpecclzlgg
1247 5140 1369 5316 ¹{chuta
1390 5140 1459 5205 und
1483 5139 1636 5221 bestiitrgt
1658 5139 1729 5202 ihre
1753 5137 1993 5202 Besr'tetlu'r‘mer

918 5338 1003 5400 1174
1019 5337 1153 5410 Januar
1170 5340 1222 5400 30.
1252 5334 1391 5419 Anagni.

481 5447 671 5516 Alexander
703 5451 893 5557 episcopus,
925 5472 1036 5516 servus
1067 5473 1233 5516 servorum
1264 5453 1330 5528 dei,
1365 5451 1490 5515 dilectis
1520 5449 1594 5513 filiis
1627 5448 1789 5527 Henrico,
1820 5448 1989 5530 preposito

323 5538 461 5606 ecclesie
488 5549 601 5606 sancte
624 5542 766 5605 Marie'
758 5564 789 5605 m
814 5540 896 5605 Owe
919 5542 1054 5619 Pozani,
1078 5545 1212 5622 eiusque
1236 5541 1397 5619 iratribus,
1419 5548 1487 5604 tam
1511 5539 1718 5622 presentibus
1741 5557 1842 5618 quam
1866 5537 1988 5611 suturis,

482 5668 507 5731 a)
527 5682 554 5714 ra
572 5667 624 5731 aus
635 5668 719 5715 Rarur
784 5665 812 5730 b)
832 5681 843 5713 s
862 5679 951 5714 manso
970 5665 1022 5730 auf
1034 5665 1119 5713 Rarur
1185 5665 1209 5728 c)
1229 5663 1281 5728 nus
1293 5663 1378 5712 Rorur
1435 5663 1463 5728 d)
1482 5677 1509 5712 es
1527 5662 1581 5727 pbr.
1601 5661 1669 5710 card.
1687 5661 1740 5726 aus
1751 5661 1837 5708 ΚΜ
1907 5661 1932 5724 e)
1949 5655 1990 5706 ab·

320 5736 457 5806 gerclrmert
538 5738 558 5804 l)
576 5739 628 5802 auf
641 5739 803 5787 lr'.mrrr-
824 5741 859 5802 1)
884 5737 965 5785 Victor
977 5735 1023 5787 IV
1108 5741 1134 5800 a)
1154 5735 1254 5798 Bonellr,
1274 5734 1329 5785 Not.
1349 5734 1456 5785 istorichc
1473 5735 1516 5784 sad
1529 5734 1654 5800 Adelpreto
1677 5733 1705 5782 di
1724 5731 1812 5782 Tremo
1829 5731 1913 5795 Iup.
1932 5729 1987 5779 168.
