4126 6356
1699 337 1760 417 189

89 524 191 588 altare
214 544 350 588 censum
380 543 493 586 eorum
525 525 613 586 omni
646 544 733 587 anno
763 524 842 587 seria
872 527 967 588 tertia
997 532 1073 607 post
1103 526 1190 588 diem
1224 533 1440 606 pentecostes.
1486 524 1704 589 Concedimus
1727 535 1761 588 et

90 613 296 697 indulgemus
331 622 479 693 quartam
519 621 647 694 partem
678 615 878 676 remissionis
907 623 1136 697 peccatorum,
1169 624 1308 694 quatuor
1346 624 1531 704 temporum
1564 622 1641 696 post
1671 614 1759 677 diem

90 703 305 766 exaltacionis
327 711 458 765 sanctae
482 702 584 764 crucis
607 701 685 764 seria
700 712 815 784 quarta
830 723 889 784 per
904 705 1047 766 sedecim
1063 705 1132 766 dies
1148 711 1182 766 et
1196 702 1261 767 hoc
1276 705 1317 767 ad
1334 705 1529 787 peticionem
1548 703 1761 784 imperatricis

91 792 283 870 Grecorum,
308 791 372 854 filie
396 792 526 854 comitis
550 787 683 854 Ottonis
706 793 749 854 de
772 791 1048 856 Wolsorthausen.
1095 792 1151 854 Ad
1175 791 1238 855 hec
1261 796 1402 874 presenti
1426 793 1560 856 decreto
1591 793 1760 867 sancimus,

91 891 126 944 ut
149 881 265 945 nullius
285 879 314 966 ει)
338 883 570 964 episcoporum
595 881 731 944 licencia
754 883 875 963 poterit
894 879 922 966 b)
950 881 1115 962 angariare
1131 882 1182 944 vel
1199 882 1277 944 alias
1300 884 1490 944 exactiones
1511 880 1537 967 ο)
1561 883 1760 944 monasticae

90 973 194 1052 quieti
218 980 252 1034 et
275 970 406 1034 utilitati
431 972 610 1032 contrarias
633 971 727 1033 vobis
750 970 802 1033 vel
825 969 973 1054 cappelle
989 979 1096 1033 vestre
1119 973 1297 1052 imponere.
1338 971 1439 1035 Porro
1455 970 1654 1052 sepulturam
1670 971 1760 1033 istius

90 1061 155 1124 loci
179 1060 314 1124 omnino
337 1060 472 1123 liberam
497 1078 569 1122 esse
602 1060 815 1134 decernimus,
849 1069 884 1121 ut
915 1081 1036 1136 eorum,
1069 1063 1183 1142 quise
1213 1058 1275 1123 illic
1302 1059 1432 1142 sepeliri
1456 1060 1704 1124 deliberaverint
1722 1058 1760 1144 d),

90 1151 265 1214 devocioni
289 1159 323 1212 et
346 1157 493 1212 extreme
516 1149 648 1222 iusticie,
673 1151 732 1211 nisi
757 1149 1030 1212 excommunicati
1053 1149 1123 1225 sint,
1152 1149 1255 1216 nullus
1280 1141 1449 1212 obsistat'
1472 1145 1561 1212 Nulli
1583 1168 1662 1230 ergo
1687 1169 1760 1230 pro·

91 1259 214 1322 regum,
227 1258 351 1321 regum,
365 1240 493 1312 ducum,
508 1237 730 1300 marchionum
747 1236 798 1300 vel
813 1237 949 1300 aliorum
967 1237 1135 1302 hominum
1150 1239 1254 1313 liceat,
1270 1240 1430 1320 prefatum
1446 1238 1565 1316 locum,
1577 1238 1759 1320 cappellam

91 1337 125 1392 et
147 1337 296 1392 montem
321 1348 421 1410 super
448 1327 510 1390 hac
541 1335 651 1390 nostra
675 1329 910 1390 constitucione
934 1335 1057 1390 temere
1077 1327 1104 1411 e)
1135 1329 1327 1409 perturbare
1356 1337 1412 1391 aut
1442 1330 1510 1391 eius
1541 1329 1768 1410 possessiones

90 1419 229 1480 aufferre
252 1416 304 1480 vel
328 1418 453 1480 ablatas
477 1417 631 1489 retinere,
661 1417 803 1479 minuere
826 1424 881 1478 aut
904 1413 1090 1500 (ali)quibus
1113 1418 1343 1480 vexacionibus
1370 1418 1531 1490 infestare,
1561 1417 1619 1480 sed
1652 1419 1761 1480 omnia

90 1509 219 1589 integra
243 1514 481 1580 conserventur,
512 1506 626 1567 vestris
650 1505 760 1568 usibus
784 1506 981 1568 omnimodis
1005 1505 1180 1587 profutura.
1226 1507 1261 1571 Si
1292 1509 1363 1587 quis
1394 1516 1510 1583 autem,
1541 1505 1635 1568 huius
1659 1508 1760 1568 nostri

91 1597 215 1659 decreti
241 1598 393 1678 pagiuam
411 1597 524 1670 sciens,
545 1603 659 1658 contra
676 1614 748 1657 eam
765 1603 889 1658 temere
908 1593 936 1680 e)
952 1595 1060 1657 venire
1084 1597 1338 1678 praesumpserit
1356 1595 1391 1681 s),
1416 1597 1560 1659 secundo
1577 1593 1762 1679 derciove(!)

90 1685 312 1748 commonitus
330 1684 368 1770 ε),
392 1686 450 1748 nisi
473 1692 597 1746 reatum
621 1704 715 1747 suum
739 1703 882 1765 congrue
907 1685 1139 1758 emendaverit,
1169 1685 1429 1766 indignacionem
1455 1685 1685 1766 omnipotentis
1709 1685 1760 1747 dei

91 1785 124 1837 et
155 1775 328 1837 beatorum
362 1774 447 1836 Petri
479 1783 512 1836 et
534 1774 634 1848 Pauli,
665 1769 891 1855 apostolorum
923 1775 1008 1847 eius,
1041 1776 1191 1850 incurrat,
1222 1775 1555 1837 excommunicacioni
1586 1774 1761 1848 subiaceat,

90 1863 266 1946 potestatis
294 1862 491 1943 honorisque
515 1865 557 1925 sit
585 1863 728 1945 privatus
751 1863 910 1945 dignitate
933 1881 1088 1942 reamque
1111 1883 1147 1925 se
1170 1863 1281 1926 divino
1303 1865 1422 1927 iudicio
1454 1865 1595 1926 existere
1624 1863 1666 1925 de
1690 1884 1761 1944 per·

1 1985 2 2002 r
90 1962 192 2034 petua
214 1953 383 2034 iniquitate
406 1959 592 2033 cognoscat,
616 1961 649 2014 et
671 1972 691 2014 a
710 1954 928 2014 sacratissimo
944 1972 1084 2033 corpore
1100 1961 1133 2015 et
1147 1953 1304 2034 sanguine
1319 1953 1442 2016 domini
1458 1953 1521 2028 dei,
1545 1953 1761 2032 redemptoris

91 2046 195 2105 nostri
217 2043 290 2104 Iesu
315 2040 443 2117 Christi,
474 2041 578 2104 aliena
609 2041 678 2116 fiat,
709 2049 809 2120 atque
840 2043 872 2103 in
908 2049 1057 2105 extremo
1088 2045 1239 2105 examine
1262 2044 1408 2105 districte
1437 2042 1554 2104 ulcioni
1585 2041 1760 2104 subiaceat.

90 2131 226 2194 Cunctis
258 2139 385 2206 autem,
419 2131 525 2193 eidem
557 2130 632 2193 loco
663 2150 721 2193 sua
752 2133 820 2192 iura
849 2130 1069 2204 servantibus,
1101 2131 1141 2194 sit
1172 2151 1237 2212 pax
1268 2131 1391 2194 domini
1415 2133 1516 2193 nostri
1539 2132 1611 2193 Iesu
1635 2129 1761 2206 Christi,

89 2229 254 2301 quatenus
270 2218 372 2283 ethic
395 2228 428 2282 et
443 2221 476 2282 in
493 2219 601 2283 futuro
625 2219 764 2283 fructum
780 2219 868 2282 bone
884 2221 1021 2283 actionis
1045 2217 1253 2306 percipia(n)t
1268 2229 1301 2284 et
1317 2222 1404 2303 apud
1421 2221 1603 2282 districtum
1620 2221 1759 2282 iudicem

88 2312 217 2392 premia
241 2317 354 2372 eterna
376 2312 467 2391 pacis
489 2310 663 2372 inveniant.
710 2307 827 2371 Amen.
851 2308 970 2371 Amen.

252 2398 375 2461 Datum
398 2399 525 2462 Romae
544 2396 582 2483 h),
613 2418 672 2479 per
702 2419 831 2461 manum
856 2397 999 2473 Eusebii,
1026 2406 1137 2461 sancte
1160 2396 1308 2461 Romane
1332 2396 1471 2462 ecclesie
1494 2397 1665 2480 presbiteri
1694 2416 1759 2459 car·

88 2488 210 2550 dinalis
233 2497 267 2550 et
290 2487 477 2551 cancellarii.
516 2503 567 2550 ΧΠ
586 2487 753 2550 Kalendas
776 2485 938 2550 Octobris.
983 2487 1147 2550 indicione
1171 2488 1292 2567 quinta.
1338 2487 1574 2550 incarnacionis
1596 2487 1760 2550 dominice

87 2597 176 2640 anno
200 2588 328 2640 Mcvlm
347 2575 385 2662 i).
431 2577 642 2640 Pontificatus
665 2597 743 2639 vero
768 2577 878 2639 domni
901 2577 1038 2639 Adriani
1061 2597 1148 2658 pape
1170 2597 1257 2640 anno
1281 2590 1338 2640 xx.

251 2690 376 2754 Absclm'st
391 2706 445 2738 vom
465 2693 494 2739 17
513 2692 570 2739 oder
590 2693 621 2739 18
644 2691 732 2755 Jahrb.
753 2691 793 2740 des
811 2689 868 2739 MS.
886 2693 929 2740 lat.
951 2692 1017 2740 1385
1031 2697 1058 2754 p.
1078 2693 1171 2750 6-15,
1197 2691 1240 2740 der
1255 2691 1344 2757 bffnrtl.
1363 2691 1412 2756 kgl.
1431 2691 1560 2740 Bibliotbek
1577 2705 1607 2738 m
1625 2687 1760 2738 Mr'inclren.

252 2763 345 2811 Hieran
368 2762 477 2827 gelinge
505 2763 699 2827 ererkungm:
723 2762 870 2812 immediate
897 2778 993 2812 annexa
1020 2769 1074 2813 suut
1100 2763 1182 2812 bullae
1211 2762 1321 2811 Adriani.
1342 2791 1374 2799 -
1401 2762 1473 2811 Hanc
1501 2762 1592 2811 bullam
1620 2761 1761 2824 procuravit

88 2835 236 2898 imperatrix
246 2835 416 2882 Romanorum
435 2835 550 2884 Rirzuina
569 2835 691 2896 etMarin,
711 2849 783 2883 soror
802 2834 863 2896 eins,
882 2834 1025 2898 imperatrix
1043 2834 1191 2896 Grecorum,
1211 2834 1283 2883 ambe
1303 2833 1352 2882 filie
1372 2834 1469 2882 comitis
1477 2832 1577 2883 Ottonis
1595 2832 1627 2881 de
1640 2833 1761 2882 Wolsort·

88 2905 186 2954 hausen
214 2905 246 2953 ad
274 2906 425 2970 peticionem
451 2907 528 2970 patris
556 2921 647 2954 earum.
671 2934 704 2942 -
721 2913 745 2968 p.
766 2909 797 2953 6.·
822 2906 893 2954 Bulla
913 2905 1064 2954 eruditorum
1087 2905 1234 2970 quibusdam
1260 2905 1380 2955 scandalo
1403 2906 1482 2954 suerit.
1520 2905 1647 2954 Collector
1673 2905 1760 2968 piuse

89 2977 186 3026 tumulo
203 2978 303 3025 veniam
323 2985 406 3042 rogat:
433 2977 594 3026 substantiam
618 2985 701 3026 tamen
726 2993 754 3026 ex
783 2977 872 3025 chartis
892 2977 915 3025 in
940 2978 1008 3026 fossa
1026 2977 1186 3026 subterranea
1205 2993 1252 3027 una
1276 2992 1332 3026 cum
1350 2977 1447 3026 ossibus
1465 2977 1566 3025 fratrum
1586 2975 1760 3024 Werdensium

88 3049 206 3112 repertis,
234 3049 359 3112 nimiaque
386 3055 507 3098 vetustate
535 3065 565 3098 ac
584 3050 661 3098 multa
688 3049 847 3112 corruptione
866 3049 961 3098 detritis
980 3048 1118 3111 confirmat,
1144 3049 1250 3098 sormam
1269 3064 1338 3111 vero,
1366 3049 1424 3114 quia
1450 3049 1570 3112 integram
1598 3047 1692 3096 habere
1710 3062 1761 3096 non

89 3121 170 3184 potuit
189 3127 308 3184 exparte
327 3122 445 3185 propriae
464 3121 590 3170 innocenti
608 3121 727 3170 adscribit
746 3121 931 3184 praesumtioni.
950 3149 983 3157 -
999 3128 1025 3185 p.
1046 3123 1094 3170 90:
1119 3121 1204 3170 bullae
1223 3120 1328 3170 Adriani
1355 3122 1436 3170 forma
1461 3135 1510 3168 non
1536 3126 1573 3169 est
1591 3119 1698 3183 genuina
1716 3119 1761 3167 sed

90 3193 168 3256 apio
195 3193 318 3256 scriptore
347 3208 378 3241 ex
405 3192 550 3256 fragmentis
577 3193 683 3241 collecta
702 3199 726 3241 et
745 3207 776 3240 ex
794 3191 887 3256 ingenii
906 3193 1064 3256 simplicitate
1090 3191 1126 3240 sic
1145 3197 1292 3242 constructa.
1311 3220 1344 3228 -
1364 3193 1449 3240 Annus
1464 3192 1544 3254 datae,
1572 3197 1692 3240 vetustate
1711 3206 1760 3240 non

88 3263 150 3312 nibil
171 3269 321 3327 expunctus,
341 3264 492 3313 existimatur
509 3277 625 3314 metunt.
669 3262 830 3312 Pontificatus
857 3265 961 3312 Adriani
979 3265 1053 3312 udus.
1075 3292 1107 3300 —
1134 3264 1283 3329 Fr'r'lsciiung,
1306 3263 1396 3312 naharu
1414 3264 1509 3312 r'r'berall
1529 3263 1666 3312 erkennbar.
1704 3261 1763 3310 Nur

88 3335 180 3401 weru'ge
202 3335 228 3382 T
224 3335 282 3383 heile
298 3335 342 3384 der
362 3335 479 3384 Urkundt
495 3337 554 3384 sind
568 3336 632 3384 nnclt
655 3335 755 3400 Varlage
772 3335 837 3384 ιίηεν
850 3335 997 3398 papstlichen
1016 3335 1088 3384 Brrlle
1107 3338 1221 3399 gestaltet.
1258 3337 1314 3383 Das
1337 3334 1500 3401 mangelhaste
1517 3335 1602 3383 Lutein
1621 3349 1680 3398 mag
1695 3333 1761 3382 ther'l·

87 3408 146 3455 meis
171 3406 223 3469 mss
243 3405 280 3455 die
302 3409 367 3469 spr‘ile
391 3407 516 3470 Abschn'fl
537 3407 747 3470 wdtckrufia'lrren
771 3406 832 3466 sein,
858 3407 925 3455 mehr
940 3407 1077 3471 jedenfnlls
1100 3407 1152 3470 auf
1164 3409 1209 3456 den
1233 3407 1395 3471 ungebildeten
1412 3407 1491 3455 Aulor
1513 3406 1553 3454 des
1574 3406 1677 3455 Ganuen.
1713 3405 1762 3454 Die

89 3479 221 3543 Datiermg
236 3479 267 3526 ist
283 3478 408 3528 theilwcise
424 3479 534 3545 fflmbar
550 3479 613 3528 nach
630 3479 696 3528 einer
712 3478 917 3528 Alerandcrslll
926 3479 1043 3544 genrnclrt,
1063 3478 1143 3528 desem
1160 3481 1240 3529 20stes
1259 3477 1457 3545 Pomptaaajahr
1464 3479 1530 3543 sdllt
1547 3475 1676 3528 MCLXX
1677 3476 1761 3528 VIIII.

834 3762 901 3837 ΝΥ,
934 3767 1019 3837 176.

87 3894 248 3959 Hadrian
272 3895 295 3958 I
300 3893 474 3980 Vbefielzlt
494 3895 556 3958 den
580 3893 903 3978 Pfarrangehiirigen
926 3916 987 3957 von
1009 3893 1077 3958 San
1093 3893 1260 3959 Salvatore
1283 3895 1322 3958 di
1345 3891 1489 3972 Veneria,
1513 3894 1621 3957 dieser
1641 3891 1762 3957 Kirclre

379 3983 433 4046 die
449 3983 505 4048 ihr
517 3983 729 4048 nustelzenden
746 3983 888 4048 Zehnten
902 3984 981 4047 ohne
1006 3984 1230 4069 Wr'derspruclr
1245 4006 1285 4050 su
1299 3983 1415 4048 anhlen
1432 3985 1469 4068 ¹).

636 4101 848 4162 1157-1158
871 4099 969 4164 Mc'ira
991 4103 1022 4164 4.
1067 4101 1221 4164 Lateran.

253 4231 418 4294 Adrianus
442 4233 635 4315 episcopus,
666 4255 776 4297 servus
804 4254 971 4297 servorum
995 4235 1063 4310 dei,
1098 4234 1225 4299 dilectis
1248 4234 1337 4310 filiis,
1368 4233 1522 4296 universis
1555 4229 1762 4315 parochianis

89 4321 230 4385 ecclesie
245 4323 347 4384 sancti
363 4317 546 4395 Salvatoris
570 4322 708 4387 salutem
729 4332 763 4386 et
778 4323 991 4406 apostolicam
1007 4325 1279 4387 benedictionem.
1318 4323 1482 4386 Dilectum
1498 4321 1597 4384 filium
1614 4328 1760 4384 nostrum

90 4409 302 4496 G(irardum),
318 4411 457 4492 priorem
474 4420 626 4486 vestrum,
650 4414 693 4474 ad
709 4415 822 4476 sedem
838 4414 1052 4496 apostolicam
1068 4416 1261 4490 venientem,
1286 4433 1332 4487 ea,
1349 4433 1413 4494 que
1428 4411 1545 4487 decuit,
1562 4410 1762 4492 benignitate

91 4502 286 4581 recepimus,
317 4508 350 4563 et
380 4501 412 4561 in
441 4503 507 4562 suis
531 4503 743 4582 petitionibus
773 4523 846 4565 eum
881 4504 1060 4566 curavimus
1090 4503 1253 4566 exaudire.
1298 4502 1391 4565 illum
1423 4504 1534 4581 itaque
1565 4501 1606 4563 ad
1638 4519 1698 4562 vos
1729 4508 1762 4562 et

91 4591 302 4653 commissam
342 4588 404 4651 sibi
444 4589 612 4653 ecclesiam
643 4611 716 4654 cum
747 4595 850 4674 gratia
881 4594 968 4655 sedis
1006 4593 1188 4674 apostolice
1226 4601 1359 4656 auctore
1389 4591 1523 4654 domino
1561 4590 1761 4664 redeuntem,

91 4679 294 4742 universitati
317 4687 424 4741 vestre
447 4679 599 4742 duximus
623 4683 777 4744 attentius
801 4682 1072 4756 comendandum,
1106 4702 1165 4764 per
1187 4681 1369 4762 apostolica
1398 4683 1519 4762 scripta
1549 4678 1761 4761 precipiendo

92 4769 296 4840 mandantes,
320 4776 479 4847 quatenus
502 4769 655 4844 decimas,
679 4789 743 4849 que
767 4791 825 4852 per
849 4770 1017 4852 privilegia
1032 4770 1181 4855 Romane
1205 4771 1342 4852 ecclesie
1367 4779 1400 4833 et
1422 4769 1590 4832 diocesani
1614 4768 1759 4850 episcopi

91 4858 249 4920 canonice
272 4865 345 4918 sunt
368 4857 503 4942 ecclesie
530 4877 587 4943 sue
618 4878 782 4944 concesse,
813 4859 882 4922 sine
904 4859 1163 4922 contradictione
1186 4858 1292 4940 aliqua
1317 4861 1347 4922 in
1371 4861 1531 4942 integrum
1559 4856 1760 4940 persolvatis,

91 4947 136 5010 ab
160 4946 279 5009 eodem
304 4948 412 5028 priore
435 4955 592 5009 consueta
615 4949 790 5011 securitate
813 4957 963 5030 accepta3
987 4947 1129 5028 alioquin
1152 4949 1353 5024 sententiam,
1385 4968 1483 5028 quam
1508 4948 1595 5011 idem
1620 4947 1709 5028 prior
1730 4946 1761 5007 in

90 5036 221 5116 aliquos
235 5042 379 5098 vestrum
395 5043 532 5118 propter
546 5033 610 5098 hoc
627 5039 782 5100 canonice
796 5037 1060 5120 promulgaverit,
1076 5059 1136 5101 nos
1151 5047 1284 5102 auctore
1300 5039 1364 5100 deo
1380 5045 1482 5101 ratam
1498 5035 1702 5100 habebimus.
1718 5071 1762 5081 —

91 5125 215 5189 Datum
239 5123 399 5200 Laterani,
421 5139 473 5188 1111
496 5124 581 5186 Non.
606 5122 724 5188 Martii.

252 5239 378 5303 Abschn'ft
393 5255 447 5288 vom
467 5241 499 5288 16
519 5239 614 5304 Jahrb.
634 5239 674 5289 der
696 5240 751 5290 eod.
776 5241 828 5292 Vnt.
849 5243 919 5292 6085
934 5249 959 5306 p.
979 5243 1052 5302 reth,
1071 5242 1097 5291 in
1116 5242 1158 5292 der
1175 5241 1238 5292 Bibl.
1263 5242 1379 5291 Vaticana
1396 5255 1425 5289 ru
1443 5241 1512 5290 Rom.

252 5445 277 5508 a)
297 5445 343 5492 Am
361 5443 457 5502 Raude,
482 5443 515 5492 im
544 5445 613 5495 Texta
636 5445 695 5494 nulli
803 5444 830 5509 b)
849 5461 889 5494 am
913 5447 1011 5506 Rarrde,
1038 5445 1071 5494 rin
1095 5447 1164 5495 Texta
1181 5451 1281 5510 poterat
1388 5445 1412 5510 c)
1430 5461 1453 5494 a.
1472 5447 1513 5504 R,
1540 5443 1555 5497 r'.
1579 5444 1607 5494 Τ.
1627 5445 1761 5494 exaciones

91 5515 118 5574 dt
138 5531 162 5565 a.
181 5516 221 5576 R,
240 5515 256 5567 i.
280 5515 308 5564 T.
327 5515 500 5564 deliberassint
607 5521 632 5582 e)
651 5532 675 5566 a.
695 5519 734 5575 R,
753 5515 769 5566 i.
793 5517 821 5565 T.
839 5517 951 5566 themere
1060 5518 1080 5584 f)
1100 5535 1123 5566 n.
1142 5519 1181 5578 R,
1200 5518 1215 5566 i.
1239 5517 1264 5566 Τ
1263 5553 1268 5567 .
1287 5517 1435 5580 presumpsit
1543 5517 1570 5581 g)
1589 5532 1612 5565 a.
1632 5518 1672 5575 R,
1691 5517 1707 5564 i.
1731 5516 1760 5567 Τ.

90 5587 230 5636 comanitas
319 5586 347 5647 b)
364 5603 389 5640 a.
408 5588 448 5645 R,
467 5585 483 5636 ι’.
506 5587 533 5636 Τ.
553 5587 606 5636 Rae
696 5588 714 5648 i)
736 5586 792 5635 MS.
800 5601 810 5635 .·
837 5588 939 5637 Numeri
958 5589 1065 5638 Romani
1089 5590 1122 5638 ad
1141 5588 1322 5653 designandum
1340 5589 1411 5638 huius
1436 5588 1550 5638 informis
1568 5587 1651 5636 bullae
1670 5603 1761 5638 annum

89 5665 212 5708 vetustate
231 5673 283 5708 non
302 5657 362 5707 nibil
388 5659 502 5723 expuncti
527 5673 617 5708 annum
642 5665 734 5709 certum
758 5659 782 5706 in
801 5660 856 5710 MS.
875 5660 991 5725 originali
1015 5660 1181 5712 determinare
1207 5676 1257 5710 non
1282 5667 1392 5727 possunt.
1413 5699 1436 5705 .-
1456 5699 1464 5704 .
1483 5663 1521 5726 ,1)
1546 5659 1623 5728 Vergl.
1644 5659 1681 5708 die
1701 5660 1760 5714 Urk.

90 5746 144 5780 vm
163 5734 194 5780 11
216 5729 274 5779 Mar·
292 5732 463 5779 rino-1179
482 5732 538 5780 und
554 5729 634 5797 Jaffe',
653 5733 711 5797 Reg.
731 5733 807 5782 6612.
