4090 6358
1690 363 1730 441 57

63 551 95 608 ut
125 559 348 625 quascumque
379 542 622 624 possessiones,
654 560 861 624 quecumque
884 539 973 607 bona
1003 545 1118 607 eadem
1150 545 1287 608 ecclesia
1318 548 1350 608 in
1383 546 1617 628 presentiarum
1649 547 1731 612 iuste

63 641 94 696 et
121 634 278 696 canonice
308 633 472 714 possidet,
513 641 568 695 aut
600 633 630 694 in
663 632 805 714 futurum
837 635 1051 697 concessione
1080 634 1290 714 pontificum,
1330 635 1501 717 largitione
1536 656 1648 718 regum
1680 637 1731 700 vel

63 723 251 806 principum,
276 720 444 784 oblatione
468 721 610 785 fidelium
635 743 691 785 seu
715 721 784 784 aliis
808 724 900 785 iustis
925 723 1030 785 modis
1059 725 1122 786 deo
1147 727 1292 806 propitio
1317 727 1439 807 poterit
1461 725 1605 808 adipisci,
1636 726 1730 789 firma

62 813 150 876 vobis
172 812 358 891 vestrisque
379 811 623 874 successoribus
651 820 685 874 et
708 811 831 875 illibata
862 821 1083 893 permaneant.
1130 812 1217 877 Sane
1248 813 1396 876 laborum
1420 823 1613 890 vestrorum,
1648 836 1732 897 quos

63 903 198 984 propriis
221 899 373 963 manibus
396 910 453 962 aut
475 901 659 982 sumptibus
683 899 797 976 colitiS,
819 901 886 964 sive
910 902 951 963 de
975 903 1178 964 nutrimentis
1202 912 1382 966 vestrorum
1407 903 1591 966 animalium
1623 904 1728 967 nullus

64 991 189 1054 omnino
218 989 353 1053 clericus
383 988 436 1052 vel
465 989 564 1052 laicus
597 990 740 1052 decimas
764 1011 783 1052 a
809 990 903 1053 vobis
936 993 1070 1072 exigere
1101 999 1275 1074 presumat.
1321 992 1377 1055 Ad
1410 993 1566 1055 maiorem
1599 1013 1732 1074 quoque

64 1081 157 1162 ipsius
181 1079 245 1142 loci
268 1077 481 1142 stabilitatem
504 1080 684 1154 statuimus,
709 1087 744 1141 ut
768 1079 850 1141 ordo
874 1081 1050 1142 canonicus
1073 1081 1253 1142 secundum
1278 1081 1365 1144 beati
1389 1080 1564 1163 Augustini
1586 1082 1730 1165 regulam

63 1171 224 1252 perpetuis
248 1169 294 1231 ibi
318 1167 522 1250 temporibus
544 1168 771 1232 inviolabiliter
795 1178 1013 1232 conservetur.
1061 1165 1215 1232 Obeunte
1237 1189 1316 1232 vero
1339 1179 1382 1245 te,
1405 1192 1489 1234 nunc
1505 1172 1650 1234 eiusdem
1667 1173 1732 1235 loci

63 1259 177 1341 priore,
209 1257 261 1321 vel
291 1266 422 1320 tuorum
454 1257 604 1339 quolibet
632 1277 874 1332 successorum,
905 1258 1011 1320 nullus
1040 1259 1085 1322 ibi
1118 1258 1261 1340 qualibet
1291 1261 1502 1342 surreptionis
1531 1262 1651 1324 astutia
1680 1261 1733 1324 vel
1803 1310 1806 1316 .

63 1347 214 1411 violentia
244 1356 462 1430 preponatur,
503 1355 553 1410 set
590 1347 686 1410 liceat
716 1346 827 1422 vobiS,
859 1349 1024 1410 communi
1057 1347 1193 1411 consilio
1223 1347 1276 1411 vel
1308 1350 1408 1431 partis
1443 1351 1568 1413 consilii
1598 1351 1733 1414 sanioris

63 1439 238 1501 secundum
262 1437 315 1498 dei
345 1436 495 1499 timorem
520 1445 553 1499 et
575 1437 663 1499 beati
680 1435 854 1518 Augustini
877 1436 1022 1519 regulam
1046 1437 1170 1517 absque
1193 1436 1287 1501 ullius
1312 1439 1568 1503 contradictione
1591 1441 1733 1522 priorem

64 1527 185 1609 eligere.
232 1523 443 1608 Sepulturam
468 1545 601 1608 quoque
625 1527 726 1608 ipsius
750 1525 813 1589 loci
836 1525 972 1589 liberam
1001 1546 1072 1589 esse
1102 1527 1321 1603 concedimus,
1354 1536 1389 1589 ut
1420 1547 1534 1591 eorum
1565 1529 1732 1592 devotioni

63 1626 93 1680 et
114 1627 261 1703 extreme
283 1615 452 1692 voluntati,
483 1617 539 1696 qui
562 1636 598 1678 se
621 1615 685 1678 illic
709 1615 839 1698 sepeliri
862 1615 1119 1692 deliberaverint,
1152 1617 1212 1678 nisi
1235 1615 1321 1680 sorte
1354 1619 1628 1680 excommunicati
1658 1620 1732 1693 sint,

64 1707 163 1770 nullus
187 1706 336 1781 obsistat,
366 1703 587 1768 salvatamen
610 1705 729 1768 iustitia
752 1704 891 1768 matricis
915 1705 1061 1793 ecclesie.
1107 1703 1249 1769 Clericos
1273 1727 1351 1769 vero
1382 1707 1452 1769 sive
1475 1705 1577 1770 laicos
1601 1707 1731 1784 liberos,

64 1796 247 1859 seculariter
262 1795 416 1870 viventes,
439 1794 481 1857 ad
499 1795 743 1857 conversionem
759 1795 956 1876 suscipiendi
977 1795 1103 1877 absque
1126 1793 1258 1858 alicuius
1274 1797 1533 1860 contradictione
1549 1796 1734 1859 facultatem

65 1885 195 1949 liberam
211 1884 369 1948 habeatis.
416 1881 631 1947 Prohibemus
647 1885 754 1960 etiam,
780 1892 814 1945 ut
830 1882 934 1946 nullus
952 1882 981 1968 a)
1005 1885 1085 1946 infra
1100 1883 1307 1967 parrochiam
1323 1892 1465 1948 vestram
1486 1885 1657 1949 ecclesiam
1681 1886 1734 1950 vel

65 1975 218 2057 capellam
245 1975 373 2054 absque
400 1981 510 2037 vestro
542 1993 677 2036 assensu
709 1982 892 2051 construat;
931 1993 990 2036 vos
1021 1981 1140 2048 autem,
1172 1974 1198 2036 si
1228 1995 1303 2037 cum
1334 1995 1468 2038 assensu
1492 1976 1600 2038 Pisani
1631 1974 1734 2038 archi·

65 2065 206 2148 episcopi
223 2062 376 2126 edificare
391 2061 566 2139 volueritis
591 2062 696 2125 nullus
712 2061 893 2144 prohibeat.
931 2062 1144 2126 Decernimus
1160 2083 1249 2145 ergo,
1273 2072 1309 2126 ut
1323 2062 1398 2127 nulli
1415 2066 1549 2128 omnino
1564 2065 1733 2128 hominum

64 2153 161 2230 liceat,
193 2152 356 2237 prefatam
381 2151 551 2215 ecclesiam
574 2161 699 2215 temere
723 2153 922 2234 perturbare,
952 2161 1008 2215 aut
1030 2155 1099 2216 eius
1123 2154 1349 2236 possessiones
1372 2153 1507 2228 auferre,
1534 2154 1586 2218 vel
1610 2154 1735 2218 ablatas

15 2323 16 2330 ἵ
66 2245 215 2320 retinere,
248 2243 393 2306 minuere
423 2249 480 2304 aut
509 2241 670 2321 aliquibus
700 2241 930 2305 vexationibus
963 2241 1116 2324 fatigare,
1153 2243 1222 2306 sive
1260 2242 1421 2306 indebitas
1452 2243 1641 2306 exactiones
1679 2251 1736 2306 aut

65 2335 207 2416 angarias
231 2331 282 2396 vel
306 2351 422 2414 pravas
446 2332 698 2394 consuetudines
721 2331 883 2407 inducere,
906 2330 965 2394 se'd
990 2333 1099 2395 omnia
1123 2333 1249 2415 integra
1272 2341 1505 2396 conserventur
1527 2353 1650 2409 eorum,
1673 2353 1734 2416 pro

65 2441 199 2503 quorum
222 2421 461 2505 gubernatione
484 2428 518 2483 et
539 2425 774 2483 sustentatione
799 2440 955 2484 concessa
977 2431 1061 2497 sunt,
1085 2422 1196 2484 usibus
1220 2423 1421 2485 omnimodis
1444 2422 1623 2505 profutura,
1646 2422 1736 2485 salva

66 2511 162 2575 Pisani
184 2510 424 2593 archiepiscopi
449 2512 605 2574 canonica
628 2509 747 2573 iustitia
771 2517 803 2572 et
834 2509 1016 2598 apostolice
1048 2511 1134 2573 sedis
1165 2513 1369 2574 auctoritate.
1416 2509 1449 2575 Si
1481 2533 1545 2594 qua
1577 2512 1672 2594 igitur
1703 2514 1735 2574 in

67 2601 202 2664 luturum
241 2601 461 2664 ecclesiastica
491 2599 689 2663 secularisve
720 2619 875 2681 persona,
906 2599 992 2662 hanc
1023 2609 1132 2686 nostre
1164 2601 1407 2663 constitutionis
1438 2602 1589 2683 paginam
1620 2603 1735 2676 sciens,

68 2701 172 2755 contra
196 2711 270 2755 eam
294 2699 419 2753 temere
441 2690 549 2752 venire
572 2691 790 2770 temptaverit,
813 2690 960 2752 secundo
976 2684 1116 2752 tertiove
1132 2690 1340 2764 commonita,
1363 2691 1391 2752 si
1407 2710 1472 2752 non
1487 2686 1735 2776 satissa(c)tione

68 2801 204 2864 congrua
236 2779 474 2854 emendaverit,
514 2780 687 2860 potestatis
725 2777 926 2861 honorisque
956 2781 1004 2841 sui
1036 2779 1194 2860 dignitate
1224 2789 1334 2842 careat
1367 2799 1523 2859 reamque
1554 2799 1590 2842 se
1621 2780 1735 2842 divino

67 2871 174 2934 iudicio
200 2871 342 2932 existere
365 2869 408 2931 de
431 2877 620 2951 perpetrata
643 2869 814 2947 iniquitate
837 2876 1024 2950 cognoscat,
1048 2877 1082 2930 et
1096 2888 1116 2930 a
1131 2869 1349 2932 sacratissimo
1370 2888 1509 2950 corpore
1525 2888 1562 2931 ac
1577 2871 1736 2951 sanguine

68 2960 114 3022 dei
145 2969 179 3023 et
211 2959 344 3033 domini,
374 2957 592 3040 redemptoris
624 2958 725 3020 nostri
749 2958 821 3020 lesu
846 2956 973 3033 Christi,
1005 2956 1196 3034 alienafiat,
1227 2965 1327 3037 atque
1354 2958 1384 3020 in
1409 2965 1558 3021 extremo
1583 2960 1735 3021 examine

68 3049 206 3136 districte
230 3047 346 3111 ultioni
370 3047 545 3110 subiaceat.
591 3044 723 3110 Cunctis
746 3055 865 3123 autem,
889 3046 998 3110 eidem
1022 3046 1097 3109 loco
1114 3048 1197 3109 iusta
1213 3046 1426 3123 servantibus,
1446 3045 1451 3132 l
1471 3048 1512 3110 sit
1528 3068 1596 3130 pax
1611 3047 1735 3110 domini

69 3141 159 3202 nostri
176 3139 249 3202 lesu
266 3135 395 3212 Christi,
420 3138 571 3217 quatinus
594 3144 627 3199 et
649 3134 703 3198 hic
719 3134 860 3198 fructum
877 3137 965 3224 bone
981 3139 1119 3199 actionis
1135 3139 1319 3219 percipiant
1341 3145 1374 3200 et
1390 3138 1478 3219 apud
1499 3136 1531 3220 b)
1555 3137 1733 3200 districtum

70 3229 201 3292 iudicem
227 3228 353 3308 premia
377 3235 488 3312 eterne
513 3227 604 3308 pacis
627 3226 800 3288 inveniant
846 3224 965 3289 Amen.
989 3225 1107 3288 Amen.
1130 3225 1251 3289 Amen.
1275 3262 1319 3272 —

275 3315 331 3396 (R)
355 3317 427 3397 Ego
450 3314 571 3377 Lucius
594 3313 755 3402 catholice
779 3315 914 3403 ecclesie
938 3317 1114 3397 episcopus
1137 3334 1180 3378 ss.
1206 3316 1269 3395 (Μ)

276 3402 295 3487 †
318 3405 391 3486 Ego
416 3404 587 3468 Conradus
612 3401 800 3466 Sabinensis
823 3407 1000 3487 episcopus
1023 3425 1064 3467 ss.
1087 3405 1134 3490 (ι)

275 3491 295 3576 †
319 3495 392 3576 Ego
415 3493 590 3557 Albericus
615 3490 777 3556 Ostiensis
800 3495 977 3576 episcopus
1000 3515 1041 3556 ss.

274 3582 295 3664 †
318 3583 390 3665 Ego
414 3581 539 3645 Imarus
562 3581 764 3645 Tusculanus
787 3583 962 3666 episcopus
985 3603 1026 3646 ss.
1050 3579 1103 3666 (1)

274 3673 296 3750 †
319 3671 391 3753 Ego
415 3673 530 3736 Petrus
553 3670 754 3735 Albanensis
777 3672 952 3754 episcopus
975 3692 1017 3734 ss.
1041 3671 1095 3756 (6)

276 3797 319 3807 -
343 3761 363 3842 †
386 3762 459 3844 Ego
485 3760 664 3843 Gregorius
688 3761 851 3842 presbiter
873 3762 1047 3824 cardinalis
1070 3763 1119 3823 tit.
1144 3759 1263 3824 Calixti
1286 3778 1327 3820 ss.

275 3850 295 3930 †
318 3849 391 3933 Ego
416 3850 526 3916 Guido
549 3851 712 3933 presbiter
734 3850 907 3914 cardinalis
932 3851 979 3912 tit.
1003 3850 1103 3913 sancti
1129 3847 1304 3931 Grisogoni
1327 3867 1368 3908 ss.

274 3939 295 4020 †
318 3941 392 4022 Ego
415 3941 585 4004 Rainerius
609 3941 773 4022 presbiter
795 3939 967 4003 cardinalis
991 3941 1037 4002 tit.
1061 3945 1172 4002 sancte
1194 3939 1302 4001 Prisce
1325 3955 1367 3998 ss.

274 4029 295 4110 †
318 4027 392 4112 Ego
415 4032 529 4094 Petrus
553 4031 715 4110 presbiter
739 4028 910 4092 cardinalis
933 4032 982 4093 tit.
1006 4031 1150 4093 Pastoris
1173 4047 1215 4090 ss.
1239 4024 1286 4112 (1)

275 4116 296 4197 †
320 4117 392 4201 Ego
416 4119 590 4183 Hubaldus
614 4119 774 4202 presbiter
797 4119 970 4183 cardinalis
992 4121 1040 4181 tit.
1062 4125 1175 4181 sancte
1198 4117 1355 4180 Praxedis
1378 4135 1422 4178 ss.

276 4205 296 4288 †
318 4209 392 4290 Ego
417 4208 525 4273 Guido
549 4208 710 4290 presbiter
732 4208 904 4272 cardinalis
927 4211 975 4272 tit.
999 4217 1184 4272 sanctorum
1207 4207 1373 4270 Laurentii
1398 4213 1432 4268 et
1454 4204 1590 4267 Damasi
1614 4221 1646 4264 ss

276 4294 296 4377 †
319 4296 391 4379 Ego
416 4298 606 4362 Mansredus
630 4298 792 4380 presbiter
816 4298 989 4362 cardinalis
1012 4300 1060 4360 tit.
1084 4306 1194 4383 sancte
1218 4294 1336 4384 Savine
1359 4315 1402 4357 ss.

275 4385 296 4467 †
318 4386 391 4469 Ego
415 4387 607 4450 Haribertus
631 4387 793 4470 presbiter
816 4388 988 4451 cardinalis
1009 4388 1055 4450 tit.
1080 4393 1191 4449 sancte
1214 4386 1388 4471 Anastasie
1411 4404 1452 4446 ss.

277 4511 320 4521 -
342 4476 363 4557 †
386 4476 459 4559 Ego
482 4474 659 4558 Gregorius
682 4477 840 4540 diaconus
864 4476 1033 4540 cardinalis
1056 4484 1242 4540 sanctorum
1267 4471 1401 4558 Sergili)
1425 4480 1458 4536 et
1481 4469 1585 4534 Bachi
1608 4489 1649 4531 ss.

276 4564 297 4646 †
320 4565 393 4648 Ego
417 4564 499 4629 Otto
522 4567 679 4628 diaconus
702 4566 873 4629 cardinalis
895 4568 999 4630 sancti
1024 4565 1156 4647 Georgii
1180 4565 1222 4627 ad
1245 4563 1365 4627 Velum
1389 4581 1521 4625 aureum
1545 4580 1585 4621 ss.

275 4656 296 4732 †
319 4654 392 4736 Ego
417 4653 527 4718 Guido
552 4655 707 4718 diaconus
730 4656 903 4718 cardinalis
926 4663 1113 4719 sanctorum
1138 4653 1257 4736 Cosme
1281 4662 1315 4716 et
1337 4651 1490 4714 Damiani
1512 4669 1554 4711 ss.

274 4741 295 4824 †
318 4742 391 4825 Ego
417 4741 615 4806 Octavianus
638 4746 795 4808 diaconus
819 4745 990 4808 cardinalis
1019 4747 1122 4807 sancti
1146 4742 1276 4806 Nicolai
1307 4744 1339 4804 in
1370 4759 1500 4804 carcere
1522 4737 1672 4800 Tulliano
1695 4753 1738 4796 ss.

275 4833 296 4912 l
319 4833 392 4915 Ego
416 4832 526 4896 Guido
551 4836 583 4896 in
605 4834 755 4898 Romana
778 4835 917 4898 ecclesia
939 4836 1048 4899 altaris
1073 4834 1219 4896 minister
1241 4833 1393 4913 indignus
1416 4850 1457 4892 ss.

275 4921 296 5002 †
318 4922 392 5006 Ego
415 4924 529 4986 Petrus
554 4923 711 4986 diaconus
735 4923 905 4987 cardinalis
927 4933 1040 4988 sancte
1063 4923 1167 4986 Marie
1190 4923 1222 4985 in
1246 4923 1377 4984 Porticu
1401 4940 1443 4982 ss.
1470 4920 1516 4998 (1)

276 5009 296 5092 †
318 5009 392 5094 Ego
415 5012 579 5076 Rodullus
603 5014 760 5076 diaconus
783 5013 955 5077 cardinalis
977 5021 1089 5076 sancte
1111 5012 1212 5075 Lucie
1234 5010 1265 5072 in
1290 5007 1393 5092 Septa
1416 5008 1496 5071 solis
1519 5025 1560 5068 ss.
1585 5005 1632 5085 (Ι)

277 5102 298 5180 l
321 5100 394 5184 Ego
419 5100 592 5185 Gregorius
617 5103 772 5165 diaconus
796 5103 969 5167 cardinalis
993 5105 1096 5167 sancti
1120 5100 1242 5182 Angeli
1266 5120 1306 5162 ss.

276 5187 297 5270 †
321 5189 393 5273 Ego
417 5191 579 5255 lohannes
603 5192 761 5255 diaconus
785 5193 957 5256 cardinalis
980 5201 1093 5256 sancte
1116 5191 1220 5254 Marie
1244 5208 1328 5252 nove
1353 5208 1394 5250 ss.

224 5273 347 5341 Datum
370 5280 531 5356 Laterani,
562 5300 621 5364 per
654 5301 785 5344 manum
815 5283 985 5360 BARONIS,
1014 5280 1171 5364 capellani
1201 5287 1235 5344 et
1264 5279 1443 5361 scriptoris.
1490 5287 1527 5337 V1
1550 5273 1627 5334 Idus
1651 5267 1739 5332 Maii.

15 5417 16 5424 ,
75 5361 246 5517 {pplictione
269 5381 327 5432 vlt.
372 5367 606 5434 Incarnationis
629 5371 795 5459 dominice
818 5391 904 5434 anno
928 5385 1088 5436 Mcxfflm.
1133 5368 1344 5433 Pontificatus
1367 5387 1446 5431 vero
1470 5364 1583 5427 domni
1606 5357 1700 5422 LUcii
1715 5371 1740 5419 11

15 5481 17 5530 ᾳ
122 5477 236 5520 ‚anno
259 5478 376 5540 prrmo.
399 5493 443 5504 —

123 5640 156 5690 Η
228 5572 270 5622 or.
289 5573 345 5622 unu
359 5574 434 5639 rope
451 5575 491 5625 as
509 5575 541 5625 13
557 5574 649 5640 Javrr.
668 5573 702 5622 rm
714 5573 829 5625 Arcamo
846 5575 874 5625 a·
890 5577 957 5626 stau
974 5591 1004 5626 a
1019 5575 1095 5635 aaa
1119 5577 1177 5639 aeg.
1195 5573 1228 5623 rm
1244 5573 1322 5627 earu.
1341 5533 1434 5622 XXVI
1447 5569 1487 5617 as
1499 5561 1613 5615 ravan
1631 5560 1659 5610 a·
1675 5559 1742 5609 suu

15 5649 16 5656 ’
76 5653 101 5686 ¹¹¹
150 5659 224 5694 orma

227 5789 253 5852 a)
272 5787 332 5837 nuru
403 5788 430 5856 u)
449 5750 498 5854 aa
516 5789 672 5855 ausuum.

124 5889 143 5922 τ.
157 5881 449 5936 Priuer-uerum,
464 5885 522 5926 Aeta
535 5885 577 5926 111.
1516 5859 1533 5908 8
