4126 6356
1692 351 1752 420 117

76 530 135 596 Ad
159 525 317 592 indicium
339 534 450 590 autem
473 531 630 607 percepte
652 521 747 585 huius
771 542 791 584 a
812 521 891 585 sede
914 522 1098 603 apostolica
1128 523 1296 601 libertatis,
1328 524 1506 589 bisantium
1536 547 1636 591 unum
1660 527 1756 592 nobis

76 620 267 698 nostrisque
281 615 523 680 successoribus
539 613 633 676 annis
648 609 783 694 singulis
806 611 1007 693 persolvetis.
1053 613 1088 677 Si
1113 634 1179 696 qua
1201 615 1298 696 igitur
1314 614 1346 676 in
1373 614 1513 677 futurum
1537 616 1757 681 ecclesiastica

77 708 276 774 secularisve
297 725 448 789 persona,
472 705 557 768 hanc
580 711 691 765 nostre
714 701 956 764 constitutionis
973 702 1127 784 paginam
1147 703 1262 778 sciens,
1287 713 1402 767 contra
1421 724 1494 767 eam
1509 715 1631 770 temere
1646 709 1756 772 venire

77 798 299 882 temptaverit,
328 795 474 859 secundo
491 793 630 856 tertiove
645 791 856 866 commonita,
872 791 899 854 si
916 810 983 853 non
999 791 1223 855 satisfactione
1239 812 1385 874 congrua
1399 794 1573 858 emendare
1589 799 1755 874 curaverit,

78 888 256 973 potestatis
286 885 487 965 honorisque
510 903 568 946 sue
602 880 762 962 dignitate
793 887 902 943 careat
932 900 1087 962 reamque
1118 901 1153 945 se
1177 882 1289 944 divino
1313 883 1433 947 iudicio
1457 884 1597 948 existere
1620 885 1662 949 de
1685 907 1757 968 per·

78 987 211 1062 petrata
243 975 415 1057 iniquitate
450 980 643 1054 cognoscat,
684 977 717 1032 et
744 989 764 1032 a
793 969 1012 1033 sacratissimo
1045 990 1185 1053 corpore
1215 992 1254 1034 ac
1283 973 1440 1053 sanguine
1473 973 1526 1036 dei
1558 984 1591 1038 et
1623 975 1756 1054 domini,

79 1065 301 1149 redemptoris
323 1063 426 1126 nostri
455 1062 527 1126 Iesu
551 1059 679 1134 Christi,
710 1057 904 1135 alienafiat,
936 1068 1036 1140 atque
1068 1061 1100 1122 in
1123 1067 1272 1123 extremo
1296 1062 1447 1125 examine
1474 1063 1620 1128 districte
1643 1065 1757 1130 ultioni

79 1159 259 1222 subiaceat.
305 1152 440 1216 Cunctis
463 1161 582 1226 autem,
606 1149 715 1213 eidem
737 1148 814 1211 loco
836 1168 894 1211 sua
913 1143 918 1232 1
939 1149 1008 1211 iura
1029 1150 1242 1225 servantibus,
1266 1151 1308 1213 sit
1330 1171 1398 1232 pax
1421 1151 1546 1215 domini
1569 1156 1671 1218 nostri
1687 1157 1758 1219 lesu

80 1245 210 1322 Christi,
243 1253 403 1328 quatenus
435 1249 468 1304 et
496 1239 550 1303 hic
582 1238 722 1302 fructum
751 1238 840 1300 bone
871 1238 1009 1300 actionis
1037 1239 1221 1321 percipiant
1244 1249 1278 1302 et
1300 1241 1390 1321 apud
1413 1240 1595 1306 districtum
1617 1244 1758 1309 iudicem

79 1337 208 1420 premia
231 1346 344 1399 eterne
367 1331 459 1414 pacis
482 1329 659 1392 inveniant.
704 1327 825 1390 Amen.
848 1326 926 1390 Am.
950 1361 994 1372 -
1017 1327 1137 1390 Amen.
1160 1363 1204 1372 —

296 1420 353 1502 (R)
376 1421 450 1502 Ego
473 1418 640 1501 Eugenius
663 1416 824 1502 catholice
847 1416 982 1504 ecclesie
1005 1419 1181 1499 episcopus
1205 1439 1244 1480 ss.
1269 1418 1332 1496 (M)

296 1512 317 1590 †
339 1511 413 1592 Ego
438 1505 608 1572 Conradus
628 1505 819 1569 Sabinensis
843 1506 1019 1588 episcopus
1042 1517 1075 1569 et
1096 1507 1234 1570 vicarius
1258 1507 1371 1571 domni
1394 1528 1482 1590 pape
1498 1509 1637 1594 Eugenii
1653 1533 1693 1576 ss.
1711 1509 1758 1595 (6)

296 1635 340 1646 —
364 1596 384 1682 †
406 1599 480 1678 Ego
505 1593 780 1677 GG.(Gregorius)
803 1595 965 1676 presbiter
987 1595 1160 1659 cardinalis
1183 1597 1231 1660 tit.
1255 1596 1374 1661 Calixti
1398 1617 1439 1660 ss.

297 1687 318 1770 †
340 1689 415 1768 Ego
438 1685 612 1749 Hubaldus
635 1684 799 1766 presbiter
821 1685 995 1748 cardinalis
1017 1686 1066 1748 tit.
1090 1695 1202 1748 sancte
1226 1685 1382 1750 Praxedis
1405 1707 1445 1749 ss.
1469 1682 1519 1770 (2)

297 1775 318 1862 †
341 1778 415 1859 Ego
437 1775 609 1838 Rolandus
632 1774 795 1856 presbiter
816 1773 990 1837 cardinalis
1013 1776 1061 1837 tit.
1084 1776 1187 1838 sancti
1213 1776 1315 1839 Marci
1339 1796 1380 1838 ss.

298 1865 319 1950 †
341 1869 415 1949 Ego
439 1864 603 1930 Gerardus
626 1862 789 1944 presbiter
811 1863 984 1926 cardinalis
1007 1865 1055 1927 tit.
1079 1863 1240 1946 Stephani
1264 1866 1297 1927 in
1320 1864 1412 1928 Celio
1437 1875 1550 1928 monte
1573 1887 1614 1929 ss.
1637 1863 1687 1950 (1)

297 1991 342 2003 —
365 1951 385 2037 †
408 1956 482 2036 Ego
507 1955 575 2017 Oto
603 1953 762 2016 diaconus
796 1952 967 2016 cardinalis
996 1955 1100 2016 sancti
1124 1953 1257 2035 Georgii
1282 1955 1325 2017 ad
1348 1952 1469 2017 Velum
1493 1975 1626 2018 aureum
1649 1977 1690 2020 ss.
1714 1957 1762 2037 (3)

298 2043 319 2128 †
342 2044 415 2127 Ego
439 2043 655 2108 Ildebrandus
677 2052 790 2126 sancte
812 2042 963 2129 Romane
987 2043 1145 2129 aecclesip
1169 2043 1327 2107 diaconus
1350 2044 1523 2108 cardinalis
1545 2065 1587 2108 ss.

299 2132 319 2218 †
342 2135 416 2217 Ego
438 2132 623 2196 Bernardus
646 2141 758 2194 sancte
780 2131 932 2194 Romane
953 2132 1110 2195 aecclesie
1134 2133 1291 2196 diaconus
1314 2133 1487 2197 cardinalis
1508 2154 1550 2197 ss.

300 2222 320 2308 †
343 2225 416 2305 Ego
442 2219 520 2284 Odo
544 2222 702 2284 diaconus
726 2219 900 2283 cardinalis
922 2232 1035 2284 sancte
1057 2221 1209 2285 Romane
1232 2222 1368 2286 ecclesie
1391 2243 1432 2286 ss

246 2315 323 2376 Dat.
345 2312 509 2388 Laterani,
533 2331 593 2393 per
616 2328 750 2372 manum
771 2310 922 2386 Bosonis,
945 2311 1114 2393 scriptoris
1136 2321 1249 2376 sancte
1271 2311 1423 2375 Romane
1446 2311 1591 2375 ecclesie.
1629 2323 1693 2374 xm
1708 2310 1762 2375 Kl.

83 2405 149 2469 lan.
205 2403 389 2466 Indictione
420 2415 478 2464 xv.
530 2399 767 2464 Incamationis
807 2399 973 2462 dominice
1010 2420 1098 2464 anno
1123 2412 1231 2464 MCLII.
1285 2400 1499 2465 Pontificatus
1531 2420 1609 2464 vero
1649 2401 1763 2464 domni

83 2493 241 2557 EUGENII
263 2513 352 2575 pape
374 2507 412 2554 111
435 2510 522 2554 anno
546 2499 676 2553 octavo.
698 2522 743 2534 —

251 2606 294 2656 Or.
313 2607 356 2668 (R.
374 2607 433 2671 Acq.
453 2602 586 2654 Strmrbne
606 2601 740 2668 Uguccioni
755 2603 823 2652 1152
842 2600 899 2652 Dic.
919 2601 973 2666 20),
991 2599 1025 2651 im
1043 2601 1156 2652 Arckiurb
1174 2601 1202 2650 di
1218 2602 1284 2652 State
1301 2619 1332 2651 ru
1349 2602 1457 2654 luam.

250 2678 319 2743 Perg.
338 2676 399 2737 ital,
416 2677 452 2727 br.
470 2677 555 2737 0,597,
574 2675 636 2740 lang
651 2673 720 2734 o,o3,
739 2680 813 2723 mrim
830 2674 911 2734 0,038
934 2673 1123 2739 umgescklagm,
1151 2673 1229 2724 durch
1246 2675 1263 2724 3
1280 2675 1374 2724 Licker
1396 2675 1422 2724 in
1441 2674 1545 2740 gerader
1560 2674 1630 2725 Late
1644 2675 1702 2742 geht
1726 2676 1763 2726 die

85 2751 242 2818 brnmgede,
270 2749 422 2814 dr'e'nnfiidige
439 2745 622 2806 Sullanam,
648 2746 719 2794 deren
737 2745 816 2810 Siegel
828 2747 944 2795 verloren.
981 2745 1090 2812 Fallung
1106 2745 1151 2795 der
1168 2747 1263 2796 Bullen.
1299 2746 1410 2796 Inutile:
1422 2746 1511 2810 flacit,
1534 2747 1643 2796 naaion
1664 2748 1762 2797 Uncinl·

76 2825 159 2890 jorna,
178 2823 213 2870 r'm
231 2821 328 2886 Ko‘rpcr
344 2836 395 2870 mer
412 2822 490 2878 0,024
508 2817 575 2877 loch,
593 2818 637 2866 der
653 2817 697 2866 der
716 2817 880 2881 Gitterschnfl
895 2833 946 2866 nm
963 2818 1051 2877 0,014,
1070 2817 1096 2866 in
1113 2817 1159 2868 den
1177 2817 1271 2866 Wortm
1289 2834 1335 2884 eng
1350 2818 1612 2884 nasammmgedringq
1630 2819 1667 2868 dic
1686 2819 1763 2869 Worre

84 2897 159 2946 seber
172 2901 221 2960 gut
234 2899 353 2960 getrennt,
371 2892 416 2942 das
433 2893 461 2941 M
478 2906 526 2940 von
544 2888 629 2938 Maria
645 2895 718 2938 etwas
734 2888 927 2954 hervorgehoben.
969 2888 1126 2954 Vernm'gung
1142 2888 1189 2938 Nr.
1208 2889 1224 2936 2
1238 2890 1319 2950 Pfluft,
1337 2889 1363 2938 in
1380 2891 1426 2939 den
1444 2889 1596 2939 Buckstaben
1613 2890 1762 2956 doppellinig,

84 2968 143 3018 oder
158 2967 267 3026 annm,
276 2965 347 3029 fitllr
363 2965 451 3024 0,115.
488 2960 705 3025 Konscriptschnft
721 2959 819 3026 zittm‘g‚
844 2960 882 3010 die
898 2961 1017 3010 eimelnen
1041 2959 1118 3010 Worte
1135 2961 1190 3010 wer't
1205 2961 1373 3010 mareinander.
1410 2961 1552 3027 Majuskeln
1574 2962 1638 3012 nack
1661 2963 1763 3012 starkem

87 3039 183 3090 Ma
208 3053 260 3088 narr
279 3036 359 3101 wemg
379 3033 578 3100 hemorgehobm,
607 3048 625 3097 g
643 3032 688 3080 mr'!
710 3031 905 3098 Schlerfensattel.
943 3031 1088 3082 Zeilenweite
1112 3047 1131 3083 c.
1151 3033 1240 3092 0,017,
1268 3032 1450 3083 Zeilenschlitssc
1473 3033 1589 3083 wechseln
1612 3049 1660 3083 von
1683 3036 1763 3096 0,057

85 3113 119 3161 bis
137 3111 227 3172 0‚069.
264 3108 313 3158 Die
329 3110 393 3157 lente
410 3107 473 3156 Zeile
490 3105 576 3154 merda
591 3104 858 3169 mammengedrd'ngr,
881 3121 924 3153 unt
947 3104 984 3153 die
1002 3103 1055 3152 drei
1070 3105 1147 3153 Amen
1165 3103 1225 3152 noch
1242 3103 1421 3171 hinnrbringem
1445 3105 1505 3154 diest
1522 3105 1570 3155 Nr.
1589 3108 1613 3165 7,
1631 3105 1684 3155 kein
1702 3123 1764 3160 x-m.

85 3186 149 3233 Rota
166 3182 215 3231 Nr.
237 3183 260 3242 1,
278 3181 312 3228 im
330 3178 506 3228 Durclrmesser
523 3176 610 3237 0,053,
628 3176 728 3224 berr'c'hn
736 3177 794 3240 fast
809 3176 846 3225 die
863 3175 935 3224 bum
955 3176 1101 3241 Umerldnge
1119 3175 1162 3224 der
1178 3178 1261 3225 lemen
1278 3176 1348 3237 Zeila,
1366 3193 1413 3226 von
1430 3177 1473 3226 der
1489 3176 1570 3226 Ιὸιὲιη
1587 3177 1670 3226 Kame
1677 3179 1764 3239 o,147,

85 3271 141 3304 wne
154 3253 327 3318 Monogramm
346 3253 415 3312 024.
453 3249 624 3314 Monogramm
642 3248 689 3297 Nr.
703 3251 742 3308 2⁸,
760 3247 934 3314 starkstrichig,
952 3245 1011 3295 loct
1029 3249 1117 3307 0,046,
1136 3247 1195 3296 breit
1211 3249 1299 3309 0,029‚
1317 3264 1364 3298 von
1382 3249 1426 3297 der
1441 3250 1522 3297 lctrlm
1533 3247 1595 3298 Zeile
1611 3251 1699 3310 0‚OO9‚
1717 3265 1765 3298 von

85 3329 130 3376 der
152 3325 247 3376 rechten
270 3323 352 3374 Kame
370 3321 454 3382 0,137.
491 3320 628 3385 Ringkrmz
653 3319 709 3368 und
732 3319 898 3384 (interschn'st
920 3318 997 3384 tergm
1020 3319 1087 3368 wohl
1103 3318 1193 3384 gleicie
1214 3319 1305 3380 Hand.
1331 3319 1468 3385 Umschrrst
1488 3319 1590 3370 kleinrrc
1606 3321 1764 3372 Buchrtaben.

84 3398 218 3464 Μίνως
233 3411 289 3446 vom
305 3391 597 3459 Hauptkirperscltm'ber,
615 3392 654 3440 Bo
672 3406 701 3440 so
719 3391 757 3440 nis
774 3391 848 3440 dorin
863 3390 1047 3456 nachgetragen.
1085 3390 1265 3458 ngenfirmen
1282 3390 1394 3440 tiridatis
1411 3391 1506 3441 disserte
1523 3391 1609 3442 Hand.

840 3672 908 3747 Nr.
932 3676 1018 3748 112.

487 3801 653 3895 Imch'rift
672 3807 744 3888 aus
758 3805 849 3870 einer
870 3803 1107 3886 Marmortasel
1124 3801 1160 3868 in
1189 3804 1375 3870 Terracina.

804 3938 1060 4024 (rrae-1153).

250 4084 416 4165 Eugenius
437 4100 527 4164 papa
550 4095 587 4140 111
609 4077 674 4140 hoc
697 4096 790 4158 opus,
821 4075 925 4156 glorie
948 4074 1050 4156 ipsius
1080 4073 1271 4137 memoriam
1302 4083 1538 4157 representans,
1569 4076 1637 4140 fieri
1668 4076 1767 4154 iussit,

88 4176 145 4259 qui
163 4173 249 4236 mira
263 4173 363 4236 animi
389 4217 521 4234 .....
542 4171 567 4250 ²)
591 4177 625 4231 et
644 4164 773 4229 honesti
789 4163 899 4227 studio
915 4163 1070 4245 preditus,
1088 4164 1208 4246 regalia
1224 4163 1334 4240 multa,
1358 4164 1458 4247 lungo
1474 4175 1625 4247 tempore
1641 4166 1768 4241 amissa,

87 4265 192 4330 beato
214 4264 312 4325 Petro
335 4261 483 4334 restituit,
507 4256 725 4341 quorumdam
747 4255 862 4322 vitium
886 4253 918 4316 in
942 4253 1078 4316 modum
1101 4253 1282 4318 honestatis
1306 4253 1440 4336 redegit,
1474 4275 1515 4318 ne
1544 4255 1623 4337 quid
1647 4253 1769 4320 iudices

88 4376 110 4418 a
137 4371 310 4436 quoquam
340 4358 490 4433 peterent
521 4367 619 4424 neve,
653 4344 732 4427 quid
764 4364 784 4406 a
814 4362 983 4425 quoquam
1013 4353 1089 4405 ante
1119 4343 1264 4406 decisam
1296 4362 1428 4407 causam
1460 4344 1661 4427 acciperent,
1693 4356 1770 4428 post

90 4443 239 4508 decisam
262 4441 410 4504 oblatum
428 4437 465 4522 b)‚
489 4438 569 4520 quid
590 4433 774 4499 verecunde
797 4441 830 4495 et
854 4451 928 4496 cum
951 4433 1128 4514 gratiarum
1150 4433 1280 4498 actione
1303 4434 1513 4515 susciperent.

252 4554 376 4620 Abschn'fl
392 4553 432 4603 des
450 4552 583 4618 Schiaffino
595 4549 628 4598 ΙΙ
636 4555 663 4612 p.
673 4550 732 4608 291,
751 4547 778 4596 in
795 4547 839 4595 dtr
855 4545 919 4596 Bibl.
942 4545 1040 4606 Οἰνία,-
1058 4545 1121 4610 Hp.
1135 4545 1194 4605 403,
1213 4547 1240 4596 in
1257 4547 1301 4596 der
1316 4548 1379 4597 Bibl.
1399 4548 1454 4597 dcll'
1476 4545 1612 4599 Univernli
1629 4565 1660 4598 m
1676 4548 1770 4600 Genua.

253 4625 324 4690 „Nel
338 4627 432 4676 castello
454 4625 481 4674 di
506 4621 639 4673 Terracina
655 4619 683 4669 in
705 4635 757 4669 rora
780 4619 861 4668 rwola
879 4616 907 4667 di
922 4615 1055 4666 marmori
1070 4619 1135 4683 leggc
1161 4634 1213 4667 una
1230 4618 1375 4670 nobr'lissinm
1392 4619 1507 4670 memorab
1524 4619 1552 4670 di
1566 4627 1647 4686 praesto
1658 4621 1773 4689 pomestce

90 4703 134 4752 del
149 4709 231 4752 lemn
247 4703 380 4766 segrmrte‘t

842 4917 909 4994 Nr.
939 4921 1025 4994 113.

93 5069 210 5153 Eugen
234 5063 302 5129 III
319 5059 469 5145 ,besutigt
493 5056 556 5123 den
583 5049 977 5150 CamaldulensenOrden
1006 5051 1040 5115 in
1062 5051 1171 5116 Besitz
1205 5053 1275 5119 und
1294 5054 1448 5137 Rechten,
1479 5057 1549 5122 und
1574 5058 1692 5124 nimmt
1716 5059 1774 5123 ilm

714 5143 748 5206 in
770 5141 1001 5226 apostolzsclten
1023 5139 1150 5206 Schuts.

634 5261 720 5324 1153
735 5255 813 5322 Mai
823 5260 874 5322 17.
906 5256 940 5322 S.
958 5257 1053 5322 Peter
1066 5278 1128 5322 von
1143 5257 1236 5322 Rom.

309 5383 477 5468 Eugenius
499 5379 684 5464 episcopus,
707 5395 817 5440 servus
840 5395 1007 5438 servorum
1031 5373 1093 5452 dei,
1118 5375 1238 5441 dilecto
1262 5376 1329 5441 filio
1352 5378 1509 5458 Rodulso,
1533 5381 1773 5449 Camaldulensi

93 5479 206 5566 priori,
240 5477 376 5557 eiusque
406 5470 567 5546 fratribus,
599 5479 667 5532 tam
698 5464 905 5549 presentibus
935 5485 1034 5547 quam
1067 5465 1188 5542 futuris,
1221 5467 1401 5549 regularem
1428 5471 1531 5533 vitam
1553 5474 1716 5556 professis
1741 5475 1775 5538 in

94 5579 304 5656 perpetuum.
348 5562 524 5645 Religiosis
539 5557 708 5622 desideriis
724 5555 861 5637 dignum
877 5564 927 5619 est
942 5555 1071 5618 facilem
1086 5554 1225 5637 prebere
1241 5576 1444 5635 consensum,
1469 5569 1505 5622 ut
1519 5561 1624 5628 fidelis
1640 5563 1774 5632 devotio

370 5677 524 5685 -.—-.--—.

265 5727 292 5790 a)
309 5729 371 5772 ema
388 5717 559 5785 magnitudine
630 5717 658 5786 b)
678 5715 796 5767 oblatam.
