4126 6366
1685 315 1745 394 365

71 499 156 563 liber
186 501 304 576 extitit,
328 498 470 563 humane
501 501 664 563 servitutis
696 499 817 581 laqueo
844 499 1011 562 vinciatur.
1058 496 1157 581 Quod
1189 501 1216 562 si
1240 501 1415 583 episcopus
1438 501 1581 581 aliquam
1612 509 1750 585 propter

70 587 136 652 hoc
153 590 185 652 in
202 589 426 672 personasve]
443 589 650 652 ecclesiarum
667 595 846 652 vestrarum
857 590 883 655 ⁸)
898 589 1092 652 sententiam
1108 587 1372 672 promulgaverit,
1388 591 1528 654 eandem
1544 591 1748 668 sententiam,

69 687 241 760 tamquam
264 687 378 742 contra
400 679 584 761 apostolice
607 679 695 740 sedis
719 677 846 741 indulta
868 675 1043 760 prolatam,
1074 680 1246 741 statuimus
1269 679 1465 744 irritandam.
1511 678 1595 743 illud
1619 682 1750 763 insuper

69 766 270 832 authoritate
292 768 474 850 apostolica
497 767 720 850 prohibemus
751 786 791 830 ne
814 766 896 829 infra
918 768 1085 830 dimidiam
1109 767 1260 849 leuguam
1285 789 1391 851 prope
1414 769 1580 832 abbatiam
1604 779 1747 834 vestram

69 855 181 940 aliqua
205 858 247 920 de
269 877 355 920 novo
379 856 539 921 habitatio
563 856 627 932 fiat,
659 858 702 919 de
733 876 798 936 qua
820 855 916 918 vobis
944 856 1066 920 debeat
1088 865 1216 920 servate
1238 856 1395 921 hactenus
1417 857 1577 922 libertatis
1601 867 1635 922 et
1657 861 1748 942 pacis

69 946 205 1027 aliquod
230 947 441 1030 preiudicium
465 949 622 1029 generari.
668 948 704 1010 In
728 947 833 1009 causis
862 953 971 1008 autem
1004 947 1160 1029 propriis,
1192 947 1262 1010 sive
1293 946 1420 1011 civilem
1448 947 1516 1010 sive
1548 947 1748 1013 criminalem

70 1035 262 1099 contineant
292 1039 512 1118 questionem,
544 1037 639 1100 liceat
661 1035 765 1110 vobis,
797 1034 913 1097 iratres
936 1044 1062 1099 vestros
1092 1035 1229 1099 idoneos
1253 1037 1295 1100 ad
1318 1037 1559 1101 testificandum
1583 1038 1748 1101 adducere

70 1132 173 1208 atque
204 1127 349 1209 ipsorum
380 1126 583 1200 testimonio,
614 1127 698 1190 sicut
730 1131 854 1188 rectum
888 1123 999 1201 fuerit,
1034 1132 1067 1188 et
1097 1123 1289 1207 propulsare
1312 1125 1498 1191 violentiam
1530 1135 1563 1190 et
1591 1129 1747 1191 iustitiam

69 1215 255 1280 vendicare.
291 1215 507 1280 Decemimus
530 1235 618 1299 ergo,
642 1224 678 1279 ut
701 1214 779 1278 nulli
796 1214 930 1276 omnino
946 1212 1115 1278 hominum
1133 1214 1238 1292 liceat,
1264 1214 1424 1297 prelatum
1442 1219 1698 1280 monasterium.
1716 1265 1723 1280 .
1741 1266 1747 1280 .

69 1304 184 1368 usibus
218 1305 419 1370 omnimodis
459 1304 644 1389 profutura,
683 1303 772 1367 salva
801 1303 890 1366 sedis
920 1303 1103 1386 apostolice
1133 1303 1339 1368 authoritate.
1394 1306 1429 1371 Si
1461 1327 1526 1388 qua
1555 1308 1747 1390 igitur...

69 1391 204 1458 Cunctis
227 1405 336 1459 autem
362 1445 368 1458 .
394 1446 400 1459 .
424 1441 431 1457 .
455 1396 628 1458 inveniant.
674 1391 795 1457 Amen.

286 1481 340 1568 (R)
364 1484 437 1566 Ego
460 1482 612 1547 Clemens
636 1481 797 1546 catholice
821 1482 961 1547 ecclesie
984 1483 1170 1565 episcopus

284 1573 305 1654 †
328 1573 402 1656 Ego
425 1571 639 1636 Theobaldus
662 1571 846 1636 Hostiensis
870 1581 903 1636 et
925 1570 1139 1635 Velletrensis
1163 1573 1348 1656 episcopus.

284 1664 306 1741 †
328 1661 401 1746 Ego
424 1660 587 1726 Iohannes
611 1662 772 1744 presbiter
796 1661 967 1726 cardinalis
990 1662 1038 1723 tit.
1063 1661 1164 1725 sancti
1188 1663 1300 1726 Marci.

285 1749 402 1836 †Ego
426 1753 598 1816 Laborans
628 1750 790 1834 presbiter
823 1750 994 1816 cardinalis
1025 1759 1138 1814 sancte
1169 1752 1270 1815 Marie
1304 1750 1524 1814 transtiberim
1549 1752 1597 1814 tit.
1621 1749 1749 1815 Calixti.

285 1838 305 1925 †
328 1840 402 1924 Ego
426 1841 605 1904 Pandulius
629 1841 792 1923 presbiter
814 1839 988 1904 cardinalis
1010 1838 1143 1904 basilice
1166 1855 1216 1904 ΧΠ
1240 1839 1491 1924 Apostolorum.

284 1929 305 2012 †
327 1931 400 2014 Ego
424 1931 542 1994 Melior
563 1929 726 2013 presbiter
748 1929 918 1995 cardinalis
947 1936 1136 1994 sanctorum
1158 1929 1312 1994 Iohannis
1338 1938 1372 1994 et
1393 1929 1484 1994 Pauli
1506 1929 1552 1993 tit
1574 1927 1746 1993 Pamachii.

285 2017 305 2104 †
329 2022 403 2103 Ego
426 2022 540 2084 Petrus
565 2019 725 2104 presbiter
748 2020 917 2083 cardinalis
940 2021 989 2083 tit.
1012 2026 1125 2082 sancte
1150 2017 1280 2084 Cecilie.

285 2106 305 2193 †
328 2111 402 2193 Ego
425 2110 585 2174 Radolius
609 2110 656 2172 tit.
680 2118 792 2173 sancte
816 2109 974 2174 Praxedis
999 2109 1161 2193 presbiter
1185 2108 1365 2173 cardinalis,

285 2195 305 2282 †
329 2199 402 2281 Ego
427 2199 541 2263 Petrus
565 2202 613 2263 tit
637 2201 741 2262 sancti
766 2199 944 2264 Clementis
968 2199 1131 2282 presbiter
1153 2198 1330 2262 cardinalis.

285 2285 305 2368 †
328 2286 402 2370 Ego
427 2289 541 2352 Petrus
565 2288 728 2371 presbiter
749 2289 920 2353 cardinalis
944 2289 990 2351 tit.
1014 2289 1117 2351 sancti
1139 2288 1225 2352 Petri
1248 2289 1291 2352 ad
1314 2285 1463 2351 Vincula.

284 2376 305 2457 †
327 2376 401 2461 Ego
424 2377 582 2441 Iordanus
606 2379 769 2460 presbiter
791 2377 964 2442 cardinalis
987 2379 1035 2440 tit.
1058 2377 1262 2441 Pudentiane
1285 2379 1333 2440 tit.
1359 2377 1512 2439 Pastoris.

284 2465 305 2546 †
328 2465 400 2550 Ego
424 2467 564 2531 lacobus
587 2468 744 2531 diaconus
768 2467 941 2530 cardinalis
964 2475 1077 2530 sancte
1101 2469 1206 2530 Marie
1229 2469 1262 2530 in
1286 2465 1477 2547 Cosmidyn.

285 2552 306 2638 †
328 2556 402 2639 Ego
426 2555 600 2621 Gratianus
623 2566 811 2621 sanctorum
835 2556 954 2621 Cosme
977 2565 1011 2619 et
1033 2556 1189 2620 Damiani
1213 2556 1369 2620 diaconus
1393 2554 1574 2619 cardinalis.

284 2646 305 2724 †
328 2644 401 2728 Ego
426 2644 624 2710 Ottovianus
646 2656 832 2709 sanctorum
857 2644 963 2728 Sergii
986 2655 1019 2708 et
1043 2644 1144 2709 Bachi
1168 2646 1324 2708 diaconus
1346 2644 1528 2708 cardinalia.

284 2735 304 2814 †
328 2737 401 2818 Ego
426 2734 604 2820 Gregorius
626 2742 739 2799 sancte
763 2737 866 2799 Marie
889 2737 919 2798 in
943 2735 1074 2798 Porticu
1098 2735 1258 2798 diaconus
1282 2735 1459 2799 cardinalis.

283 2823 304 2904 †
326 2824 399 2907 Ego
422 2824 583 2890 Iohannes
606 2825 708 2888 sancti
733 2824 903 2888 Theodori
926 2825 1082 2888 diaconus
1105 2825 1286 2888 cardinalis.

283 2914 304 2992 †
327 2913 400 2996 Ego
423 2916 609 2979 Bernardus
632 2923 744 2978 sancte
768 2913 873 2977 Marie
898 2934 984 2978 nove
1007 2915 1166 2977 diaconus
1189 2914 1372 2978 cardinalis.

230 3002 308 3066 Dat.
332 3003 500 3080 Laterani,
534 3025 594 3087 per
624 3024 754 3067 manum
779 3003 906 3085 Moysi,
938 3011 1050 3066 sancte
1073 3005 1224 3067 Romane
1253 3004 1391 3068 ecclesie
1413 3001 1617 3076 subdiaconi,
1641 3001 1746 3062 vicem

70 3092 199 3172 agentis
216 3092 407 3157 cancellarii.
446 3094 560 3158 vKal.
577 3093 667 3157 lunii.
705 3092 885 3156 indictione
901 3106 947 3157 vl.
986 3092 1216 3156 incarnationis
1239 3095 1403 3158 dominice
1426 3101 1749 3155 annoMchxxvlss.

70 3179 286 3244 Pontificatus
308 3202 387 3245 vero
410 3184 524 3248 domni
549 3184 727 3249 Clementis
750 3203 838 3266 pape
861 3185 948 3246 tertii
971 3203 1059 3246 anno
1083 3184 1202 3266 primo,

116 3365 142 3414 T
176 3365 184 3376 .
235 3294 277 3344 Or.
303 3297 336 3346 im
353 3297 467 3348 Archivr'o
490 3300 547 3350 dell'
576 3299 697 3364 Ospedale,
724 3297 849 3363 Absclm'ft
865 3298 905 3348 des
925 3300 956 3346 17
978 3298 1072 3362 Jahrb.
1097 3297 1210 3362 (Abbasrir
1236 3297 1264 3346 di
1287 3297 1410 3366 lucedio),
1435 3296 1468 3346 im
1494 3292 1608 3345 Archivio
1632 3293 1659 3341 di
1684 3292 1750 3341 Staio

64 3380 93 3413 nu
138 3381 199 3414 urm

201 3404 206 3416 ι
227 3439 315 3488 Leider
330 3441 444 3491 hemerktc
460 3441 498 3491 ich
515 3448 564 3490 ers!
578 3457 609 3490 au
626 3445 687 3506 spdt,
706 3457 748 3491 am
765 3442 847 3492 lerum
869 3442 933 3508 Tage
950 3441 1037 3492 meincs
1054 3442 1223 3506 Aufmtlralles
1241 3440 1267 3490 in
1289 3441 1377 3501 Turin,
1405 3440 1462 3490 :lars
1486 3439 1537 3490 sicli
1563 3439 1608 3488 das
1635 3435 1751 3502 On'gr'nal

64 3508 96 3557 rin
117 3509 235 3574 Osprdnle
252 3511 358 3578 befinde;
375 3514 450 3563 meina
468 3513 592 3578 Abschn'ft
607 3513 638 3562 ist
655 3515 699 3562 der
714 3513 790 3578 Kopie
807 3521 963 3564 eulnammen.

816 3743 883 3818 Nr.
912 3746 1001 3818 419.

70 3871 222 3936 Clemens
238 3872 304 3937 III
315 3873 433 3936 nimmt
445 3874 507 3938 das
524 3873 655 3939 Kloster
668 3875 738 3940 San
754 3877 861 3942 Pietro
878 3877 916 3941 di
926 3876 1067 3940 Modena
1084 3876 1117 3938 in
1133 3871 1364 3960 apostolriclren
1376 3872 1494 3938 Schuta
1509 3871 1582 3936 und
1602 3871 1752 3957 bestdtigt

228 3963 315 4025 seine
329 3963 574 4042 Besitathr'c'mer‚
590 3965 659 4030 sein
684 3965 900 4030 Wasserreclrt
914 3966 984 4030 und
994 3965 1049 4029 die
1065 3963 1306 4046 Zehntfreilreit
1320 3961 1355 4028 in
1375 3961 1406 4027 C
1402 3962 1590 4046 respellano.

695 4085 780 4145 1188
792 4081 869 4146 Mai
880 4085 936 4146 29.
970 4082 1118 4145 Lateran.

232 4191 401 4257 CLEMENS
428 4198 621 4279 episcopuS,
654 4218 765 4262 servus
794 4218 961 4261 servorum
993 4198 1062 4273 dei,
1094 4197 1222 4261 dilectis
1252 4195 1340 4270 filiis,
1372 4193 1549 4258 Michaheli
1579 4193 1692 4258 abbati
1717 4202 1750 4257 et

63 4285 247 4346 conventui
272 4285 460 4347 monasterii
484 4288 588 4349 sancti
614 4285 699 4350 Petri
723 4288 925 4363 Mutinensis,
958 4287 1096 4350 salutem
1130 4295 1163 4350 et
1192 4284 1409 4368 apostolicam
1439 4283 1715 4349 benedictionem.
1741 4281 1745 4369 Ι

65 4372 153 4437 Cum
178 4372 221 4435 ad
246 4374 411 4436 universas
435 4374 589 4438 ecclesias
612 4378 716 4440 aciem
740 4384 908 4441 teneamur
931 4386 1020 4441 recte
1044 4375 1314 4440 considerationis
1330 4375 1519 4449 extendere,
1544 4373 1614 4437 illas
1630 4381 1749 4448 tamen,

64 4463 97 4524 in
124 4461 244 4541 quibus
268 4471 319 4526 est
341 4462 476 4526 fundata
499 4460 633 4550 relig[io,
656 4474 748 4529 tanto
772 4461 907 4552 arti))ori
930 4474 1079 4530 tenemur
1102 4464 1393 4547 caritate-diligere
1418 4470 1451 4526 et
1473 4465 1540 4526 suis
1557 4463 1750 4526 utilitatibus

64 4551 257 4633 diligentius
281 4551 463 4634 providere,
488 4564 611 4633 quanto
636 4556 666 4618 in
692 4558 739 4618 eis
763 4557 890 4638 dignior
910 4557 1112 4638 impenditur
1126 4557 1263 4619 domino
1280 4548 1491 4640 s[amulatus].
1528 4551 1750 4615 Attendentes

65 4641 183 4721 igitur,
215 4641 306 4720 quod
339 4643 369 4703 in
402 4643 544 4705 cenobio
567 4651 678 4707 vestro
709 4644 866 4727 regularis
890 4645 990 4722 ordo,
1020 4647 1075 4728 qui
1099 4647 1132 4708 in
1156 4664 1197 4706 eo
1220 4645 1384 4707 institutus
1408 4649 1465 4716 est,
1490 4640 1591 4718 bene,
1615 4641 1749 4704 domino

65 4729 236 4810 largiente,
267 4739 415 4793 servatur
446 4738 478 4795 et
509 4728 634 4818 [quod
658 4731 905 4820 mona)sterium
929 4743 1073 4798 vestrum
1104 4732 1313 4797 laudabiliter
1341 4730 1500 4794 hactenus
1527 4731 1558 4793 in
1582 4738 1693 4793 nostra
1717 4739 1750 4794 et

66 4819 210 4882 ecclesie
225 4819 378 4882 Romane
393 4819 422 4890 b)
449 4821 628 4886 devotione
644 4825 800 4900 consistit,
824 4825 931 4906 ipsum
950 4833 982 4886 et
997 4843 1155 4907 personas
1171 4832 1294 4886 vestras
1319 4817 1405 4908 [cum
1434 4819 1592 4895 omnibus,
1616 4839 1681 4901 que
1705 4817 1748 4906 in]

66 4909 308 4992 presentiarum
333 4909 565 4974 rationabiliter
587 4913 736 4994 possidet
751 4912 804 4978 vel
821 4916 852 4976 in
870 4913 1011 4976 futurum
1028 4915 1120 4977 iustis
1137 4912 1253 4988 modis,
1277 4919 1443 4994 prestante
1460 4909 1604 4984 domino,
1629 4910 1751 4992 poterit

66 4997 219 5079 adipisci,
244 4994 540 5087 [predecessorum]
557 5009 741 5065 nostrorum
766 5003 868 5067 felicis
892 5003 1128 5066 recordationis
1151 5003 1242 5065 Lucii
1259 4998 1290 5086 ¹),
1306 5000 1439 5064 Urbani
1452 4997 1477 5086 ¹)
1501 5006 1534 5061 et
1551 4996 1748 5084 Gregorii),

66 5087 298 5151 Romanorum
330 5088 539 5171 pontificum,
572 5086 729 5177 [vestigiis
762 5090 964 5168 inherentes,
997 5091 1058 5155 sub
1089 5091 1179 5155 beati
1208 5091 1293 5154 Petri
1322 5097 1357 5152 et
1388 5085 1512 5176 n]ostra
1542 5089 1749 5172 protectione

65 5176 266 5258 suscipimus
289 5187 323 5241 et
345 5181 506 5261 presentis
529 5182 643 5264 scripti
668 5183 848 5265 patrocinio
872 5183 1123 5246 communimus.
1171 5177 1380 5267 [Statuentes
1412 5188 1447 5242 ut
1470 5179 1692 5261 possessiones
1716 5185 1750 5240 et

66 5265 211 5330 ecclesie
234 5265 435 5354 monast]erii
459 5270 557 5332 vestri
580 5271 611 5332 in
636 5291 676 5334 ea
699 5271 857 5345 libertate,
892 5272 1098 5334 ordinatione
1122 5279 1155 5334 et
1178 5269 1378 5334 institutione
1408 5268 1520 5332 suturis
1543 5266 1749 5350 temporibus

66 5357 261 5430 consistant,
285 5357 317 5420 in
340 5377 405 5438 qua
428 5365 502 5420 sunt
525 5379 545 5421 a
568 5355 793 5446 qua[draginta
816 5363 908 5424 annis
933 5382 952 5424 a
974 5360 1068 5425 vobis
1092 5357 1136 5446 et)
1160 5357 1447 5442 predecessoribus
1462 5357 1577 5421 vestris
1593 5359 1750 5419 canonice

66 5454 102 5508 et
134 5447 208 5508 sine
241 5445 383 5530 legitima
412 5447 649 5530 interruptione
678 5469 839 5532 possesse.
885 5449 1102 5514 Prohibemus
1130 5458 1256 5524 autem,
1288 5467 1329 5511 ne
1370 5443 1492 5532 [aliqua
1529 5446 1750 5510 ecclesiastica

230 5607 255 5670 a)
274 5605 406 5656 Entweder
422 5607 465 5656 der
481 5607 618 5666 Accrrsativ,
636 5607 694 5656 oder
710 5607 748 5657 rin
773 5607 840 5660 Wm
857 5609 1010 5674 awgefallm
1109 5608 1136 5674 b)
1157 5607 1265 5657 ecclesia
1287 5607 1412 5656 Romana.
1431 5643 1482 5650 .-
1503 5608 1539 5670 .1)
1562 5604 1679 5654 Urkunde
1694 5621 1749 5654 vom

66 5679 100 5726 27
118 5677 229 5743 Janunr
246 5681 319 5737 1184,
342 5678 386 5727 Or.
403 5677 436 5728 r'm
457 5680 531 5730 Arclr.
549 5679 576 5727 di
593 5678 707 5728 Statana
725 5679 837 5731 Μοιίοια,
910 5689 936 5746 2)
960 5679 1078 5730 Urkunde
1096 5695 1150 5728 vom
1164 5681 1197 5730 10
1208 5680 1283 5744 April
1291 5681 1365 5739 1186,
1387 5678 1429 5732 Or.
1448 5678 1482 5728 im
1499 5677 1573 5728 Aah.
1591 5677 1619 5726 di
1634 5677 1702 5726 Staio
1719 5693 1750 5728 au

67 5749 184 5800 aluum.
260 5753 286 5816 3)
309 5749 427 5800 Urkunde
443 5765 498 5800 vom
515 5753 549 5801 12
568 5751 794 5802 November1187.
