4090 6358
821 480 889 558 Nr.
920 486 983 558 22.

154 615 268 684 Urban
285 617 331 682 II
340 616 489 701 bestiitrgt
502 615 575 681 dem
591 613 670 679 Abte
685 614 781 700 Hugo
795 637 856 680 von
877 613 979 700 Cluny
994 614 1053 698 (D.
1065 617 1197 704 Macen)
1215 615 1359 682 Kirclren
1372 616 1477 684 serires
1494 618 1649 686 Klosterr.

688 752 773 814 1096
786 749 874 825 Juni
885 753 916 814 3.
955 749 1117 816 Toulouse.

223 887 378 956 Urbanus
402 887 586 970 episcopus,
615 906 726 951 servus
756 905 923 950 servorum
952 886 1014 962 dei,
1045 885 1224 949 venerabili
1249 887 1337 950 fratri
1361 889 1505 972 Hugoni,
1537 891 1741 958 Cluniacensi

51 977 186 1054 abbati,
210 976 350 1041 salutem
373 987 407 1040 et
429 977 648 1060 apostolicam
671 975 947 1040 benedictionem.
985 976 1159 1058 Religiosis
1183 975 1352 1039 desideriis
1372 977 1508 1060 dignum
1530 990 1587 1057 est,
1613 982 1742 1047 facilem

51 1065 201 1150 prebere
229 1085 434 1144 consensum,
465 1076 501 1129 ut
524 1065 630 1129 fidelis
653 1065 792 1128 devocio
825 1064 964 1128 celerem
994 1065 1152 1128 sorciatur
1181 1064 1341 1128 eflectum.
1387 1067 1529 1132 Proinde
1559 1074 1742 1136 communis

51 1157 109 1218 filii
145 1157 215 1220 mei
249 1155 395 1220 Hunaldi
426 1155 614 1238 religiosum
643 1164 759 1218 votum
790 1173 864 1218 cum
895 1153 1020 1218 iusticie
1052 1154 1153 1237 ipsius
1185 1153 1302 1218 intuitu
1343 1176 1418 1219 cum
1458 1167 1513 1221 tue
1551 1162 1742 1242 spectabilis

52 1246 229 1328 religionis
245 1247 427 1310 reverentia
442 1266 501 1328 per
515 1245 677 1327 presentis
693 1243 815 1307 decreti
832 1243 989 1327 paginam
1004 1242 1244 1320 confirmamus
1261 1245 1287 1307 si
1304 1245 1446 1328 quidem,
1463 1267 1538 1310 cum
1554 1249 1597 1312 ad
1613 1250 1741 1315 Clunia-

52 1356 155 1398 cense
182 1336 360 1399 cenobium
391 1335 613 1399 conversionis
641 1333 755 1418 gratia,
787 1333 944 1416 largiente
968 1333 1113 1408 domin0,
1144 1334 1354 1415 pervenisset,
1385 1335 1554 1414 honorem,
1588 1340 1650 1422 qui'
1667 1361 1742 1404 eum

53 1424 96 1488 de
120 1425 329 1506 patrimonio
354 1424 576 1506 contingebat,
607 1443 683 1486 cum
706 1421 844 1487 ecclesia
866 1421 954 1486 beati
979 1420 1111 1486 Martini
1136 1422 1178 1485 de
1200 1423 1338 1487 Lautico
1362 1424 1462 1489 beato
1485 1428 1582 1491 Petro
1613 1438 1645 1492 et
1673 1430 1742 1493 eius

54 1513 269 1578 Cluniacensi
293 1515 492 1578 monasterio
517 1513 698 1595 delegavit;
722 1513 755 1575 in
771 1512 844 1594 ipso
860 1512 965 1574 eciam
988 1511 1073 1588 loco,
1098 1511 1175 1593 quia
1190 1514 1425 1577 monasterium
1445 1516 1623 1599 antiquitus
1639 1518 1743 1582 suerat

53 1624 97 1666 ex
120 1614 288 1687 precepto
312 1603 561 1668 reverentissimi
584 1623 673 1685 pape
696 1601 845 1684 Gregorii
869 1601 1010 1684 septimi,
1033 1600 1150 1664 cellam
1175 1622 1235 1664 sua
1256 1603 1415 1666 industria
1437 1607 1608 1687 reparavit.
1646 1608 1743 1671 Hanc

55 1694 156 1776 igitur
180 1714 258 1757 cum
280 1693 446 1770 universis,
471 1692 514 1757 ad
538 1713 612 1755 eam
634 1691 883 1774 pertinentibus,
913 1691 945 1753 in
968 1700 1164 1773 perpetuum
1188 1689 1412 1756 Cluniacensis
1435 1695 1565 1758 cenobii
1589 1696 1742 1761 iratribus

54 1782 300 1865 possidendam
323 1783 484 1866 presentis
508 1782 629 1845 decreti
654 1782 847 1844 auctoritate
870 1779 1046 1843 firmamus.
1091 1781 1127 1843 In
1161 1781 1279 1862 quibus
1310 1780 1371 1844 hec
1401 1784 1543 1866 propriis
1572 1785 1742 1850 vocabulis

55 1873 254 1936 annotanda
283 1873 497 1955 precipimus:
531 1869 703 1934 ecclesiam
733 1869 837 1933 sancti
860 1869 947 1932 Petri
971 1868 1012 1931 de
1045 1868 1167 1947 Casali,
1200 1870 1304 1933 sancti
1334 1871 1505 1935 Vincencii
1538 1875 1579 1938 de
1601 1874 1742 1952 Avesac,

55 1963 161 2025 sancti
179 1961 353 2026 Vincencii
379 1959 421 2024 de
443 1961 578 2037 Plaisac,
602 1967 716 2023 sancte
732 1960 836 2023 Marie
860 1958 903 2022 de
925 1957 1111 2035 Sereniaco,
1135 1960 1239 2023 sancti
1258 1959 1404 2042 Caprasii
1430 1961 1471 2025 de
1492 1961 1613 2040 Broilo,
1637 1967 1741 2029 sancti

55 2051 217 2114 Iohannis
250 2051 292 2114 de
321 2050 514 2133 Astilgiaco,
545 2049 649 2113 sancti
681 2049 813 2112 Martini
846 2047 888 2111 de
918 2047 1075 2124 Paniciar,
1105 2049 1209 2112 sancti
1240 2047 1336 2113 Bricii
1369 2051 1411 2114 de
1443 2051 1598 2129 Triliano,
1630 2064 1743 2119 sancte

58 2141 164 2203 Marie
196 2140 239 2203 de
262 2140 356 2204 Bello
389 2140 472 2216 loco,
504 2139 607 2202 sancti
631 2138 779 2220 Caprasii
804 2137 846 2200 de
869 2137 988 2213 Cucco,
1021 2147 1133 2201 sancte
1157 2137 1261 2202 Marie
1296 2138 1337 2202 de
1366 2139 1471 2204 Calda
1503 2152 1604 2219 costa,
1638 2145 1741 2208 sancti

57 2229 214 2292 Nicholai
243 2229 286 2292 de
316 2239 430 2293 monte
453 2229 635 2304 Guascoue,
667 2228 771 2291 sancti
796 2226 943 2309 Caprasii
968 2226 1010 2290 de
1033 2225 1205 2303 Bibitorio,
1238 2229 1342 2291 sancti
1367 2229 1499 2293 Martini
1531 2230 1572 2294 de
1595 2231 1742 2309 Guzano,

57 2320 162 2382 sancti
197 2319 331 2382 Martini
365 2319 406 2382 de
436 2317 590 2394 Calvillo,
621 2327 735 2381 sancte
765 2317 869 2379 Marie
902 2316 943 2380 de
966 2315 1140 2392 Acudello,
1170 2318 1274 2380 sancti
1298 2317 1452 2382 Germani
1484 2319 1525 2382 de
1550 2320 1743 2398 Cusunano;

57 2409 88 2470 in
117 2408 359 2491 Burdegalensi
390 2429 478 2491 pago
511 2408 615 2471 sancti
644 2405 734 2469 Pauli
767 2405 809 2468 de
831 2406 956 2484 Borvo,
987 2405 1091 2468 sancti
1125 2405 1302 2470 Clementis
1334 2406 1376 2470 de
1399 2407 1555 2484 Comma;
1585 2411 1619 2473 in
1651 2433 1740 2495 pago

57 2499 257 2562 lascuzensi
279 2497 383 2562 sancti
407 2497 561 2561 iohannis
585 2496 627 2559 de
649 2495 798 2558 Podenx.
846 2494 1013 2576 Quicquid
1035 2502 1186 2577 preterea
1208 2495 1297 2559 idem
1320 2496 1411 2561 locus
1435 2498 1467 2560 in
1491 2498 1632 2564 futurum
1657 2502 1740 2565 iuste

58 2587 197 2670 adipisci
214 2589 345 2670 poterit,
363 2587 535 2663 firmatum,
551 2605 700 2650 securum
717 2585 944 2666 integrumque
959 2593 1153 2666 permaneat
1167 2592 1236 2647 tam
1252 2606 1271 2648 a
1287 2595 1328 2663 te,
1350 2607 1449 2668 quam
1465 2608 1484 2650 a
1498 2590 1740 2656 successoribus

58 2677 127 2754 tuis,
151 2698 213 2741 seu
236 2677 300 2752 his,
324 2677 378 2760 qui
403 2695 463 2758 per
485 2696 546 2739 nos
570 2677 603 2739 in
627 2676 746 2738 eodem
770 2674 844 2737 loco
868 2674 1109 2756 prestituentur,
1132 2674 1311 2756 regendum
1336 2675 1644 2762 disponendumque
1667 2701 1738 2763 per-

59 2767 242 2848 petualiter.
287 2767 332 2830 Et
355 2767 440 2848 quia,
465 2765 661 2848 disponente
688 2763 833 2839 domino,
858 2762 939 2826 celle
961 2763 1063 2845 ipsius
1086 2762 1188 2826 altare
1211 2764 1330 2827 nostris
1345 2766 1497 2830 manibus
1512 2780 1738 2833 consecratum

60 2867 114 2933 est,
137 2855 293 2939 ampliori
316 2855 523 2920 veneracioni
548 2854 657 2918 locum
681 2853 789 2935 ipsum
819 2852 976 2934 deinceps
1004 2851 1118 2915 haberi
1148 2853 1364 2936 precipimus;
1402 2855 1587 2936 scientes(?)
1614 2879 1655 2922 ne
1687 2861 1739 2923 cui

59 2965 200 3026 persone
225 2954 336 3028 preter
356 2945 499 3009 Romani
523 2943 689 3027 pontificis
720 2942 895 3006 scienciam
926 2941 1031 3017 liceat,
1062 2941 1217 3006 adversus
1248 2942 1337 3006 idem
1368 2944 1468 3008 altare
1500 2946 1738 3012 interdictionis

60 3045 112 3098 aut
134 3035 494 3099 excommunicacionis
516 3034 662 3117 prolerre
685 3032 896 3095 sentenciam.
942 3030 977 3095 Si
995 3031 1067 3114 quis
1083 3050 1162 3113 ergo
1183 3031 1338 3115 deinceps
1354 3032 1463 3097 locum
1480 3035 1588 3117 ipsum
1603 3045 1637 3100 et
1660 3059 1736 3120 que-

60 3144 186 3206 cunque
202 3124 246 3187 ad
263 3143 336 3189 eum
353 3123 555 3207 pertinencia
571 3123 733 3198 infestare,
750 3120 902 3197 minuere,
919 3121 1099 3184 temerariis
1113 3122 1348 3186 vexacionibus
1364 3123 1501 3206 fatigare
1515 3124 1567 3188 vel
1583 3147 1604 3189 a
1623 3137 1736 3191 nostro

61 3215 201 3278 cenobio
235 3214 375 3278 alienare
406 3213 649 3295 presumpserit,
680 3211 789 3274 divine
820 3210 1060 3292 indignacionis
1089 3220 1122 3274 et
1152 3211 1335 3293 apostolice
1366 3213 1575 3278 districtionis
1608 3216 1737 3281 ulcione

60 3303 230 3383 plectatur,
244 3314 280 3382 et
298 3306 326 3382 ⁸)
338 3324 358 3368 a
368 3303 587 3366 sacratissimo
603 3320 743 3384 corpore
759 3319 797 3362 ac
813 3300 971 3382 sanguine
987 3299 1112 3362 domini
1128 3301 1229 3362 nostri
1242 3297 1341 3385 (lesu)
1357 3301 1477 3366 Christi
1493 3303 1658 3381 alienetur,
1676 3307 1736 3369 nisi

60 3393 283 3457 satisfactione
306 3413 452 3476 congrua
467 3390 699 3466 emendaverit,
723 3385 904 3474 reum(que)
919 3409 956 3452 se
972 3388 1083 3452 divino
1100 3389 1221 3453 iudicio
1238 3389 1351 3453 haberi
1367 3403 1556 3474 cognoscat.
1603 3393 1736 3459 Cunctis

61 3492 176 3560 autem,
208 3482 318 3546 eidem
348 3483 423 3546 loco
455 3481 539 3545 iusta
565 3479 779 3554 servantibus,
810 3478 853 3541 sit
881 3499 949 3560 pax
980 3478 1106 3541 domini
1140 3479 1241 3542 nostri
1264 3481 1335 3543 Iesu
1360 3480 1488 3558 Christi,
1521 3483 1672 3564 quatinus
1704 3495 1737 3548 et

60 3569 110 3633 hic
132 3572 276 3636 fructum
298 3571 387 3635 bone
411 3571 549 3635 actionis
571 3569 754 3653 percipiant
786 3577 820 3631 et
847 3567 936 3649 apud
968 3566 1149 3631 districtum
1181 3566 1323 3632 iudicem
1346 3571 1473 3653 premia
1504 3581 1614 3638 eterne
1644 3575 1736 3656 pacis

61 3659 235 3726 inveniant.
271 3661 391 3726 Amo.
1013 3735 1018 3744 ι
1248 3747 1311 3828 (Μ)

237 3751 363 3904 Dthdm
386 3839 518 3915 Tolose,
548 3859 609 3922 per
631 3856 765 3901 manum
788 3835 951 3910 iohannis,
973 3844 1107 3898 sanctae
1130 3837 1301 3900 Romanae
1324 3837 1480 3902 ecclesiae
1509 3837 1639 3905 diaconi
1671 3863 1736 3906 car-

65 3929 185 3994 dinalis.
233 3945 272 3994 111
295 3929 401 3993 Nonis
424 3929 514 3992 lunii.
546 3927 757 4009 lndic(t)ione
780 3941 827 3989 lv.
859 3925 1098 3989 lncamacionis
1127 3925 1312 3991 dominicae
1335 3948 1422 3992 anno
1445 3939 1582 3993 chvn.
1627 3931 1736 3998 Ponti-

66 4018 173 4084 ficatus
198 4029 310 4084 autem
333 4019 446 4083 domni
470 4017 597 4083 Urbani
621 4016 755 4081 secundi
779 4037 837 4099 pp.
861 4027 908 4077 IX.

220 4133 346 4198 Abschrijt
362 4149 417 4183 vom
437 4133 471 4182 13
493 4131 586 4197 Jahrb.
604 4130 649 4181 der
669 4131 728 4180 Coll.
748 4129 778 4180 dr
793 4131 937 4196 ergogm
954 4129 988 4178 79
1007 4127 1054 4178 Nr.
1075 4130 1133 4190 1⁶4,
1153 4127 1179 4178 in
1196 4129 1240 4178 der
1256 4130 1318 4180 Bal.
1338 4132 1466 4182 Nantnale
1482 4149 1513 4182 ru
1532 4134 1612 4186 Pan's.

220 4201 775 4271 RotamdMonogrammn'ndbeigeseicknet,
794 4200 999 4252 erstmsmitder
1013 4199 1737 4273 Umclmthm.d.c.t.s.ds.&.p.t.e.R.

68 4275 160 4328 dmm
173 4315 179 4330 .
193 4277 205 4326 1
219 4315 226 4328 .
239 4277 272 4328 X.
309 4278 365 4328 Das
383 4275 552 4343 Mmgramm
568 4275 627 4342 retgr
642 4274 680 4324 die
696 4272 836 4342 algemeim
858 4273 1013 4338 Grmrdsorm
1031 4287 1079 4322 von
1097 4271 1145 4323 Nr.
1163 4274 1189 4322 2.

820 4557 887 4635 Nr.
917 4561 980 4634 23.

261 4692 432 4763 Paschalz's
449 4694 493 4758 II
504 4691 655 4777 destringi
667 4691 742 4757 dem
759 4689 890 4757 Kloster
903 4689 1028 4758 Lr‘lrons
1044 4692 1103 4772 (D.
1122 4693 1248 4777 Noyon)
1265 4697 1412 4762 mehrere
1431 4696 1539 4762 Grtter.

650 4829 733 4892 1100
748 4826 924 4892 December
936 4829 965 4891 1.
997 4827 1147 4892 Lateran.

219 4965 386 5029 Paschalis
403 4961 433 5048 b)
457 4965 641 5048 episcopus,
670 4985 782 5028 servus
810 4983 978 5026 servorum
1012 4963 1075 5040 dei,
1106 4963 1232 5028 dilectis
1262 4964 1352 5042 filiis,
1383 4966 1587 5031 Lehunensis
1610 4969 1740 5032 cenobii

73 5055 241 5131 monachis,
265 5055 403 5119 salutem
426 5064 461 5117 et
483 5053 701 5138 apostolicam
723 5052 1000 5117 benedictionem.
1047 5055 1149 5118 Bonis
1171 5054 1365 5118 secularium
1387 5056 1503 5120 studiis
1525 5077 1593 5120 non
1612 5067 1741 5121 tantum

74 5141 180 5221 lavere,
214 5144 273 5208 sed
305 5144 347 5207 ad
379 5144 441 5207 hec
473 5164 587 5207 eorum
617 5143 746 5206 animos
776 5143 876 5206 etiam
909 5142 1043 5207 incitare
1075 5143 1242 5222 debemus,
1275 5145 1365 5226 quod
1395 5166 1457 5228 pro
1488 5155 1601 5210 nostro
1629 5147 1741 5210 officio

74 5249 175 5296 eorum
207 5233 303 5298 saluti
339 5233 566 5317 prospicimus.
618 5232 778 5296 indicavit
816 5231 980 5313 siquidem
1012 5233 1108 5297 nobis
1139 5234 1248 5317 Hugo,
1287 5237 1465 5299 canonicus
1495 5236 1740 5318 Peronensis1),

73 5318 236 5400 leiardim,
261 5323 447 5406 religiosam
470 5323 635 5398 seminam,
660 5332 798 5386 matrem
821 5341 923 5398 suam,
947 5323 1126 5386 secundum
1151 5324 1253 5406 ipsius
1266 5324 1471 5389 voluntatem
1487 5325 1632 5389 alodium
1647 5345 1742 5389 suum

75 5419 103 5471 et
124 5413 278 5496 quicquid
301 5413 472 5496 proprium
492 5422 526 5476 et
541 5411 773 5475 hereditarium
789 5411 821 5473 in
836 5409 914 5474 villa
929 5411 1272 5494 Vermendoisviler')
1295 5412 1450 5492 habebat,
1474 5435 1535 5497 pro
1560 5416 1742 5479 animarum

76 5517 192 5566 suarum
230 5501 378 5566 remedio
416 5511 526 5566 vestro
565 5501 764 5566 monasterio
802 5501 995 5580 contulisse;
1042 5522 1141 5585 quarn
1182 5501 1393 5567 collationem
1430 5515 1543 5570 nostra
1572 5505 1743 5588 postulant

222 5699 247 5763 a)
265 5703 291 5746 ut
380 5695 408 5764 b)
427 5694 585 5748 Paschasius.
606 5735 660 5743 ...-
679 5695 715 5765 .1)
737 5691 853 5746 Pe'ronne.
945 5695 971 5764 2)
996 5693 1214 5746 Vermandovr‘llers
1233 5693 1355 5760 (Somme).
1515 5775 1531 5810 ι

1490 5789 1505 5845 3
