4142 6366
1696 315 1758 388 247

81 493 317 562 inviolabiliter
343 513 474 562 manere
499 513 679 561 censemus.
724 491 781 559 Ad
805 493 867 560 hcc
889 492 1067 561 adicientes
1095 491 1275 572 statuimus,
1307 501 1342 560 ut
1365 493 1469 559 nullus
1500 494 1766 578 archiepiscopus

80 588 133 651 vel
168 590 347 672 episcopus
381 596 437 651 aut
468 587 532 650 alia
564 586 708 666 quelibet
739 607 880 669 persona
913 588 1135 651 ecclesiastica
1166 587 1207 649 de
1238 586 1424 648 tenimentis
1448 594 1481 648 et
1504 585 1765 668 possessionibus

83 678 193 740 eidem
219 679 421 741 monasterio
436 677 489 740 vel
514 676 602 740 cellis
618 678 695 750 eius,
720 695 793 739 cum
811 676 991 759 episcopali
1008 679 1076 739 iure
1093 676 1265 751 concessis
1289 684 1344 738 aut
1368 676 1412 738 de
1427 675 1527 749 terris
1552 695 1633 756 quas
1650 672 1765 738 fratres

81 768 185 848 ipsius
209 767 399 830 monasterii
422 769 454 829 in
479 767 679 828 monasterio
702 764 754 827 vel
777 766 864 828 cellis
889 769 957 830 eius
981 767 1119 849 propriis
1142 767 1327 847 sumptibus
1358 763 1569 839 excoluerint,
1600 764 1763 826 decimam

82 857 135 919 vel
161 865 312 937 quartam
343 857 476 936 exigere
499 856 626 917 audeat
672 852 886 919 Prohibemus
917 859 1024 931 etiam,
1056 875 1096 918 ne
1126 857 1198 935 quis
1229 853 1379 917 homines
1410 855 1443 915 in
1475 852 1657 916 tenimentis
1686 853 1765 934 ipsis

82 944 271 1008 habitantes
296 945 624 1008 excommunicationi
641 942 692 1006 vel
714 943 888 1007 interdicto
910 945 1057 1007 subicere
1081 952 1136 1007 aut
1159 943 1294 1006 clericos
1318 943 1503 1006 monasterii
1518 941 1570 1004 vel
1586 942 1764 1003 eorundem

81 1037 340 1098 tenimentorum
369 1035 412 1097 ad
443 1034 596 1096 sinodum
620 1053 739 1096 vocare
772 1043 968 1117 presumant.
1014 1034 1141 1097 Abbati
1175 1052 1307 1114 quoque
1338 1033 1439 1114 ipsius
1472 1031 1659 1094 monasterii
1689 1051 1765 1092 con·

82 1124 243 1206 gregandi
268 1123 421 1186 sinodum
438 1131 505 1184 tam
523 1121 769 1198 monachorum,
786 1143 883 1202 quam
901 1123 1039 1186 aliorum
1052 1122 1252 1196 clericorum,
1269 1123 1324 1201 qui
1338 1123 1369 1183 in
1381 1121 1565 1183 tenimentis
1578 1119 1765 1183 monasterii

82 1213 313 1287 habitaverint,
347 1213 480 1294 plenam
511 1211 698 1274 facultatem
728 1220 760 1274 et
784 1213 951 1275 licenciam
977 1212 1190 1294 indulgemus.
1235 1210 1316 1274 Illud
1341 1217 1450 1273 autem
1482 1209 1588 1272 modis
1613 1208 1765 1271 omnibus

81 1301 280 1378 inhibemus,
302 1321 343 1364 ne
367 1300 476 1380 aliqua
498 1321 640 1383 persona
663 1303 696 1363 in
720 1303 1016 1365 amministracione
1040 1309 1243 1383 preponatur
1265 1298 1387 1375 abbati,
1411 1299 1470 1362 nisi
1493 1299 1582 1361 idem
1603 1296 1707 1361 abbas
1722 1298 1765 1361 de

82 1391 207 1455 talibus
231 1391 400 1454 convictus
423 1389 519 1453 fuerit
547 1390 745 1464 criminibus
775 1409 839 1470 que
870 1393 935 1453 sint
965 1391 1008 1454 de
1038 1410 1174 1453 censura
1203 1409 1369 1452 sacrorum
1404 1407 1565 1451 canonum
1589 1387 1764 1470 punienda.

84 1477 280 1561 Quemlibet
302 1500 382 1543 vero
405 1477 602 1542 monachum
627 1499 688 1562 pro
712 1479 780 1542 aliis
805 1481 1008 1542 monasteriis
1033 1479 1230 1548 ordinandis,
1253 1479 1354 1541 invito
1378 1477 1508 1552 abbate,
1537 1477 1697 1539 removeri
1722 1477 1763 1540 ab

83 1573 161 1654 ipso
192 1571 394 1632 monasterio
425 1567 648 1651 prohibemus.
702 1567 750 1631 Ut
779 1577 887 1632 autem
919 1569 1029 1632 fervor
1063 1570 1249 1632 devotionis
1281 1576 1314 1631 et
1351 1566 1504 1629 desiderii
1541 1568 1588 1629 tui
1627 1565 1765 1647 amplius

83 1659 297 1733 accendatur,
319 1656 432 1721 abbati
456 1659 603 1721 eiusdem
627 1659 822 1735 monasterii,
847 1660 902 1739 qui
926 1659 970 1722 ibi
993 1659 1148 1722 canonice
1164 1657 1260 1722 fuerit
1275 1658 1449 1732 institutus,
1473 1663 1506 1718 11
1521 1653 1765 1718 successoribus

83 1751 156 1812 eius
180 1769 275 1812 usum
299 1750 403 1821 mitre,
427 1745 673 1822 cirothecarum,
696 1748 924 1824 sandaliorum,
952 1748 1059 1810 tunice
1082 1755 1116 1810 et
1143 1747 1317 1810 dalmatice
1350 1754 1383 1809 et
1404 1746 1527 1827 virgam
1557 1743 1765 1827 pastoralem,

84 1847 120 1900 et
151 1837 366 1900 concedimus
386 1835 414 1923 a)
445 1856 538 1898 usum
572 1835 673 1911 anuli,
708 1835 934 1900 nichilominus
964 1837 1179 1919 indulgemus
1225 1838 1269 1899 Et
1299 1843 1335 1898 ut
1367 1843 1444 1918 post
1474 1836 1605 1896 missam
1637 1841 1670 1896 et
1701 1832 1765 1896 alia

84 1927 197 1990 divina
223 1925 330 1989 officia
355 1945 446 1988 more
470 1925 616 2008 episcopi
639 1925 904 1990 benedictionem
930 1926 971 1987 ad
996 1926 1156 2008 populum
1180 1925 1307 2000 faciant,
1331 1927 1378 1988 eis
1401 1924 1533 2006 plenam
1555 1922 1766 1986 concedimus
1855 1957 1862 1974 ·

85 2015 287 2078 facultatem.
332 2014 446 2078 Liceat
469 2033 602 2095 quoque
626 2014 736 2078 abbati
761 2023 794 2076 et
817 2015 969 2078 fratribus
993 2024 1060 2078 tam
1086 2017 1259 2097 prescripti
1275 2013 1471 2089 monasterii,
1495 2033 1593 2094 quam
1610 2011 1765 2075 cellarum

86 2108 169 2180 eius,
201 2104 337 2168 clericos
361 2105 517 2185 cuiusque
542 2103 666 2166 ordinis
695 2123 752 2167 seu
775 2103 897 2186 laycos
926 2124 945 2166 e
977 2103 1089 2168 seculo
1114 2103 1284 2186 fugientes
1314 2102 1436 2165 liberos
1469 2111 1502 2165 et
1524 2100 1701 2177 absolutos,
1734 2101 1765 2163 in

85 2195 227 2257 sanitate
241 2193 294 2256 vel
311 2193 492 2274 egritudine
508 2212 580 2255 cum
599 2193 696 2256 rebus
714 2201 747 2255 11
763 2195 1026 2275 possessionibus
1042 2196 1116 2268 suis,
1140 2193 1181 2255 ad
1199 2192 1443 2256 conversionem
1461 2211 1574 2254 eorum
1590 2191 1765 2265 venientes,

86 2283 157 2346 sine
182 2283 357 2346 cuiuslibet
380 2282 527 2364 episcopi
551 2280 603 2343 vel
625 2282 754 2345 alterius
779 2283 996 2346 ecclesiastice
1019 2303 1161 2366 persone
1184 2283 1444 2345 contradictione
1475 2280 1619 2363 recipere
1643 2288 1676 2342 et
1698 2279 1766 2340 sine

84 2371 222 2436 alicuius
246 2371 398 2434 molestia
421 2373 567 2433 retinere.
613 2371 677 2434 Fas
701 2374 798 2434 etiam
822 2374 863 2434 sit
887 2373 930 2434 de
953 2374 1147 2435 auctoritate
1171 2379 1282 2434 nostra
1304 2369 1455 2433 fratribus
1483 2390 1542 2452 per
1573 2368 1669 2431 cellas
1693 2387 1766 2449 pre·

84 2465 190 2525 taxati
215 2461 413 2536 monasterii,
437 2462 468 2522 in
493 2460 677 2524 civitatibus
700 2461 753 2524 vel
775 2461 844 2524 aliis
867 2460 945 2524 locis
967 2461 1158 2536 constitutis
1181 2460 1458 2541 quandocumque
1474 2459 1515 2521 ad
1533 2457 1640 2520 officia
1657 2457 1765 2519 divina

83 2550 258 2626 voluerint,
281 2552 374 2631 signa
390 2548 530 2631 pulsare.
570 2548 686 2612 Nullus
709 2558 817 2613 autem
842 2548 1108 2633 archiepiscopus
1131 2549 1183 2613 vel
1207 2551 1381 2632 episcopus
1405 2547 1564 2632 populum
1589 2546 1710 2610 domini
1727 2543 1765 2632 b),

84 2643 307 2724 prescriptum
331 2641 564 2701 monasterium
588 2638 640 2702 vel
672 2641 740 2702 eius
768 2639 867 2702 cellas
897 2640 1024 2722 ingredi
1057 2640 1098 2703 ad
1130 2639 1328 2703 audiendum
1353 2636 1489 2701 verbum
1521 2638 1675 2712 divinum,
1705 2637 1766 2698 nisi

84 2751 147 2813 pro
172 2729 336 2793 communi
358 2729 465 2791 tocius
493 2727 630 2791 civitatis
651 2728 703 2792 vel
726 2728 898 2811 parrochie
921 2728 1092 2792 interdicto
1117 2727 1292 2812 prohibere
1315 2735 1512 2810 presumant.
1558 2725 1764 2809 Sepulturam

83 2838 164 2882 sane
188 2827 257 2882 tarn
279 2819 380 2901 ipsius
404 2819 603 2894 monasterii,
629 2838 727 2899 quam
752 2819 896 2881 omnium
922 2817 1130 2881 ecclesiarum
1155 2825 1188 2880 11
1213 2816 1364 2880 cellarum
1387 2837 1516 2879 suarum
1541 2815 1676 2878 liberam
1694 2833 1766 2877 esse

83 2927 268 2983 censemus
291 2915 326 2970 ut
349 2926 462 2968 eorum
487 2907 654 2969 devotioni
679 2915 712 2971 et
736 2915 884 2970 extreme
906 2907 1111 2989 volumptati,
1137 2909 1191 2988 qui
1215 2927 1251 2969 se
1267 2907 1331 2969 illic
1347 2904 1489 2989 sepelliri
1505 2904 1764 2978 deliberaverint,

83 2999 145 3060 nisi
164 2996 439 3061 excommunicati
455 2995 507 3058 vel
525 2997 686 3059 interdicti
701 2998 774 3070 sint,
792 2996 898 3060 nullus
916 2997 1055 3060 obsistat
1078 3017 1138 3060 nec
1154 2996 1249 3059 alicui
1266 2993 1516 3076 archiepiscopo
1532 2994 1584 3057 vel
1605 2995 1764 3077 episcopo

82 3086 190 3161 liceat,
215 3084 396 3166 quemlibet
417 3086 449 3146 in
473 3087 673 3148 monasterio
698 3087 771 3167 ipso
788 3085 839 3148 vel
862 3085 951 3148 cellis
975 3089 1044 3148 eius
1064 3085 1207 3169 sepelliri
1223 3084 1459 3147 deliberantem
1477 3085 1764 3146 excommunicare

81 3176 135 3238 vel
166 3177 359 3239 interdicere
388 3181 446 3237 aut
475 3175 690 3256 penitenciam
721 3195 778 3238 seu
808 3177 962 3238 viaticum
991 3176 1156 3258 denegare
1188 3175 1245 3237 nisi
1276 3173 1321 3237 ob
1355 3173 1561 3237 manifestam
1593 3175 1763 3236 rationem.

82 3263 120 3328 Si
145 3286 225 3329 vero
249 3263 354 3328 abbas
378 3264 422 3326 de
443 3261 553 3345 aliquo
577 3263 673 3327 fuerit
695 3273 865 3327 accusatus
888 3263 941 3328 vel
966 3266 1152 3346 impeditus
1184 3285 1258 3327 cum
1290 3283 1422 3326 assensu
1454 3271 1512 3325 tuo
1543 3270 1577 3325 et
1605 3261 1763 3325 heredum

79 3363 216 3418 tuorum
241 3375 260 3417 a
282 3355 431 3436 personis
455 3352 692 3431 ecclesiasticis,
717 3354 855 3434 ydoneis
873 3362 906 3416 et
930 3355 1078 3417 discretis
1103 3353 1249 3416 eiusdem
1267 3353 1365 3435 regni,
1391 3372 1488 3415 causa
1514 3354 1582 3414 eius
1598 3358 1763 3424 tractetur,

79 3443 275 3508 discutiatur
298 3450 331 3505 11
353 3443 552 3505 terminetur.
597 3444 749 3506 Preterea
770 3442 953 3525 apostolica
977 3443 1168 3506 auctoritate
1196 3443 1366 3516 sancimus,
1398 3449 1433 3503 ut
1463 3440 1566 3504 1111113
1598 3440 1762 3521 archiepi-

78 3553 206 3617 scopus
217 3532 269 3595 vel
285 3533 459 3614 episcopus
469 3541 525 3594 aut
540 3531 602 3594 alia
618 3552 758 3614 persona
774 3532 855 3596 infra
871 3532 1044 3596 claustrum
1061 3533 1249 3595 monasterii
1266 3533 1336 3593 sine
1352 3530 1486 3593 licencia
1500 3538 1534 3593 11
1544 3529 1750 3613 volumptate

78 3623 213 3688 abbatis
234 3620 287 3684 vel
309 3629 487 3684 conventus
510 3623 629 3683 intrare
653 3622 780 3696 audeat,
812 3630 868 3683 aut
899 3625 930 3683 in
960 3622 1077 3684 eodem
1106 3621 1304 3683 monasterio
1327 3619 1379 3683 vel
1410 3619 1554 3682 ecclesiis
1584 3621 1649 3682 suis
1679 3622 1751 3682 sine

78 3713 182 3795 ipsius
206 3711 335 3774 abbatis
358 3719 392 3772 11
415 3720 595 3774 conventus
619 3717 652 3772 et
675 3709 873 3791 prelatorum
898 3710 1073 3772 earundem
1098 3709 1305 3772 ecclesiarum
1336 3709 1473 3771 licencia
1505 3709 1626 3772 divina·
1643 3707 1751 3771 officia

78 3801 258 3865 celebrare.
304 3798 537 3863 Nichilominus
569 3801 665 3862 etiam
701 3799 814 3862 abbati
844 3801 1008 3881 pretaxati
1039 3801 1228 3861 monasterii
1259 3797 1481 3880 indulgemus,
1521 3805 1556 3860 ut
1587 3799 1683 3860 111111
1713 3799 1751 3874 11,

6 3967 7 3970 ¹
79 3892 318 3956 monasterium
342 3897 375 3951 11
398 3887 549 3952 ecclesias
573 3909 647 3952 suas
670 3890 826 3951 canonice
851 3889 1010 3951 ordinare.
1057 3887 1191 3970 Insuper
1214 3897 1322 3950 autem
1354 3886 1403 3948 fas
1434 3889 1476 3948 sit
1500 3888 1606 3950 eidem
1630 3886 1752 3962 abbati,

79 4000 199 4044 omnes
222 3979 357 4042 clericos
381 3985 415 4040 11
437 3977 550 4060 laycos
573 3997 651 4041 suos
675 3979 829 4059 cuiusque
857 3979 980 4040 ordinis
1003 3976 1055 4040 vel
1077 3997 1176 4040 sexus
1207 3979 1249 4038 ad
1280 3976 1519 4039 confessionem
1551 3978 1697 4058 recipere
1721 3985 1754 4038 et

79 4071 123 4134 de
148 4068 410 4149 quibuscumque
434 4066 622 4130 criminibus
646 4067 697 4129 vel
720 4067 824 4129 causis
847 4067 889 4128 ad
911 4065 1161 4130 ecclesiasticum
1180 4067 1334 4129 iudicium
1351 4066 1588 4147 pertinentibus
1603 4066 1753 4130 iudicare.

79 4160 240 4223 Liberum
265 4175 397 4240 quoque
420 4159 462 4218 sit
477 4158 627 4238 predicto
644 4155 754 4219 abbati
770 4163 803 4218 et
819 4154 970 4218 fratribus
986 4159 1060 4232 suis,
1084 4158 1115 4218 in
1132 4155 1392 4236 quibuscumque
1406 4155 1487 4217 locis
1504 4156 1754 4218 tenimentorum

80 4268 218 4312 suorum
245 4249 288 4310 ad
321 4265 414 4308 usum
444 4265 537 4308 suum
569 4255 602 4308 et
633 4243 800 4308 hominum
834 4248 1087 4308 tenimentorum
1111 4247 1257 4327 ipsorum
1282 4245 1424 4306 oratoria
1448 4252 1644 4308 construere.
1690 4245 1756 4307 De·

81 4341 248 4402 cernimus
271 4356 358 4418 erg0,
390 4344 427 4398 ut
449 4334 524 4398 nulli
549 4337 682 4398 omnino
705 4334 875 4397 hominurn
907 4335 1011 4411 liceat,
1042 4336 1258 4418 prescriptum
1284 4335 1514 4395 monasterium
1538 4341 1662 4397 temere
1685 4354 1756 4418 per·

81 4427 218 4490 turbare
239 4434 294 4488 aut
317 4427 346 4488 ei
365 4422 393 4510 ο)
420 4424 594 4506 dignitates
618 4432 651 4486 et
674 4423 850 4499 libertates,
873 4424 934 4486 sibi
957 4424 1106 4502 indultas,
1129 4421 1320 4486 subtrahere
1336 4421 1387 4485 vel
1410 4424 1554 4485 minuere
1575 4423 1627 4486 vel
1644 4425 1710 4487 eius
1731 4421 1758 4509 ο)

6 4553 7 4556 =
82 4519 311 4600 possessiones
345 4512 472 4576 auferre
504 4521 560 4576 aut
583 4513 707 4576 ablatas
731 4515 871 4576 retinere
889 4511 917 4598 d)
947 4534 1003 4577 scu
1029 4513 1188 4594 aliquibus
1213 4512 1370 4575 molestiis
1401 4510 1542 4594 fatigare,
1566 4514 1624 4576 sed
1650 4515 1758 4576 omnia

82 4606 211 4670 illibata
235 4612 269 4666 et
293 4606 419 4686 integra
442 4611 674 4666 conserventur
698 4623 820 4677 eorum,
843 4623 904 4685 pro
929 4622 1066 4682 quorum
1092 4603 1335 4686 gubernacione
1358 4621 1397 4663 ac
1419 4605 1661 4666 sustentacione
1685 4624 1759 4666 cou-

83 4715 177 4758 cessa
200 4702 284 4767 sunt,
308 4690 419 4755 usibus
443 4691 642 4755 omnimodis
665 4693 842 4774 profutura.
880 4693 917 4755 ln
935 4693 1083 4774 predicto
1101 4699 1210 4755 autem
1228 4691 1427 4753 monasterio
1444 4691 1540 4753 nobis
1556 4712 1594 4756 ac
1610 4693 1760 4756 Romane

6 4781 8 4808 ³
84 4784 225 4848 ecclesie
258 4801 468 4855 reservamus,
500 4789 534 4843 ut
566 4781 670 4845 abbas
701 4791 734 4845 et
765 4781 880 4844 fratres
911 4782 1012 4864 ipsius
1045 4781 1231 4844 monasterii
1264 4799 1395 4842 censum
1420 4789 1549 4843 centum
1573 4792 1759 4847 tarenorum

6 4949 7 4952 Ἴ
84 4873 194 4938 Sicilie
215 4870 237 4957 ¹)
261 4871 355 4934 nobis
378 4871 562 4951 nostrisque
585 4871 828 4935 successoribus
851 4870 1016 4934 annuatim
1040 4869 1235 4953 persolvant.
1281 4869 1407 4949 Siqua
1437 4869 1533 4952 igitur
1563 4875 1594 4936 in
1618 4870 1760 4935 futurum

6 4973 7 4976 ’
84 4962 305 5028 ecclesiastica
329 5009 336 5022 .
361 5012 368 5025 .
394 5007 400 5022 .
428 5009 435 5022 .
460 4959 592 5024 Cunctis
616 4969 724 5025 autem
748 5009 754 5022 .
779 5008 785 5021 .
813 4961 1014 5024 .inveniant.
1059 4961 1178 5024 Amen.
1201 4958 1319 5022 Amen.

299 5051 353 5129 (R)
377 5048 456 5132 Ego
482 5049 673 5113 Alexander
696 5049 857 5112 catholice
880 5049 1018 5113 ecclesie
1041 5050 1217 5133 episcopus
1239 5068 1280 5111 ss.
1303 5045 1366 5132 (M)

299 5142 320 5220 †
343 5139 416 5222 Ego
440 5137 616 5203 Hubaldus
639 5137 822 5202 Hostiensis
846 5139 1021 5221 episcopus
1044 5159 1084 5202 ss

299 5231 320 5309 †
344 5229 417 5311 Ego
441 5228 623 5296 Bernardus
646 5229 830 5292 Portucnsis
854 5236 888 5291 et
910 5237 1023 5292 sancte
1045 5227 1162 5292 Rufine
1184 5229 1361 5311 episcopus
1385 5245 1427 5290 ss.

247 5427 273 5486 a)
293 5423 464 5488 quotidianum
482 5425 531 5473 Dle
558 5423 664 5486 Gircdr'ce,
684 5423 862 5474 concediamus
881 5423 938 5476 MS.
1022 5425 1049 5490 b)
1069 5423 1172 5473 domino
1274 5427 1298 5487 1)
1319 5429 1360 5472 aut
1381 5423 1434 5472 eius
1459 5422 1633 5488 possessiones
1658 5422 1765 5485 auferre,

86 5497 198 5546 minuere
218 5509 263 5545 sen
282 5495 432 5560 quibuslibet
450 5495 621 5546 vexationibus
640 5495 746 5561 fatigare
765 5497 889 5546 anthane
907 5497 1025 5562 paginam
1044 5503 1146 5546 nostrae
1164 5495 1344 5545 constitutionis
1363 5494 1499 5560 infringere
1516 5501 1557 5544 ant
1576 5496 1599 5543 ei
1615 5495 1768 5560 aliquatenus

90 5569 222 5618 contraire.
261 5566 288 5618 Si
307 5568 361 5633 qnis
380 5573 463 5616 autem
482 5567 532 5616 hoc
551 5573 673 5616 attentare
691 5569 876 5634 presumpserit,
895 5569 1091 5634 indignationem
1109 5567 1286 5632 omnipotentis
1311 5567 1352 5615 dei
1371 5574 1395 5615 et
1414 5566 1542 5616 1111101111
1561 5567 1629 5616 Petri
1648 5573 1672 5616 et
1690 5567 1767 5627 Pauli,

88 5639 679 5706 1101101οω111110111111101111111111.
711 5641 764 5690 Del
777 5641 876 5690 Giudice
939 5641 966 5706 d)
979 5640 1116 5691 habundus.
1136 5677 1173 5685 -
1207 5644 1243 5703 ,1)
1266 5640 1385 5698 Tamus,
1409 5640 1484 5688 toris:
1499 5647 1593 5689 mmta
1610 5655 1686 5689 merea
1703 5639 1772 5705 apud

87 5713 180 5778 Apulos
197 5719 221 5760 rr
238 5711 338 5761 Siculos.
379 5711 497 5761 Tannus
512 5713 630 5776 ponderat
644 5727 728 5776 grana
746 5717 789 5763 ⁸10.
825 5713 871 5762 Du
892 5713 979 5780 Cangc,
1002 5713 1079 5762 Gloss.
1102 5711 1141 5760 VI
1150 5718 1176 5776 p.
1194 5713 1253 5766 ⁶08.
