4090 6358
813 518 881 595 Nr.
912 523 972 596 75.

63 671 173 754 Eugen
190 670 256 738 III
265 669 351 754 fallt
370 690 411 734 zu
430 668 573 736 Gunsten
595 669 657 733 der
671 667 861 734 Kanom'ker
881 693 942 735 von
964 670 1071 736 Santa
1085 671 1203 737 Maria
1218 673 1390 758 Maggiore
1412 675 1451 739 di
1474 674 1611 740 Vercelli
1624 696 1731 758 gegen

497 759 553 824 die
574 759 839 824 Domkanoniker
858 759 928 825 eine
953 761 1293 846 Galterentsclteidung.

662 913 663 916 =
718 879 803 939 1146
818 877 894 941 Mai
907 879 938 941 5.
969 876 1071 941 Satri.

216 993 599 1076 Eugeniusepiscopus,
630 1014 740 1058 servus
763 1015 930 1058 servorum
955 994 1016 1071 dei,
1050 994 1177 1058 dilectis
1200 995 1281 1072 filiis,
1314 998 1479 1060 canonicis
1507 998 1605 1086 beate
1629 999 1732 1086 Marie

62 1083 274 1147 vercellensis
296 1082 442 1171 ecclesie,
472 1083 610 1146 salutem
643 1093 676 1147 et
702 1085 707 1168 l
735 1083 953 1166 apostolicam
984 1084 1259 1148 benedictionem.
1310 1088 1372 1149 Pro
1406 1089 1635 1163 controversia,
1668 1109 1731 1175 que

62 1175 141 1236 inter
168 1193 230 1238 vos
262 1183 295 1237 et
326 1173 505 1236 canonicos
537 1173 640 1235 sancti
668 1174 803 1236 Eusebii
833 1195 932 1256 super
964 1183 1080 1255 quarta
1108 1185 1202 1255 parte
1233 1174 1368 1238 districti
1389 1171 1394 1261 Ι
1416 1175 1581 1265 Carisiane
1612 1178 1732 1244 diutius

62 1263 180 1345 agitata
204 1271 263 1338 est,
295 1283 356 1326 vos
380 1272 413 1326 et
436 1262 490 1339 illi,
519 1261 648 1343 prefixo
672 1257 789 1349 [vlobis
812 1264 962 1340 termin0,
994 1264 1026 1325 in
1050 1272 1162 1326 nostra
1185 1265 1349 1346 presentia
1381 1268 1578 1330 convenistis
1601 1277 1634 1330 et
1657 1288 1731 1329 cum

61 1353 241 1438 patrocinio
266 1353 502 1415 advocatorum
525 1353 692 1433 utriusque
714 1353 817 1434 partis
840 1354 873 1415 in
889 1363 1001 1416 nostra
1016 1361 1050 1415 et
1066 1353 1199 1416 fratrum
1215 1361 1401 1417 nostrorum
1417 1357 1584 1419 audientia
1599 1377 1731 1419 causam

61 1443 162 1528 ipsam
178 1443 387 1524 exposuistis.
424 1441 614 1523 Prepositus
628 1462 705 1505 vero
722 1443 824 1504 sancti
841 1442 974 1506 Eusebii
991 1448 1024 1504 et
1041 1442 1175 1524 quidam
1192 1443 1306 1506 iratres
1321 1445 1379 1520 sui,
1403 1445 1563 1526 prefatam
1582 1458 1732 1528 quartam

61 1539 183 1614 partem
208 1531 251 1594 ad
275 1532 324 1594 ius
347 1532 553 1616 prepositure
576 1551 633 1619 sue
655 1532 818 1612 pertinere
842 1541 1030 1607 asserentes,
1055 1532 1267 1614 allegationes
1283 1553 1358 1596 suas
1374 1536 1581 1615 quomndam
1600 1537 1732 1600 testium

62 1622 236 1684 assertione
265 1620 463 1703 probabant
517 1621 589 1684 Vos
617 1632 727 1684 autem
750 1631 900 1698 econtra,
932 1622 966 1685 id
989 1622 1120 1703 penitus
1151 1623 1360 1703 denegantes
1394 1625 1556 1704 quosdam
1586 1627 1733 1689 similiter

62 1720 164 1786 testes,
200 1712 255 1793 qui
279 1711 452 1799 ecclesiam
474 1722 614 1774 vestram
647 1711 830 1774 districtum
860 1712 1008 1797 predicte
1038 1722 1151 1797 quarte
1182 1712 1283 1793 partis
1307 1733 1366 1794 per
1387 1726 1463 1775 xxx
1485 1733 1590 1777 annos
1623 1716 1732 1797 quiete

62 1798 210 1863 habuisse
233 1801 432 1882 probabant,
458 1801 490 1863 in
514 1801 658 1863 medium
682 1795 896 1886 protulist[is].
942 1798 999 1863 Ad
1025 1801 1168 1863 dandam
1192 1822 1325 1882 quoque
1345 1803 1578 1868 assertionibus
1591 1799 1732 1891 v[estri]s

61 1891 275 1954 constantiam
291 1890 559 1972 predecessorem
575 1898 731 1965 nostrum,
749 1890 850 1952 felicis
866 1892 1024 1976 memorie
1039 1911 1126 1972 pape
1142 1891 1323 1954 Innocentii
1342 1889 1381 1972 α),
1399 1889 1565 1977 ea(n)dem
1582 1905 1731 1975 quartam

62 1989 185 2061 partem
217 2001 278 2062 per
308 1980 525 2042 deffinitivam
555 1981 752 2042 sententiam
781 1979 878 2042 vobis
910 1980 1130 2043 adiudicatam
1167 2001 1237 2043 esse
1269 1981 1406 2055 dixistis,
1438 1992 1472 2045 et
1502 1984 1545 2044 ad
1576 1984 1732 2047 maiorem

63 2071 284 2132 auctoritatem
301 2069 507 2151 privilegium
524 2069 670 2132 eiusdem
686 2069 926 2152 predecessoris
941 2069 1043 2132 nostri
1061 2067 1095 2152 ¹),
1121 2089 1186 2151 quo
1202 2069 1298 2132 vobis
1314 2067 1566 2158 confirma[tum]
1582 2072 1678 2136 fuerit
1695 2073 1732 2154 b),

63 2159 152 2221 nobis
176 2159 376 2222 ostendistis.
422 2159 494 2221 Nos
518 2159 629 2240 itaque
659 2179 719 2240 per
750 2159 912 2240 quosdam
937 2159 1051 2222 fratres
1075 2169 1212 2235 nostros,
1245 2161 1300 2241 qui
1331 2161 1439 2223 eidem
1469 2163 1604 2244 negotio
1637 2164 1732 2225 inter-

63 2248 191 2324 fuerant,
225 2258 258 2311 et
281 2269 324 2310 ex
354 2247 482 2330 prefato
512 2248 683 2330 privilegio
714 2249 759 2310 rei
782 2249 954 2311 veritatem
984 2249 1112 2332 plenius
1144 2259 1390 2330 cognoscentes,
1423 2261 1575 2332 quartam
1605 2263 1733 2333 partem

64 2337 193 2401 districti
210 2337 339 2424 prefate
355 2338 452 2400 curtis
468 2358 527 2419 per
549 2336 756 2400 diffinitivam
771 2339 969 2401 sententiam
984 2339 1080 2401 vobis
1097 2349 1130 2400 et
1145 2338 1282 2424 ecclesie
1294 2347 1401 2427 vestre
1417 2341 1676 2404 adiudicavimus
1695 2345 1731 2420 c),

64 2437 93 2489 et
113 2428 280 2491 canonicis
303 2428 391 2492 beati
415 2427 550 2490 Eusebii
573 2436 769 2509 perpetuum
792 2448 891 2509 super
913 2428 977 2491 hoc
1000 2427 1164 2490 silentium
1196 2429 1419 2509 imposuimus.
1467 2429 1500 2494 Si
1531 2432 1603 2512 quis
1627 2432 1732 2513 igitur,

65 2515 150 2578 huius
174 2512 312 2604 [nostlre
336 2516 541 2579 diffinitionis
565 2527 598 2580 et
620 2511 903 2602 confirmlatilonis
926 2518 1082 2598 paginam
1106 2517 1220 2594 sciens,
1245 2528 1359 2580 contra
1382 2539 1455 2581 earn
1478 2530 1601 2583 temere
1623 2522 1733 2584 venire

65 2609 300 2688 presumpserit,
329 2606 476 2670 secundo
500 2607 639 2669 tertiove
662 2607 890 2683 commonitus,
922 2607 949 2670 si
973 2627 1039 2669 non
1063 2617 1189 2669 reatum
1219 2627 1312 2670 suum
1343 2628 1488 2689 congrua
1511 2610 1733 2674 satisfactione

67 2695 243 2772 correxerit,
268 2695 529 2778 indignationem
546 2697 784 2778 omnipotentis
808 2689 860 2758 dei
885 2707 917 2758 et
940 2696 1114 2759 beatorum
1129 2697 1214 2759 Petri
1232 2706 1265 2759 et
1279 2697 1346 2759 Pau
1362 2696 1392 2772 li,
1410 2699 1637 2778 apostolorum
1657 2700 1733 2776 eius,

66 2785 198 2848 incurrat
214 2795 315 2866 atque
331 2787 364 2848 in
380 2795 527 2849 extremo
545 2786 696 2850 examine
714 2785 858 2873 districte
874 2785 989 2849 ultioni
1010 2785 1187 2849 subiaceat.
1204 2821 1247 2831 —
1262 2787 1340 2850 Dat.
1357 2786 1464 2863 Sutrii,
1488 2803 1527 2851 111
1542 2789 1629 2852 Non.
1647 2790 1735 2853 Maii.

220 2899 264 2949 Or.
284 2899 317 2948 im
335 2899 449 2949 Archivio
470 2899 603 2964 Capitolare
620 2917 650 2948 su
673 2899 778 2950 Vercelli.
1204 2946 1209 2959 ,

219 2971 290 3039 Perg.
309 2972 370 3030 dal,
394 2971 431 3021 br.
449 2973 501 3031 0,2‚
526 2974 587 3038 lang
604 2974 690 3034 0255,
714 2979 789 3021 mrtm
807 2973 888 3031 O‚028
912 2972 1107 3038 umgcschlagen,
1132 2971 1210 3020 durch
1232 2971 1290 3020 rwei
1305 2972 1399 3022 Licher
1417 2974 1476 3040 geht
1499 2973 1537 3024 dri
1557 2975 1623 3040 gelde
1641 2975 1736 3026 Seiden-

66 3044 154 3104 sclam,
172 3061 260 3094 moran
277 3043 322 3094 das
340 3041 465 3108 Bleiu'egel
478 3042 557 3092 ΝΜ
575 3043 659 3109 biugi.
695 3043 805 3109 Faltung
820 3044 864 3092 dtr
879 3044 981 3093 Brcvm.
1025 3044 1126 3092 Weirleu
1159 3044 1378 3109 eBreveruchrift,
1397 3063 1448 3095 nur
1463 3047 1491 3096 in
1508 3047 1658 3098 vereimeltm
1681 3049 1736 3098 Ver-

66 3116 194 3183 lr'ndmrgm
210 3131 260 3165 von
279 3122 303 3166 ct
321 3116 377 3164 und
391 3121 414 3164 sl
432 3115 615 3180 Brdlenscknfl.
651 3115 708 3164 Das
725 3115 742 3165 S
760 3131 808 3164 von
825 3115 852 3165 si
870 3116 925 3180 quis
943 3115 1093 3180 domuisset,
1131 3114 1180 3164 Die
1201 3115 1260 3166 Urk.
1280 3117 1312 3166 ist
1327 3133 1375 3166 vm
1393 3119 1522 3168 demselbm
1539 3119 1663 3170 Schreibcr
1678 3136 1735 3171 arrr-

64 3187 154 3256 grfirln
169 3188 216 3239 wie
232 3187 270 3238 dic
287 3204 342 3239 noni
360 3189 392 3238 17
410 3187 485 3252 April
500 3189 569 3236 1146
579 3187 633 3252 fiir
649 3187 687 3236 die
703 3186 900 3238 Domkanoniker
916 3202 965 3240 von
988 3187 1092 3238 Vercelli.
1122 3187 1171 3238 Dic
1188 3187 1318 3255 Datimng
1333 3190 1364 3238 ist
1377 3191 1455 3255 gleiclr
1473 3191 1630 3257 mitgemaclt.

815 3497 883 3575 Nr.
915 3503 976 3574 76.

18 3673 20 3736 5
69 3633 177 3721 Eugen
192 3635 260 3701 III
275 3633 522 3719 bestetgtdem
544 3633 759 3716 Erzbiscltofe
782 3631 1094 3809 ῖῖἕέίῖννὲιέἇένῦᾖεα
1116 3632 1203 3700 sez'ne
1218 3635 1462 3719 Metropolitan-
1485 3637 1558 3702 und
1576 3635 1737 3724 sonstigen

687 3861 772 3923 1146
786 3858 863 3922 Mai
875 3860 929 3921 29.
985 3856 1120 3922 Viterbo.

18 4063 19 4068 ,
219 3996 387 4079 Eugenius
411 3997 596 4080 episcopus,
620 4016 731 4058 servus
754 4013 920 4058 servorum
946 3993 1007 4070 dei,
1031 3994 1209 4058 venerabili
1226 3995 1314 4058 fratri
1330 3995 1471 4070 Villano,
1496 3994 1615 4058 Pisano
1635 3993 1736 4058 archi·

18 4073 20 4138 l
71 4084 237 4167 episcope,
278 4087 412 4168 eiusque
443 4085 685 4150 successoribus
715 4085 874 4147 canonice
905 4084 1141 4166 promovendis
1171 4098 1209 4146 ΙΝ
1239 4097 1317 4148 ΡΡΜ.
1339 4119 1384 4132 -
1403 4081 1409 4170 Ι
1429 4086 1523 4148 Tunc
1554 4084 1737 4167 apostolice

18 4249 19 4266 .
71 4173 132 4235 sedi
155 4186 188 4238 et
203 4177 363 4240 Romanis
385 4175 599 4259 pontificibus
621 4175 730 4238 honor
752 4174 877 4255 integre
893 4183 1109 4250 conservatur,
1133 4173 1160 4235 si
1181 4175 1354 4255 unicuique
1370 4174 1505 4261 ecclesie
1520 4175 1737 4256 suadignitas

18 4275 19 4336 ἕ
72 4265 251 4328 custoditur.
297 4267 449 4353 Romane
472 4265 635 4348 siquidem
658 4263 795 4351 ecclesie
818 4273 975 4326 consueta
997 4263 1183 4344 benignitas
1207 4273 1240 4327 et
1262 4265 1402 4327 discreta
1432 4263 1606 4340 humilitas,
1627 4262 1633 4349 Ι
1654 4284 1738 4345 quos

18 4337 20 4410 l
73 4351 201 4416 devotos
233 4364 267 4416 et
299 4365 487 4419 mansuetos
518 4355 602 4417 filios
632 4353 761 4436 reperit,
795 4352 877 4416 alios
902 4351 1115 4434 dignitatibus
1139 4361 1172 4415 et
1195 4353 1375 4417 honoribus
1405 4353 1467 4418 sibi
1496 4353 1635 4435 amplius
1661 4353 1739 4416 facit

18 4449 19 4500 ἒ
72 4439 237 4520 obnoxios,
262 4441 344 4507 alios
368 4443 593 4507 familiaritatis
617 4453 651 4506 et
675 4443 858 4506 dilectionis
881 4443 1090 4524 prerogativa
1113 4442 1276 4506 sublimat
1321 4441 1451 4524 Equum
1475 4443 1561 4505 enim
1586 4451 1619 4506 et
1641 4442 1737 4505 ratio·

18 4565 20 4618 ᾗ
73 4531 170 4596 nabile
194 4543 253 4611 est,
278 4543 321 4609 ut,
347 4554 486 4614 quorum
509 4532 670 4596 beneficia
694 4541 727 4596 et
750 4531 910 4613 obsequia
932 4552 968 4594 se
991 4532 1107 4595 recolit
1129 4533 1318 4614 suscepisse,
1343 4552 1454 4596 eorum
1478 4532 1647 4596 devotioni
1671 4551 1737 4594 non

75 4639 216 4686 mensura
238 4623 310 4705 pari
334 4642 395 4685 nec
419 4623 601 4704 quantitate
625 4621 741 4704 equali,
766 4631 816 4684 set
839 4641 882 4684 ex
904 4621 1125 4684 habundantis
1140 4623 1243 4708 gratie
1258 4621 1481 4685 benivolentia
1496 4621 1611 4685 libenti
1627 4621 1737 4683 animo

18 4709 20 4776 ἶ
75 4711 195 4776 studeat
217 4712 426 4794 respondere.
471 4711 688 4790 Psedecessor
710 4711 872 4792 siquidem
895 4717 1014 4786 noster,
1039 4710 1142 4774 felicis
1165 4711 1322 4774 memorie
1344 4732 1434 4794 papa
1449 4712 1692 4774 INNOCENTIUS
1705 4708 1737 4791 ⁸),

18 4815 19 4868 ζ
76 4797 112 4862 de
126 4801 289 4866 discordia
304 4810 338 4865 et
351 4821 476 4883 guerra,
501 4822 564 4883 que
580 4801 665 4864 inter
679 4800 831 4864 Pisanam
855 4810 888 4863 et
903 4801 1096 4863 Ianuensem
1120 4800 1267 4864 civitates
1291 4802 1409 4878 extitit,
1434 4800 1552 4864 multas
1566 4798 1738 4864 hominum

18 4881 20 4966 l
77 4887 174 4955 clades
197 4902 231 4954 et
254 4888 503 4956 christianorum
526 4891 733 4972 captivitates
756 4889 941 4953 innumeras
970 4890 1159 4972 provenisse
1189 4889 1409 4967 considerans,
1440 4891 1606 4972 utriusque
1636 4891 1739 4972 partis

77 4979 168 5056 saluti,
191 4991 261 5044 tam
284 4980 516 5062 temporaliter,
542 5000 641 5062 quam
663 4979 880 5061 spiritualiter,
903 4989 1041 5062 patema
1064 4980 1283 5044 sollicitudine
1305 4981 1430 5045 studuit
1450 4980 1623 5062 providere
1639 4989 1739 5062 atque

18 5063 20 5156 ξ
77 5086 129 5147 pro
150 5070 241 5135 bono
264 5071 357 5152 pacis
380 5080 414 5133 et
436 5069 742 5151 recompensatione
759 5070 1017 5151 episcopatuum,
1043 5090 1125 5152 quos
1146 5071 1259 5151 utique
1273 5091 1293 5133 a
1308 5070 1594 5153 predecessoribus
1610 5070 1738 5146 nostris,

18 5159 19 5182 ³
77 5157 224 5223 Romanis
246 5159 469 5242 pontificibus,
500 5158 636 5246 ecclesie
659 5159 775 5246 Pisane
800 5179 983 5235 concessos,
1014 5160 1047 5223 in
1071 5159 1175 5223 insula
1199 5160 1330 5247 Corsice
1363 5182 1383 5223 a
1405 5161 1639 5243 predecessore
1671 5168 1737 5234 tuo,

18 5297 20 5324 ,
78 5244 156 5334 boue
185 5250 343 5335 memorie
373 5248 471 5333 fratre
502 5258 623 5324 nostro,
655 5246 904 5330 archiepiscopo
932 5249 1061 5313 Uberto
1077 5249 1116 5325 ⁴),
1148 5251 1276 5331 accepit
1306 5251 1339 5312 in
1363 5249 1554 5314 Galluriensi
1587 5249 1738 5321 iudicatu,

18 5331 20 5374 l
79 5335 152 5400 duos
166 5340 385 5421 episcopatus,
402 5338 671 5403 Galtellinensem
686 5337 840 5401 videlicet
854 5348 888 5400 et
903 5337 1145 5416 Civitatensem,
1162 5349 1195 5403 et
1209 5339 1485 5421 Populoniensem
1501 5340 1739 5421 episcopatum,

226 5537 252 5599 a)
272 5551 365 5601 papam
383 5533 556 5585 Innocentium
579 5532 647 5582 wird
660 5548 691 5581 m
707 5533 770 5582 lesen
785 5531 836 5594 sein
914 5533 941 5598 b)
960 5533 994 5582 im
1015 5533 1155 5601 ikomgirt
1231 5535 1256 5600 c)
1275 5551 1302 5585 m
1325 5535 1378 5600 aus
1393 5536 1484 5583 Ram.
1504 5572 1556 5578 .-
1575 5535 1610 5600 .1)
1633 5530 1742 5582 Gemer'nt

79 5598 105 5648 ist
118 5602 152 5652 die
171 5604 230 5655 Urk.
258 5607 374 5657 Imroccns
398 5605 585 5664 1135-1143,
611 5605 684 5653 deren
705 5603 820 5670 On'gr'nal
833 5603 952 5654 vr'elleicht
968 5605 1004 5654 bei
1020 5605 1096 5654 dieser
1117 5606 1263 5674 Gelegmher't
1278 5609 1387 5657 verloren
1400 5621 1532 5672 gcgmrgm.
1611 5606 1637 5668 2)
1662 5605 1739 5670 Vergl.

80 5670 111 5720 die
130 5673 185 5726 Urk.
204 5693 259 5728 vom
277 5679 311 5728 31
331 5677 388 5728 Mai
405 5681 474 5728 1167
492 5677 549 5726 mad
566 5677 595 5728 0.
613 5677 718 5743 Longer,
739 5675 862 5726 Politiscloe
883 5675 1017 5726 Geschirhte
1037 5677 1107 5728 fleas
1123 5681 1179 5728 mad
1197 5679 1294 5729 Genuos
1312 5679 1339 5730 S.
1359 5680 1402 5739 36,
1422 5680 1486 5728 37.'
1555 5677 1582 5744 3)
1605 5675 1665 5726 Urk.
1685 5691 1741 5730 vom

80 5743 108 5792 22
124 5747 194 5811 April
207 5751 285 5804 1138.
356 5753 385 5818 4)
402 5749 507 5811 Hubert,
527 5747 672 5813 Enbisrkos
685 5763 733 5797 von
753 5747 819 5808 Pisa,
840 5749 1021 5799 1132-1137.
