4142 6366
547 471 604 560 (R)
628 475 701 558 Ego
725 475 916 539 Alexander
939 473 1100 539 catholice
1124 475 1259 540 ecclesie
1283 476 1458 560 episcopus
1481 499 1521 541 ss.
1544 477 1607 566 (M)

547 561 568 646 'r
590 563 664 646 Ego
687 563 860 629 Hubaldus
881 563 1065 628 Hostiensis
1088 568 1263 649 episcopus
1285 587 1327 630 ss.
1350 563 1397 650 (5)

546 688 591 698 —
616 654 637 735 †
662 651 736 736 Ego
766 654 928 718 Iohannes
958 655 1120 737 presbiter
1150 656 1322 719 cardinalis
1357 666 1545 720 sanctorum
1580 655 1734 722 Iohannis
1765 664 1799 718 et
1834 655 1926 718 Pauli
1966 655 2017 718 tit.

758 743 923 807 Pamachii
947 766 988 807 ss.

548 827 569 913 †
591 831 664 914 Ego
687 831 848 896 Iohannes
870 834 1031 916 presbiter
1054 834 1226 898 cardinalis
1248 837 1296 897 tit.
1320 837 1421 897 sancti
1446 836 1548 898 Marci
1571 854 1612 896 ss.
1636 830 1682 919 (4)

547 955 590 966 -
614 919 634 1002 †
657 922 731 1004 Ego
753 922 890 986 Ardicio
914 925 1072 987 diaconus
1095 925 1267 988 cardinalis
1286 922 1313 1009 ιι)
1336 925 1439 988 sancti
1463 923 1631 988 Theodori
1654 944 1694 988 ss.

547 1006 568 1093 †
591 1011 664 1092 Ego
688 1010 849 1093 Cinthyus
873 1013 1029 1077 diaconus
1051 1014 1225 1077 cardinalis
1247 1015 1350 1077 sancti
1374 1013 1512 1078 Adriani
1536 1035 1578 1078 ss.

547 1095 568 1182 †
591 1097 664 1182 Ego
687 1099 788 1183 Hugo
810 1105 913 1164 sancti
937 1101 1058 1185 Angeli
1082 1103 1239 1167 diaconus
1263 1102 1434 1166 cardinalis
1457 1123 1498 1164 ss.

547 1185 568 1270 'r
591 1188 665 1271 Ego
688 1189 857 1253 Rainerius
875 1188 904 1275 b)
927 1192 1085 1255 diaconus
1107 1191 1277 1256 cardinalis
1292 1192 1395 1256 sancti
1412 1192 1543 1274 Georgii
1559 1191 1601 1255 ad
1616 1189 1735 1252 Velum
1751 1208 1889 1252 aureum
1905 1208 1949 1251 ss
1967 1184 2016 1273 (1)

548 1274 569 1359 'r
591 1275 664 1360 Ego
688 1277 854 1342 Arduinus
878 1280 1032 1344 diaconus
1057 1283 1229 1345 cardinalis
1252 1290 1365 1344 sancte
1389 1281 1492 1345 Marie
1515 1283 1547 1344 in
1571 1279 1635 1343 Via
1657 1279 1722 1342 lata
1744 1298 1787 1340 ss.

494 1365 571 1430 Dat.
584 1367 770 1444 Tusculani,
793 1389 852 1451 per
874 1390 1006 1434 manum
1022 1369 1163 1447 Alberti,
1185 1380 1297 1435 sancte
1312 1373 1462 1434 Romane
1485 1370 1622 1434 ecclesie
1645 1368 1819 1452 presbiteri
1837 1367 2015 1430 cardinalis

336 1461 369 1517 et
379 1453 569 1520 cancellarii.
596 1471 705 1521 xvml.
718 1457 790 1521 Kal.
803 1456 896 1540 Sept.
925 1458 1107 1524 Indictione
1127 1459 1210 1546 c)xl.
1242 1461 1475 1524 Incamationis
1486 1461 1652 1523 dominice
1665 1477 1749 1520 anno
1770 1455 2014 1543 0)MCLxxv11L

335 1544 546 1612 Pontificatus
569 1565 648 1610 vero
672 1547 783 1610 domni
806 1547 1023 1613 ALEXANDRI
1046 1571 1102 1632 pp.
1125 1565 1164 1612 111
1188 1571 1274 1613 anno
1298 1563 1407 1612 xvlnl.
1431 1587 1474 1598 -

499 1662 541 1712 Or.
560 1661 593 1711 im
611 1661 725 1713 Arclu'vr'o
747 1661 846 1711 Caetaai
862 1679 892 1711 eu
908 1664 978 1712 Rom.
1254 1707 1259 1716 .

497 1733 566 1800 Perg.
585 1734 645 1794 ilal,
664 1735 699 1782 br.
719 1736 804 1794 0,66.1,
822 1736 884 1799 lang
901 1736 987 1795 0,786,
1016 1741 1090 1785 auten
1107 1735 1185 1794 0,033
1204 1736 1393 1800 umgesclclagen,
1419 1737 1497 1786 durch
1516 1739 1532 1786 2
1551 1736 1644 1784 Lu'clur
1658 1735 1721 1800 gr'ng
1737 1734 1774 1783 die
1792 1733 1901 1792 Scluuer,
1924 1732 2016 1780 welche

335 1803 380 1852 mil
398 1805 450 1854 dem
475 1807 531 1854 Bler'
551 1806 675 1866 verloren,
701 1805 811 1871 Faltuag
826 1806 870 1854 der
887 1807 982 1855 Bullen.
1019 1807 1074 1856 Der
1096 1806 1266 1871 Hauplkir'rper
1291 1807 1425 1874 werildafig
1449 1809 1506 1857 aad
1521 1806 1824 1857 remmuersclrwenderr'sclc
1851 1805 2014 1870 emgemagcn,

336 1875 374 1923 dr'e
395 1878 625 1928 werlsrlclr'ersendm
649 1893 661 1925 s
687 1879 742 1926 und
765 1878 920 1927 abbreuiirten
947 1878 1112 1928 rum-Zeielem
1137 1881 1197 1943 lang
1218 1879 1340 1946 gestreekt.
1380 1881 1435 1927 Das
1459 1881 1565 1928 mittelsre
1589 1881 1645 1928 Am.
1672 1879 1740 1927 neissl
1757 1879 1849 1936 0,142.
1874 1875 2015 1940 Ringkreus

334 1948 428 1998 undE
447 1947 490 1998 der
508 1949 669 2013 ilntersclun'sl
691 1951 758 1999 wohl
768 1950 856 2014 gleiehe
873 1949 953 1998 Harul
976 1950 1032 2000 uad
1046 1951 1135 2008 Dinle,
1164 1951 1208 1998 das
1225 1953 1248 2000 Α
1266 1951 1361 2000 Alberts
1386 1951 1413 2000 r'u
1431 1952 1475 2000 der
1492 1952 1621 2016 Datimng
1642 1950 1687 1999 mit
1703 1949 1837 1999 duaklerer
1855 1948 1946 2008 Dieuc,
1977 1947 2015 1994 dr'e

336 2017 516 2086 Zeugmfinam
532 2021 598 2070 wahl
611 2021 746 2071 scimmtlr'cle
763 2035 811 2070 uon
828 2021 1006 2084 verschudemn
1024 2021 1130 2072 Hardea
1148 2021 1305 2088 eingetragen.

1078 2305 1146 2381 Nr.
1172 2309 1259 2382 275.

336 2435 522 2502 Alexander
536 2437 602 2502 III
611 2437 730 2501 m'mmt
743 2437 805 2501 das
820 2437 957 2501 Kloster
970 2432 1430 2503 Se-Robert-la-cuaz'se-Dieu
1447 2435 1506 2517 (D.
1529 2436 1559 2499 C
1555 2437 1705 2521 lermout)
1723 2438 1757 2501 in
1779 2433 2018 2520 apostolisclren

338 2526 455 2592 Scleuta
477 2528 546 2592 und
564 2527 714 2610 bestdtigt
734 2528 822 2591 seiae
837 2526 1075 2593 Besitetlnlmer
1095 2528 1165 2592 und
1179 2526 1304 2606 Reclrte,
1326 2527 1438 2606 wasalr
1458 2548 1492 2590 es
1498 2525 1650 2611 jahrliclr
1665 2527 1756 2590 einen
1777 2525 1961 2610 Byaauae'cr
1973 2543 2017 2584 aa

899 2613 954 2680 die
971 2615 1076 2682 Kurr'e
1089 2639 1130 2684 au
1145 2615 1320 2681 eutricluen
1335 2616 1393 2679 leat
1409 2619 1446 2698 ¹).

900 2733 985 2794 1178
999 2731 1175 2797 December
1187 2736 1220 2796 2.
1260 2731 1440 2797 Tusculum.

498 2847 689 2913 Alexander
720 2850 911 2931 episcopus,
950 2869 1062 2912 servus
1093 2869 1259 2913 servorum
1292 2849 1361 2924 dei,
1404 2848 1532 2913 dilectis
1562 2848 1635 2912 filiis
1666 2847 1867 2917 Bertrando,
1901 2844 2015 2907 abbati

340 2941 529 3002 monasterii
545 2938 628 3003 Case
653 2937 704 3000 dei
721 2935 757 3023 ¹),
781 2939 915 3018 eiusque
938 2937 1087 3000 iratribus
1110 2948 1177 3002 tam
1203 2939 1420 3021 presentibus,
1443 2957 1541 3018 quam
1566 2938 1690 3012 suturis,
1714 2935 1898 3018 regularem
1912 2935 2015 2996 vitam

339 3026 506 3111 professis,
536 3040 575 3088 IN
597 3039 674 3090 ΡΡΜ.
698 3062 741 3073 -
764 3027 925 3108 Suscepte
956 3027 1219 3091 aministrationis
1251 3027 1388 3091 offitium
1421 3036 1534 3091 monet
1566 3027 1761 3110 propensius
1793 3032 1827 3087 et
1856 3021 2015 3095 hortatur,

339 3117 508 3180 universos
531 3116 669 3179 ecclesie
691 3115 775 3179 filios
798 3124 934 3198 paterna
958 3119 1094 3180 caritate
1117 3115 1258 3200 diligere,
1282 3119 1439 3198 precipue
1454 3125 1562 3180 tamen
1580 3115 1663 3190 illos,
1687 3117 1743 3195 qui
1759 3115 1878 3177 arctius
1896 3113 2016 3175 divinis

340 3213 416 3268 sunt
440 3205 606 3288 obsequiis
640 3206 813 3288 mancipati
842 3214 875 3268 et
898 3207 940 3269 ad
963 3214 1204 3270 sacrosanctam
1229 3207 1411 3269 Romanam
1435 3206 1609 3270 ecclesiam
1640 3212 1817 3267 noscuntur
1839 3201 2015 3285 specialius

340 3295 510 3378 pertinere.
562 3294 763 3377 Eapropter,
800 3294 908 3358 dilecti
940 3296 971 3358 in
1002 3293 1132 3360 Christo
1163 3294 1233 3370 filii,
1263 3296 1379 3358 vestris
1409 3296 1498 3358 iustis
1529 3291 2015 3377 postulationibusclementer

341 3386 511 3447 annuimus
535 3392 569 3447 et
590 3385 632 3447 ad
659 3384 828 3467 exemplar
843 3385 1114 3467 predecessorum
1138 3393 1331 3459 nostrorum,
1356 3383 1455 3447 le'licis
1472 3385 1631 3447 memorie
1647 3381 1766 3445 Calixti
1780 3379 1813 3467 8),
1838 3379 1977 3462 Eugenii
1990 3377 2015 3461 ⁴)

341 3481 374 3536 et
397 3472 534 3537 Adriani
549 3471 584 3559 ⁶),
608 3473 833 3538 Romanorum
856 3473 1058 3556 pontificum,
1082 3476 1217 3537 domum
1242 3474 1329 3537 beati
1352 3474 1509 3549 Rotberti,
1540 3476 1572 3536 in
1604 3493 1670 3552 qua
1700 3471 1810 3534 divino
1836 3470 2014 3550 mancipati

341 3563 417 3625 estis
450 3563 610 3643 obsequio
641 3563 702 3626 sub
733 3564 820 3628 beati
851 3564 937 3626 Petri
969 3571 1002 3626 et
1035 3573 1146 3627 nostra
1177 3565 1382 3646 protectione
1413 3563 1605 3646 suscipimus
1640 3571 1673 3624 et
1706 3561 1867 3642 presentis
1899 3557 2013 3639 scripti

341 3650 511 3734 privilegio
542 3655 791 3717 communimus.
839 3652 1043 3729 Statuentes,
1074 3661 1118 3728 ut,
1142 3671 1366 3732 quascumque
1389 3653 1612 3734 possessiones
1630 3649 1663 3736 6),
1696 3667 1904 3730 quecumque
1927 3647 2014 3709 bona

341 3741 428 3804 idem
453 3743 685 3804 monasterium
709 3744 742 3805 in
758 3743 995 3824 presentiarum
1019 3743 1102 3805 iuste
1119 3750 1153 3804 et
1168 3743 1324 3805 canonice
1341 3741 1496 3824 possidet,
1521 3743 1625 3804 autin
1642 3740 1785 3802 futurum
1802 3738 2014 3800 concessione

340 3830 548 3913 pontificum,
578 3829 747 3914 largitione
780 3851 894 3912 regum
916 3832 968 3894 vel
999 3833 1192 3914 principum,
1224 3831 1392 3894 oblatione
1413 3829 1557 3893 fidelium
1590 3849 1647 3893 seu
1678 3828 1751 3890 aliis
1782 3826 1871 3890 iustis
1896 3825 2011 3899 modis,

341 3928 506 4002 prestante
529 3921 675 3996 domino,
705 3919 827 4004 poterit
849 3919 993 4002 adipisci,
1026 3919 1118 3983 firma
1140 3919 1233 3982 vobis
1256 3921 1436 4001 vestrisque
1459 3918 1702 3982 successoribus
1734 3925 1768 3979 et
1798 3914 1920 3978 illibata
1943 3933 2013 3997 per·

342 4015 501 4072 maneant.
546 4009 583 4071 ln
613 4009 730 4090 quibus
765 4008 827 4073 hec
857 4009 997 4091 propriis
1028 4012 1180 4072 duximus
1213 4010 1426 4091 exprimenda
1457 4006 1641 4071 vocabulis:
1673 4005 1840 4069 abbatiam
1863 4004 2013 4066 videlicet

341 4099 444 4162 sancti
459 4095 592 4161 Siccarii
608 4100 876 4163 Brantomnensis
894 4095 927 4182 τ),
950 4097 1116 4160 abbatiam
1140 4099 1241 4160 sancti
1258 4097 1427 4161 Michaelis
1444 4095 1651 4160 Galliacensis
1670 4093 1704 4180 θ),
1728 4094 1895 4157 abbatiam
1912 4091 2011 4154 sancti

341 4185 531 4250 Theodardi
545 4185 579 4272 ⁹),
595 4188 763 4251 abbatiam
778 4187 1028 4249 Fraxinorensis
1043 4186 1089 4272 ¹⁰),
1106 4187 1270 4251 abbatiam
1292 4189 1393 4250 sancti
1410 4187 1491 4251 Sixti
1508 4187 1596 4268 apud
1613 4183 1821 4256 Placentiam,
1845 4182 2009 4244 abbatiam

341 4277 444 4338 sancti
461 4275 577 4339 Marini
591 4277 758 4360 Papiensis
782 4297 856 4339 cum
873 4277 1023 4338 omnibus
1039 4277 1239 4359 pertinentiis
1255 4279 1330 4353 suis,
1353 4275 1518 4339 abbatiam
1536 4274 1823 4338 Faverniacensem
1843 4269 1890 4356 Η),
1914 4269 2010 4333 sancti

342 4361 466 4444 Quirici
489 4385 583 4429 secus
605 4366 730 4429 Lucam
754 4386 828 4429 cum
861 4364 1005 4428 ecclesiis
1035 4366 1136 4428 sancti
1159 4365 1270 4428 Iuliani
1302 4368 1422 4429 montis
1445 4366 1560 4438 Pisani,
1594 4363 1668 4426 alias
1700 4380 1835 4444 quoque
1865 4361 2011 4423 abbatias

342 4454 395 4517 vel
418 4453 581 4531 ecclesias,
610 4453 653 4518 ab
685 4456 850 4538 episcopis
873 4455 967 4518 vobis
997 4457 1052 4536 pia
1082 4454 1251 4535 largitione
1284 4475 1465 4527 concessas,
1497 4474 1578 4536 quas
1608 4451 1752 4534 qualibet
1782 4470 1818 4514 se
1848 4470 1891 4512 ex
1923 4449 2010 4511 dono

343 4543 499 4607 laicorum
531 4547 620 4627 prius
649 4547 792 4608 tenuisse
822 4553 1019 4625 proponunt,
1051 4544 1146 4607 vobis
1174 4551 1329 4626 tanquam
1355 4564 1397 4606 ex
1420 4545 1541 4606 iustiori
1565 4542 1662 4605 titulo
1686 4559 1819 4604 manere
1843 4539 2010 4608 sancimus,

342 4633 402 4695 nisi
427 4652 482 4696 eas
505 4634 667 4710 canonica,
699 4634 732 4697 id
756 4641 805 4696 est
828 4633 973 4696 tricenali
1000 4635 1218 4716 possessione,
1249 4633 1301 4696 vel
1331 4632 1509 4716 episcopali
1533 4633 1621 4694 dono
1645 4639 1700 4693 aut
1724 4630 1850 4692 idoneis
1873 4627 2009 4690 testibus

343 4720 395 4785 vel
418 4720 578 4804 legalibus
600 4724 730 4808 scriptis
753 4724 936 4786 constiterit
959 4721 1122 4786 habuisse.
1169 4721 1329 4798 Preterea,
1352 4724 1566 4805 suscipientes
1582 4740 1641 4784 vos
1662 4721 1693 4782 in
1710 4719 1849 4782 ecclesie
1864 4717 2007 4780 Romane

343 4809 427 4873 filios
450 4810 613 4892 spetiales,
643 4832 682 4875 ea
704 4831 764 4874 vos
790 4811 939 4877 libertate
963 4832 1022 4895 per
1044 4819 1230 4895 presentem
1255 4811 1406 4894 paginam
1431 4810 1669 4874 communimus
1700 4817 1733 4871 et
1764 4809 1899 4870 decreto
1922 4824 2008 4868 sanc·

344 4901 447 4963 cimus
478 4909 639 4984 perpetuo
670 4901 816 4978 valituro,
849 4910 883 4964 ut
914 4900 991 4964 nulli
1024 4899 1345 4983 archiepiscoporum
1376 4900 1427 4963 vel
1457 4901 1688 4982 episcoporum
1721 4897 1876 4979 deinceps
1909 4895 2006 4966 liceat,

685 5045 767 5053 -..--

503 5113 528 5178 a)
548 5111 687 5162 cardenalis
759 5113 786 5176 b)
806 5115 928 5165 Rauerius
1000 5115 1023 5180 ο)
1043 5127 1090 5163 um
1117 5129 1166 5163 one
1193 5113 1227 5162 bis
1254 5129 1301 5163 ann
1329 5112 1381 5178 aus
1394 5113 1483 5160 Ii'asur.
1557 5111 1584 5174 d)
1603 5109 1803 5160 brantosmensis
1823 5111 1885 5158 rma
1904 5109 1961 5157 Der.
1973 5105 2007 5154 13.

345 5225 399 5232 .-
419 5185 455 5249 ,1)
479 5181 555 5251 Vergl.
583 5185 619 5234 die
646 5184 706 5237 Uel.
731 5199 786 5234 vaur
805 5187 836 5235 13
853 5187 982 5236 December
1001 5189 1069 5235 1167
1094 5186 1151 5234 uad
1175 5186 1239 5234 Gall.
1273 5185 1357 5236 Christ.
1377 5183 1410 5232 II
1427 5190 1452 5246 p.
1478 5181 1534 5244 335,
1558 5197 1596 5230 wo
1620 5181 1683 5230 uach
1709 5182 1797 5231 medere
1827 5179 1887 5230 ure.
1913 5181 2007 5228 alceus

346 5254 400 5306 ders
418 5255 476 5317 III‚·
501 5257 539 5307 cr'u
559 5255 715 5322 Iliturgim
734 5257 824 5306 Kaisar
841 5257 976 5307 Friedriclcs
995 5259 1014 5307 Ι
1030 5257 1079 5319 fu'r
1100 5257 1270 5316 cauae-Dim,
1295 5257 1321 5304 in
1345 5255 1449 5304 uelmer
1466 5256 1527 5303 Acta
1546 5253 1644 5317 Imperii
1654 5261 1681 5318 p.
1704 5253 1760 5302 142.
1798 5252 1846 5300 Die
1864 5248 2008 5300 arumna

346 5329 389 5378 der
410 5327 508 5393 Gcgmd
520 5327 725 5379 sinemurum
740 5327 891 5395 zugdnglicle.
964 5333 991 5397 2)
1010 5329 1164 5378 Berlranelus
1181 5329 1269 5386 Isarm',
1289 5328 1336 5375 Ale
1350 5342 1398 5376 von
1411 5327 1449 5375 La
1466 5325 1632 5384 chaire-Dure,
1652 5326 1834 5374 rua-1179.
1905 5331 1930 5386 3)
1953 5319 2006 5370 L'rk.

346 5401 447 5450 vocal&
458 5399 533 5462 April
543 5401 615 5450 1120.
654 5399 778 5460 l'iacenaa,
800 5401 866 5452 Gall.
889 5401 975 5451 Christ.
995 5401 1027 5450 Il
1030 5408 1055 5464 p.
1075 5400 1132 5460 333,
1144 5397 1212 5463 selcll
1229 5399 1256 5447 in
1271 5395 1354 5465 Jaffe's
1372 5399 1429 5463 ch.
1503 5399 1530 5458 4)
1554 5394 1633 5462 Jaffe',
1652 5397 1709 5461 h’eg.
1724 5397 1810 5454 620&
1831 5395 1885 5444 cenci
1896 5397 1926 5442 1²
1940 5391 2007 5441 Mur

347 5473 425 5532 1149,
455 5469 520 5524 Gall.
543 5469 628 5522 Christ.
649 5471 683 5520 II
694 5478 718 5535 p.
738 5473 796 5522 335.
888 5475 915 5536 5)
937 5473 998 5522 Urk.
1016 5486 1071 5520 uera
1092 5472 1123 5520 13
1141 5471 1269 5520 December
1286 5471 1361 5523 1157.
1452 5470 1479 5526 6)
1503 5469 1578 5517 (leber
1592 5467 1761 5532 Ausdelmung
1775 5465 1833 5516 und
1852 5463 2007 5531 er'sdr'ka'm

347 5543 388 5594 des
413 5541 528 5604 masters,
547 5545 621 5610 uergl.
649 5541 774 5606 Mabillon,
800 5545 891 5594 Annal.
919 5545 1008 5594 Bmed.
1027 5543 1072 5593 IV
1078 5549 1106 5608 p.
1125 5545 1185 5602 456,
1204 5541 1254 5591 535
1261 5553 1271 5599 ;
1300 5540 1358 5604 Vp.
1377 5541 1401 5600 9,
1427 5541 1483 5590 uad
1501 5539 1593 5588 Gauc
1609 5540 1647 5588 lrr.
1667 5537 1700 5586 Il
1719 5545 1743 5601 p.
1772 5538 1832 5595 327,
1860 5537 1931 5601 vergi.
1956 5535 2007 5583 alca

342 5623 370 5681 p.
391 5615 441 5664 185
459 5615 533 5666 ΑΜ.
551 5616 576 5666 9.
650 5615 677 5680 7)
695 5609 825 5666 Branlclme
853 5615 898 5680 (D.
929 5613 1084 5681 Pe‘rrjgueecc).
1158 5611 1184 5674 8)
1213 5613 1309 5661 Gaillac
1326 5612 1372 5674 (D.
1390 5611 1471 5678 Ally).
1543 5613 1570 5673 9)
1591 5607 1779 5672 St.·7'lee'adard,
1804 5624 1850 5656 sur
1867 5611 1888 5658 le
1908 5607 2006 5656 Taena

348 5683 507 5738 Mmtuuban.
583 5687 624 5755 10)
644 5686 778 5737 Frassr'neu
795 5688 847 5736 iul.
866 5703 913 5738 um
935 5688 1025 5737 Casale.
1104 5689 1145 5754 ιι)
1172 5684 1243 5734 Wold
1257 5684 1384 5750 Faverrray
1403 5683 1448 5748 (D.
1468 5683 1612 5749 Besunran).
