4134 6356
311 333 372 393 124

468 503 511 550 Or.
531 500 621 565 (Badais
639 502 666 550 di
681 503 761 566 Re'ttoli
780 504 846 552 1153
868 505 915 553 Ott.
934 504 986 568 25),
1005 503 1038 552 im
1056 504 1168 554 Arelivio
1187 504 1214 553 dt
1230 504 1296 554 Statu
1313 519 1342 551 su
1361 504 1466 553 Florem.

467 573 535 640 Perg.
554 575 613 633 ital,
632 575 666 624 br.
686 577 755 634 O,61,
773 577 834 640 lang
850 578 936 635 0,805‚
955 577 1136 642 umgeschlngen
1155 579 1241 636 0‚043,
1261 575 1338 624 durch
1356 579 1372 624 2
1391 576 1483 624 eucher
1494 575 1556 640 ging
1572 575 1609 624 die
1627 574 1731 634 Sclnur,
1754 574 1840 622 welche
1859 573 1908 622 mit
1930 572 1999 620 elem

267 633 274 654 ⁸
306 644 360 692 Blei
387 647 505 705 oerlorm,
546 645 653 710 Faltmeg
675 647 718 693 der
742 647 836 694 Bullen.
878 647 1013 711 Ringkreus
1038 655 1110 698 etwas
1139 648 1206 698 stari
1236 648 1324 705 betont,
1357 647 1424 695 well
1445 663 1491 696 von
1512 647 1618 712 gleicler
1642 647 1728 705 Dinte,
1756 646 1800 694 wie
1822 646 1859 693 die
1886 644 1999 694 Uecter-

305 716 398 780 sclerist,
424 717 460 765 die
477 717 502 765 in
520 717 563 764 der
578 717 810 782 Raumvertleitemg
831 718 885 766 sehr
907 719 1057 783 ungesclzickt
1078 721 1232 784 tiegetrngen,
1258 717 1337 766 indens
1355 734 1408 766 veru
1429 720 1562 782 episcopus
1589 719 1623 766 bis
1641 734 1694 765 nem
1713 715 1896 781 Monogruneme
1921 717 1998 774 0,16

298 787 355 851 free'
371 788 461 836 blieben.
503 787 637 852 Umsehnst
653 788 697 836 mit
712 788 811 837 hetterer
827 790 902 838 Dinte
916 790 1033 854 gemacht,
1052 792 1180 856 Datirung
1195 805 1242 838 von
1254 789 1334 837 Hand
1349 790 1404 837 und
1414 792 1487 839 De'eete
1506 791 1545 838 des
1564 789 1749 852 Hauptkiirpers,
1770 789 1813 836 das
1829 787 1999 836 RRolands

307 859 379 906 darie
397 859 441 906 mit
457 859 586 908 dunilerer
602 859 677 908 Dinte
694 859 849 925 eingetragen.
876 861 1132 926 Die3Zeugenreilten
1149 864 1262 928 begienun
1280 862 1306 909 in
1320 861 1425 926 gleicteer
1442 861 1514 910 Httre
1531 869 1578 910 erst
1594 863 1646 926 auf
1658 862 1701 910 der
1716 861 1804 908 dritten
1822 859 1884 907 Zeile
1906 865 1999 906 center

307 930 350 977 der
370 930 538 994 ilntersckrrst,
556 931 677 979 theilwer'se
693 947 740 978 von
757 931 932 998 verschiedemr
948 933 1028 981 Hand
1043 935 1098 983 und
1112 935 1187 982 Dinte
1203 933 1341 996 hergestellt.
1386 933 1440 981 Das
1459 933 1538 981 Krerea
1555 949 1601 982 vor
1617 934 1669 982 dem
1689 932 1814 980 Diakonen
1842 929 1894 978 oto
1922 929 2000 977 steht

306 1001 376 1064 tieser
398 1004 436 1050 als
458 1003 494 1050 die
512 1002 631 1067 Signatur
655 1002 711 1050 und
735 1002 766 1050 ist
791 1002 857 1051 nicht
879 1018 933 1050 vom
954 1004 1061 1069 gleiehen
1085 1005 1207 1055 Schrer'ber
1229 1004 1346 1068 gemacht.
1373 1000 1409 1072 -l-
1428 1006 1485 1070 Ego
1504 1005 1544 1054 des
1565 1004 1692 1053 Diakonen
1714 1003 1791 1053 Guido
1815 1001 1846 1050 ist
1869 1003 1897 1050 in
1915 1017 1997 1066 gana

306 1073 408 1122 anderer
424 1073 557 1139 Schn'start
572 1074 616 1122 wie
633 1073 678 1122 das
695 1073 809 1139 Fulgende
826 1075 977 1139 ausgesiihrt.

1046 1399 1113 1475 Nr.
1146 1405 1231 1476 118.
1332 1405 1335 1412 '

306 1544 498 1611 Anastasius
514 1546 574 1611 IV
590 1548 738 1629 bestdtigt
758 1547 831 1611 dem
846 1547 925 1612 Abte
950 1548 1056 1612 Guido
1077 1570 1142 1612 von
1157 1548 1246 1614 Sant'
1268 1549 1398 1613 Antimo
1422 1549 1479 1631 (D.
1501 1547 1630 1636 Chiusz')
1653 1548 1708 1612 die
1727 1547 1986 1626 Besz'tatlete'mer,

751 1637 867 1701 Rechte
888 1639 961 1701 und
982 1636 1183 1720 Priuilegven
1205 1641 1309 1702 seines
1334 1638 1478 1702 Klosters
1497 1639 1531 1723 ¹).

691 1772 775 1834 1153
797 1769 929 1834 October
941 1773 992 1834 31.
1032 1769 1135 1834 Santa
1150 1771 1265 1835 Mario
1281 1771 1426 1835 Rotunda
1440 1793 1480 1835 au
1498 1771 1589 1834 Rom.

467 1905 658 1968 Anastasius
674 1905 856 1988 episcopus,
870 1925 980 1967 servus
995 1925 1161 1969 servorum
1174 1901 1260 1992 [dei],
1277 1905 1398 1969 dilecto
1415 1905 1480 1968 filio
1489 1903 1640 1980 Guidoni,
1659 1903 1772 1967 abbati
1789 1905 1990 1968 monasterii

308 1995 411 2055 sancti
427 1991 552 2057 Antimi
570 1995 604 2073 ²),
628 1997 761 2074 eiusque
784 1994 1024 2058 successoribus
1041 1995 1230 2076 regulariter
1252 1994 1494 2070 substituendis
1507 2008 1545 2058 IN
1555 2007 1676 2055 PPM.-
1697 1993 1701 2070 l
1723 1992 1803 2056 Cum
1822 1995 1987 2056 omnibus

307 2082 453 2167 ecclesiis
484 2091 517 2145 et
546 2079 796 2169 ecclesiastlicis]
829 2084 976 2166 personis
1006 2084 1172 2147 debitores
1211 2104 1254 2146 ex
1293 2086 1435 2148 iniuncto
1456 2083 1484 2168 a)
1520 2083 1614 2147 nobis
1638 2083 1744 2145 adeo
1772 2082 1985 2164 apostolatus

310 2170 420 2233 officio
444 2173 627 2247 existamus,
651 2172 712 2235 illis
736 2182 845 2235 tamen
868 2175 1075 2254 propensiori
1098 2175 1207 2236 studio
1230 2193 1289 2234 nos
1305 2175 1455 2236 convenit
1471 2173 1647 2245 imminere,
1668 2168 1673 2256 1
1695 2192 1757 2257 que
1781 2192 1823 2233 ex
1838 2175 1983 2250 antiqua

309 2261 510 2324 institutione
532 2262 574 2323 ad
599 2259 661 2344 [ius
685 2261 730 2344 et]
755 2261 988 2344 proprietatem
1011 2262 1098 2324 beati
1120 2263 1207 2325 Petri
1237 2270 1385 2343 spectare
1416 2270 1599 2326 noscuntur.
1637 2262 1831 2343 Eapropter,
1855 2261 1984 2322 dilecte

309 2349 340 2410 in
364 2350 499 2412 domino
522 2350 576 2426 fili,
608 2353 670 2412 tuis
693 2352 783 2414 iustis
807 2347 1106 2436 posltullationibus
1129 2351 1307 2414 clementer
1330 2354 1509 2426 annuimus
1541 2359 1573 2413 et
1597 2350 1839 2432 predecessoris
1863 2352 1986 2424 nostri,

309 2436 409 2500 felicis
432 2441 588 2502 memorie
611 2460 698 2521 pape
721 2440 932 2502 INNOCENTII
949 2438 983 2518 ³),
1006 2441 1149 2521 vestigiis
1173 2439 1364 2514 inherentes,
1389 2443 1619 2503 monasterium
1643 2439 1730 2502 beati
1754 2438 1903 2512 ΑΝΤΙΜΙ,
1928 2439 1983 2500 cui

310 2527 374 2589 deo
397 2536 531 2591 auctore
554 2549 684 2610 preesse
707 2530 894 2603 dinosceris,
918 2529 1099 2609 apostolice
1123 2526 1233 2614 [sedis]
1258 2529 1427 2612 privilegio
1444 2530 1601 2612 presentis
1624 2528 1735 2609 scripti
1751 2527 1870 2609 pagina
1885 2547 1983 2590 com·

310 2618 481 2679 munimus,
527 2617 721 2692 Statuentes,
749 2625 784 2680 ut
807 2637 1013 2699 quecumque
1036 2613 1156 2704 [bona]
1181 2638 1402 2700 quascumque
1425 2618 1648 2700 possessiones
1677 2617 1709 2678 in
1740 2618 1980 2698 presentiarum

309 2705 396 2768 idem
426 2709 657 2769 monasterium
682 2710 763 2770 iuste
794 2714 827 2768 et
860 2708 1014 2769 canonice
1047 2708 1192 2788 possidet
1221 2715 1277 2769 aut
1299 2708 1329 2768 in
1359 2707 1501 2770 futurum
1536 2705 1746 2770 concessione
1776 2705 1981 2787 pontificum,

310 2793 481 2875 largitione
511 2815 623 2877 regum
647 2795 699 2858 vel
729 2798 925 2878 principum,
956 2795 1122 2859 oblatione
1154 2796 1297 2859 fidelium
1328 2817 1384 2859 seu
1419 2797 1485 2859 aliis
1518 2793 1630 2882 [iusltis
1662 2796 1776 2871 modis,
1807 2803 1979 2876 prestante

312 2883 456 2958 domino,
480 2887 601 2966 poterit
624 2886 768 2968 adipisci,
792 2885 883 2946 firma
905 2883 963 2947 tibi
986 2886 1116 2964 tuisque
1131 2885 1372 2947 successoribus
1390 2894 1423 2948 et
1437 2885 1559 2949 illibata
1574 2893 1750 2947 serventur.
1796 2881 1843 2946 Ut
1865 2891 1978 2945 autem

311 2973 401 3034 iuxta
424 2993 570 3035 normam
595 2982 701 3058 vestre
724 2973 935 3056 professionis
959 2973 1074 3035 divinis
1097 2975 1261 3053 obsequiis
1284 2973 1411 3037 liberius
1435 2995 1550 3038 vacare
1581 2976 1722 3057 possitis,
1754 2972 1848 3035 simili
1872 2973 1978 3035 modo

310 3062 480 3136 sancimus
512 3070 547 3125 ut
570 3063 740 3125 cuiuslibet
763 3060 899 3146 ecclesie
923 3062 1085 3124 sacerdoti
1111 3062 1231 3124 nullam
1256 3063 1518 3140 iurisdictionem,
1550 3061 1667 3126 nullam
1696 3070 1895 3144 potestatem
1920 3072 1979 3124 aut

309 3153 544 3226 auctoritatem,
568 3161 709 3233 excepto
733 3152 904 3214 dumtaxat
926 3150 1076 3213 Romano
1100 3151 1262 3234 pontifice,
1286 3153 1316 3212 in
1338 3161 1448 3214 vestro
1465 3153 1661 3215 monasterio
1678 3150 1773 3214 liceat
1793 3151 1978 3226 vendicare,

310 3238 394 3301 adeo
426 3241 573 3320 quidem,
598 3249 633 3302 ut
662 3235 720 3303 nisi
743 3241 784 3303 ab
808 3241 928 3303 abbate
952 3240 1097 3302 eiusdem
1116 3241 1299 3303 monasterii
1316 3241 1408 3303 fuen't
1428 3243 1588 3316 invitatus,
1612 3261 1672 3303 nec
1688 3243 1786 3303 etiam
1804 3240 1976 3302 missarum

310 3327 480 3390 sollemnia
502 3330 624 3392 ibidem
640 3331 759 3392 audeat
781 3329 955 3391 celebrare.
1001 3330 1205 3392 lterdicimus
1229 3330 1335 3404 etiam,
1360 3338 1394 3392 ut
1411 3329 1487 3392 nulli
1503 3333 1662 3412 episcopo
1678 3330 1807 3392 licentia
1829 3324 1974 3414 [pateat]

311 3418 497 3480 sacerdotes
520 3414 690 3504 eius[dem]
715 3419 852 3494 cenobii,
883 3415 1061 3480 monachos
1084 3419 1150 3480 sive
1178 3419 1351 3481 canonicos
1383 3420 1575 3501 distringere
1598 3420 1650 3482 vel
1679 3414 1976 3504 [excommunicare

311 3514 366 3567 aut
390 3503 544 3592 divinum]
568 3510 613 3570 eis
637 3507 778 3570 officium
811 3506 994 3589 prohibere,
1025 3527 1108 3586 quos
1132 3510 1229 3571 etiam
1253 3508 1294 3570 ab
1319 3509 1407 3571 omni
1430 3508 1609 3591 pontificali
1633 3503 1774 3594 [sinodo]
1798 3507 1918 3570 liberos
1942 3517 1976 3570 et

311 3594 480 3658 absolutos
496 3617 626 3660 manere
642 3597 852 3660 decernimus
889 3591 999 3680 [Porro
1015 3595 1123 3660 locum
1140 3599 1246 3680 ipsum
1262 3598 1304 3659 ab
1321 3599 1410 3661 omni
1430 3601 1506 3680 iugo
1527 3593 1758 3683 quarumli]bet
1774 3603 1973 3678 potestatum

310 3690 377 3747 tam
401 3687 640 3767 episcoporum,
664 3706 761 3766 quam
778 3684 1010 3760 marchionum,
1033 3687 1189 3749 comitum
1214 3681 1359 3771 [quoque
1384 3695 1439 3749 aut
1459 3683 1709 3772 vicecomitum]
1733 3685 1974 3760 castaldionum,

312 3782 493 3837 ceterorum
524 3775 819 3857 Longobardorum
850 3774 980 3837 omnino
1010 3773 1160 3837 volumus
1197 3794 1269 3838 esse
1309 3779 1454 3857 quietum
1486 3775 1656 3857 nullusque
1693 3795 1806 3838 eorum
1838 3776 1870 3836 in
1901 3794 1973 3856 pos-

312 3864 524 3940 sessionibus,
563 3859 701 3950 [prefato
738 3863 876 3927 cenobio
907 3861 1158 3950 spectantibus,]
1190 3866 1344 3928 iudicium
1382 3865 1515 3945 aliquod
1548 3865 1745 3949 placitumve
1778 3873 1889 3926 tenere
1918 3872 1973 3926 aut

312 3949 556 4038 distric[tionem
580 3949 698 4039 iacere]
722 3952 867 4034 qualibet
890 3953 1061 4016 occasione
1084 3961 1257 4033 presumat,
1288 3955 1346 4016 sed
1371 3956 1480 4036 potius
1503 3962 1571 4016 tam
1593 3953 1671 4040 hec,
1695 3973 1794 4035 quam
1817 3952 1887 4026 alia,
1910 3973 1971 4038 que

312 4041 354 4102 ad
378 4043 426 4103 ius
450 4043 595 4105 eiusdem
621 4045 807 4104 monasterii
832 4037 994 4126 specta[re
1017 4050 1201 4118 noscuntur,
1233 4039 1276 4128 in]
1309 4049 1365 4104 tua
1394 4051 1428 4105 et
1459 4063 1684 4106 successorum
1714 4050 1845 4105 tuorum
1874 4041 1972 4104 libera

312 4138 477 4211 potestate
507 4138 541 4192 et
570 4131 787 4212 dispositione
818 4132 1003 4192 consistant.
1049 4130 1267 4195 Concedimus
1291 4133 1422 4213 insuper
1455 4133 1563 4194 eidem
1586 4131 1759 4194 venerabili
1790 4131 1865 4193 loco
1889 4130 1971 4193 deci-

313 4221 472 4282 mationes
495 4227 550 4282 aut
581 4221 735 4300 primitias
768 4220 809 4281 de
832 4218 896 4280 suis
920 4217 1078 4294 omnibus,
1108 4221 1176 4283 sive
1198 4221 1242 4283 de
1265 4220 1515 4302 preceptalibus‚
1546 4222 1614 4283 sive
1638 4222 1679 4283 de
1703 4220 1778 4295 aliis,
1809 4240 1872 4304 que
1895 4216 1969 4302 ia[m

312 4315 387 4370 sunt
416 4305 489 4394 ipsi]
522 4311 720 4370 monasterio
751 4309 915 4387 acquisita,
950 4326 1007 4370 seu
1030 4307 1060 4369 in
1085 4318 1180 4372 antea
1205 4310 1268 4373 deo
1292 4311 1437 4392 propitio
1469 4310 1674 4391 acquirenda.
1720 4307 1875 4371 Obeunte
1896 4327 1969 4370 vero

312 4405 353 4471 te,
376 4418 458 4458 nunc
483 4397 628 4460 eiusdem
653 4397 716 4459 loci
739 4397 867 4471 abbate,
890 4395 939 4459 vel
965 4404 1094 4459 tuorum
1118 4398 1266 4477 quolibet
1289 4418 1522 4474 successorum,
1545 4397 1648 4460 nullus
1671 4399 1714 4460 ibi
1739 4397 1881 4478 qualibet
1901 4397 1970 4458 sub·

312 4487 468 4567 reptionis
484 4489 600 4549 astutia
616 4507 673 4549 seu
690 4486 844 4548 violentia
867 4482 1087 4570 preponatu[r,
1111 4489 1169 4550 nisi
1186 4507 1283 4568 quem
1301 4484 1427 4572 iratres]
1450 4491 1581 4550 comuni
1597 4507 1755 4550 consensu
1772 4494 1828 4548 aut
1842 4485 1968 4549 fratrum

312 4594 387 4656 pars
410 4575 535 4638 consilii
556 4578 692 4639 sanioris
715 4577 891 4638 secundum
916 4576 969 4637 dei
992 4577 1142 4638 timorem
1169 4572 1213 4660 [et
1236 4573 1335 4660 beati]
1354 4577 1552 4640 BENEDICTI
1575 4573 1745 4662 [regulam]
1777 4576 1971 4657 providerint

312 4662 505 4745 eligendum.
558 4664 690 4728 Electus
718 4673 825 4727 autem
858 4685 877 4726 a
907 4663 1059 4725 Romano
1095 4664 1249 4746 pontifice
1285 4674 1499 4729 consecretur.
1553 4665 1701 4729 Chrisma
1739 4684 1829 4739 sane,
1868 4663 1968 4726 oleum

312 4762 468 4829 sanctum,
501 4750 785 4839 [consecrationes]
817 4753 964 4816 altarium
994 4752 1045 4814 vel
1075 4752 1298 4830 basilicarum,
1330 4755 1549 4818 ordinationes
1581 4757 1679 4818 etiam
1711 4755 1966 4836 presbiterorum,

313 4842 521 4905 diaconorum
545 4852 601 4905 aut
623 4844 768 4918 aliorum,
797 4839 874 4928 [tam
902 4843 944 4904 de
975 4839 1142 4904 monachis
1174 4839 1284 4929 quam]
1309 4844 1351 4905 de
1375 4846 1548 4918 canonicis,
1581 4846 1636 4924 qui
1659 4845 1701 4906 ad
1725 4863 1835 4905 sacros
1858 4843 1968 4924 gradus

312 4930 429 4993 suerint
452 4934 678 5013 promovendi,
702 4935 770 4994 sive
792 4955 812 4995 a
835 4933 913 4993 sede
937 4931 1127 5011 apostolica,
1151 4933 1220 4994 sive
1243 4933 1285 4995 ab
1309 4930 1417 5014 aliquo
1441 4933 1602 4996 catholico
1623 4933 1805 5016 suscipietis
1821 4933 1967 5014 episcopo

313 5021 389 5102 qlui,
405 5027 516 5083 nostra
533 5021 562 5099 b)
579 5020 679 5083 fultus
695 5021 907 5101 aucltoritate,
923 5019 1013 5099 quod
1030 5019 1212 5101 postulatur
1227 5021 1400 5102 indulgeat.
1440 5023 1492 5101 Et,
1509 5023 1535 5084 si
1550 5023 1724 5102 aliquando
1746 5025 1772 5100 c)
1789 5023 1967 5102 quempiam

313 5109 355 5170 de
379 5111 497 5171 nostris
528 5111 707 5192 episcopis.
722 5113 791 5171 sive
814 5105 868 5193 dle
891 5109 968 5184 aliis,
992 5118 1091 5190 prout
1122 5106 1229 5194 nobis]
1255 5114 1483 5191 congruentius
1506 5114 1609 5174 visum
1638 5111 1742 5185 luerit,
1772 5110 1814 5173 ad
1841 5106 1966 5192 [sacrum

312 5194 532 5282 minlisterium
556 5198 787 5261 celebrandum
811 5197 862 5260 vel
884 5199 1162 5260 consecrationem
1186 5199 1328 5280 aliquam
1349 5197 1579 5286 exhibenda]m
1603 5197 1748 5286 invitare]
1771 5199 1813 5262 ad
1836 5207 1967 5261 vestrum

471 5394 496 5459 a)
516 5393 599 5442 iuncto
707 5393 734 5453 b)
753 5407 835 5441 rerum
857 5391 954 5456 Ugltelli
1045 5393 1068 5458 c)
1088 5392 1121 5442 do
1140 5395 1191 5458 auf
1204 5396 1289 5441 Rasur
1305 5394 1350 5441 mit
1366 5395 1468 5442 crederer
1485 5395 1567 5444 Dinte.
1594 5433 1638 5440 .-.
1660 5397 1697 5453 ,1)
1720 5391 1798 5461 Jaffe',
1818 5395 1875 5459 Reg.
1893 5395 1967 5454 673&

313 5464 413 5530 Migne,
441 5465 508 5514 Patr.
529 5467 578 5513 188
592 5471 618 5528 p.
638 5467 703 5524 994,
731 5464 793 5513 beide
812 5463 910 5512 Drucke
933 5462 992 5512 olere
1016 5463 1115 5528 Zeugen.
1153 5465 1201 5514 Die
1222 5465 1337 5514 Urkunde
1360 5467 1391 5514 ist
1410 5481 1489 5530 wegm
1513 5466 1579 5515 ihrer
1598 5466 1703 5530 vulsach
1727 5482 1781 5515 uem
1802 5465 1966 5530 gauihuliclen

316 5537 451 5586 Gebraucie
477 5536 653 5585 ahudcienden
680 5537 791 5585 Formeln
817 5534 1018 5585 beacltenswerth.
1039 5563 1071 5572 —
1096 5537 1172 5601 Vergl.
1199 5537 1236 5584 ulie
1264 5536 1324 5585 Urk.
1351 5551 1404 5585 vom
1430 5536 1487 5586 Mai
1503 5539 1561 5585 992.
1684 5541 1709 5598 2)
1735 5536 1805 5586 Nacle
1836 5537 1967 5600 Coppelletti,

316 5607 394 5657 Cbiese
411 5607 493 5656 XVII
507 5615 533 5672 p.
554 5609 612 5666 623,
638 5608 733 5673 geturu
756 5609 790 5656 sie
814 5607 840 5655 in
867 5607 912 5655 den
938 5607 1002 5655 alten
1029 5606 1101 5656 Kreis
1126 5610 1169 5657 der
1198 5608 1293 5656 Deicese
1319 5623 1366 5658 von
1397 5608 1481 5658 Chiusi
1504 5610 1560 5657 used
1583 5609 1639 5658 kam
1666 5613 1745 5673 spiter
1768 5625 1798 5656 ru
1823 5607 1964 5660 Matutino.

313 5685 340 5746 3)
360 5680 438 5730 Nicer
454 5679 562 5730 erhalten
576 5679 701 5745 gettieben.
