4090 6358
839 527 907 602 ΝΥ.
941 523 1000 604 11.

68 679 240 746 Nikolaus
257 679 302 746 II
313 678 463 762 bestdtigt
483 679 557 744 dem
581 676 660 742 Aba
677 678 809 744 Roland
828 700 888 832 ilii
905 677 1299 832 lltfiantmas'our-lez·slrles
1321 680 1376 744 die
1391 683 1632 749 Besitztlui'mer
1655 685 1759 752 seines

885 791 920 834 os
933 791 996 834 ers.

799 905 882 965 1061
897 903 974 984 Mai
988 905 1038 966 13.

238 1038 394 1103 Nicolaus
410 1038 595 1120 episcopus,
614 1057 725 1100 servus
748 1057 915 1102 servorum
940 1039 1002 1114 dei,
1026 1038 1189 1114 Rolando,
1211 1038 1388 1102 venerabili
1405 1039 1528 1119 abbati,
1553 1051 1587 1105 et
1601 1063 1661 1124 per
1684 1066 1759 1108 eum

69 1129 279 1194 monasterio
309 1136 441 1190 sanctae
465 1127 589 1190 Mariae
622 1137 654 1190 et
677 1128 781 1190 sancti
804 1127 890 1191 Petri
914 1129 947 1190 in
972 1126 1087 1191 Monte
1112 1128 1238 1202 Maiori,
1270 1128 1401 1209 suisque
1430 1132 1680 1210 successoribus,
1713 1134 1758 1198 ibi

70 1219 269 1302 regulariter
288 1216 536 1296 promovendis,
569 1217 601 1278 in
633 1226 838 1298 perpetuum.
886 1217 1037 1281 Creditae
1060 1216 1294 1299 speculationis
1324 1217 1522 1298 impellimur
1551 1242 1628 1284 cura
1659 1223 1759 1287 etiam

71 1309 195 1373 ardore
218 1306 414 1371 christianae
433 1306 598 1387 religionis
618 1315 651 1368 et
671 1306 780 1369 studio
797 1307 897 1369 divini
913 1307 1017 1371 cultus
1033 1326 1264 1389 permovemur
1277 1326 1339 1387 pro
1358 1309 1595 1374 venerabilium
1612 1311 1758 1375 locorum

70 1398 284 1482 percogitare
305 1395 484 1459 stabilitate
515 1405 615 1476 atque
639 1396 703 1458 deo
726 1397 935 1459 servientium
959 1397 1139 1471 securitate,
1173 1404 1209 1457 ut
1231 1395 1296 1458 hoc
1319 1398 1533 1477 proveniente
1562 1401 1619 1482 pio
1644 1401 1758 1466 labore

70 1499 107 1552 et
130 1488 262 1551 animae
286 1484 416 1549 Christo
439 1485 576 1560 dicatae,
606 1504 749 1566 quaese
772 1485 837 1548 illic
861 1485 977 1549 diebus
999 1487 1087 1548 vitae
1111 1505 1224 1548 eorum
1246 1485 1422 1548 serviturae
1447 1487 1654 1565 devenerunt,
1686 1512 1757 1573 per·

71 1587 227 1642 severent
249 1574 506 1657 imperturbatae
537 1593 598 1637 nec
628 1595 695 1636 non
726 1575 781 1637 illa
811 1584 965 1638 maneant
995 1575 1061 1638 fine
1093 1585 1187 1638 tenus
1217 1575 1325 1650 firma,
1359 1594 1444 1656 quae
1468 1597 1487 1639 a
1511 1576 1701 1646 Christianis
1724 1582 1757 1643 in

73 1667 128 1731 dei
153 1666 253 1730 laude
275 1665 455 1728 constituta
476 1673 560 1726 sunt
606 1664 715 1745 Igitur,
740 1664 817 1745 quia
840 1665 951 1746 petisti
975 1664 1124 1740 anobis,
1149 1664 1315 1727 carissime
1338 1663 1393 1740 fili,
1427 1675 1462 1728 ut
1484 1686 1544 1748 per
1567 1670 1669 1732 nostri
1693 1671 1755 1752 pri·

70 1757 184 1838 vilegii
208 1755 365 1838 paginam
388 1763 464 1816 tuae
487 1753 644 1817 ecclesiae
667 1764 700 1817 et
722 1753 782 1817 tibi
813 1754 942 1835 tuisque
965 1753 1207 1818 successoribus
1230 1754 1464 1835 perpetualiter
1492 1757 1757 1836 confirmaremus

72 1847 197 1922 omnia,
222 1864 308 1927 quae
330 1842 498 1925 praelatae
522 1843 679 1906 ecclesiae
702 1844 786 1907 iuste
809 1852 842 1906 et
865 1843 1013 1925 legaliter
1036 1852 1238 1926 competunt,
1268 1844 1469 1925 suggestioni
1493 1855 1569 1911 tuac
1592 1857 1758 1929 gratanter

71 1945 269 2012 annuentes,
289 1954 350 2017 per
371 1932 466 1995 huius
482 1941 613 1995 nostrae
637 1933 880 1996 constitutionis
896 1933 1065 1997 decretum
1080 1943 1113 1997 et
1128 1931 1331 2013 apostolicae
1346 1933 1433 1996 sedis
1456 1933 1590 2000 liberale
1613 1937 1757 2000 edictum

72 2025 289 2089 concedimus
311 2032 345 2086 et
368 2021 599 2085 confirmamus
621 2022 692 2098 tibi,
716 2023 800 2085 sicut
822 2043 921 2104 supra
943 2023 1069 2105 legitur,
1102 2023 1231 2104 tuisque
1254 2023 1496 2087 successoribus
1519 2025 1643 2090 ibidem
1665 2047 1756 2109 regu-

70 2115 184 2179 lariter
213 2112 468 2197 promovendis,
502 2111 537 2174 in
568 2121 765 2194 perpetuum
796 2112 953 2193 quicquid
983 2112 1235 2194 praenominato
1266 2112 1466 2176 monasterio
1497 2115 1653 2195 pertinet,
1687 2127 1756 2180 tam

72 2225 160 2286 quae
191 2205 225 2267 in
257 2203 515 2286 praesentiarum
549 2201 707 2283 possidet,
744 2221 844 2283 quam
874 2221 956 2283 quae
988 2203 1021 2265 in
1052 2203 1160 2266 futuro
1190 2201 1419 2285 qualicumque
1451 2203 1553 2266 modo
1584 2205 1701 2268 divinis
1724 2215 1758 2269 et

70 2295 225 2358 humanis
247 2293 374 2374 legibus
398 2288 570 2373 adquirere
600 2291 731 2373 poterit,
763 2291 902 2354 scilicet:
932 2292 1041 2373 ipsum
1064 2291 1295 2354 monasterium
1324 2311 1397 2354 cum
1428 2292 1581 2356 omnibus
1604 2294 1701 2358 rebus
1724 2305 1757 2359 et

71 2382 340 2467 possessionibus
363 2381 429 2444 suis
444 2401 483 2443 ac
505 2381 710 2462 pertinentiis
733 2380 912 2445 mobilibus
931 2390 965 2444 et
987 2380 1211 2444 immobilibus
1234 2399 1371 2461 seseque
1393 2382 1610 2460 moventibus,
1634 2385 1756 2462 castris,

70 2474 165 2550 casis,
190 2472 281 2548 villis,
305 2471 487 2546 territoriis,
521 2469 666 2550 ecclesiis
699 2490 773 2533 cum
795 2470 946 2552 primitiis
969 2481 1003 2535 et
1027 2470 1301 2536 decimationibus
1325 2479 1454 2540 etcum
1477 2473 1640 2550 omnibus,
1671 2493 1756 2555 quae

70 2564 101 2626 ei
124 2564 182 2646 pia
198 2561 332 2625 devotio
355 2559 501 2623 fidelium
523 2560 623 2624 sacris
645 2559 766 2622 obtulit
787 2560 839 2622 vel
861 2560 1035 2624 contulerit
1058 2559 1297 2635 oblationibus,
1315 2568 1383 2622 tam
1399 2580 1459 2640 pro
1480 2560 1584 2625 salute
1607 2563 1756 2628 vivorum

70 2672 239 2735 quamque
268 2651 369 2714 etiam
399 2659 611 2712 mortuorum.
657 2646 845 2713 Statuentes
876 2670 936 2731 per
964 2650 1059 2716 huius
1090 2660 1222 2714 nostrae
1245 2648 1449 2730 apostolicae
1477 2650 1579 2727 sedis,
1614 2653 1665 2715 cui
1689 2650 1753 2716 deo

69 2742 210 2806 authore
232 2739 464 2822 praesidemus,
489 2738 722 2802 authoritatem
738 2748 772 2801 et
790 2739 892 2801 nostri
916 2739 1014 2802 edicti
1038 2739 1263 2802 inviolabilem
1287 2739 1566 2817 constitutionem,
1590 2752 1626 2805 ut
1648 2741 1753 2805 nullus

72 2835 151 2908 dux,
174 2829 330 2905 marchio,
356 2849 477 2905 comes,
500 2829 694 2904 vicecomes,
729 2837 785 2891 aut
808 2827 873 2890 alia
896 2847 1016 2910 magna
1038 2848 1206 2910 parvaque
1229 2848 1371 2909 persona
1394 2827 1626 2912 cuiuscumque
1650 2831 1752 2914 digni·

70 2921 150 2985 tatis
171 2920 224 2982 vel
248 2919 371 2982 ordinis
394 2928 510 2981 contra
532 2917 596 2981 hoc
617 2928 764 2982 nostrum
786 2917 992 2999 privilegium
1015 2928 1204 2999 praesumat
1226 2917 1417 2981 iamdictum
1440 2921 1675 2985 monasterium
1698 2931 1754 2986 aut

71 3021 114 3087 te,
139 3009 327 3074 charissime
350 3007 405 3084 fili,
439 3017 579 3090 tuosque
603 3007 635 3070 in
659 3016 855 3089 perpetuum
884 3027 1088 3070 successores
1110 3008 1152 3070 de
1175 3007 1272 3070 bonis
1296 3006 1465 3070 disvestire
1488 3018 1545 3072 aut
1571 3009 1752 3090 inquietare

71 3111 130 3164 aut
153 3098 276 3181 aliquid
299 3097 345 3160 ibi
369 3106 484 3160 contra
498 3117 609 3160 sacros
632 3116 775 3160 canones
798 3096 995 3159 constituere
1018 3096 1070 3166 vel
1086 3097 1249 3160 ordinare·
1293 3096 1327 3161 Si
1346 3097 1419 3177 quis
1441 3097 1546 3179 igitur,
1570 3099 1661 3180 quod
1684 3120 1751 3162 non

72 3199 237 3272 optamus,
260 3197 375 3250 contra
397 3185 461 3250 hoc
485 3197 632 3250 nostrum
656 3185 861 3268 privilegium
883 3185 994 3252 venire
1016 3186 1198 3262 tentaverit,
1222 3195 1256 3250 et
1278 3187 1372 3252 sicuti
1396 3196 1546 3250 anostra
1569 3189 1753 3270 apostolica

71 3279 272 3343 authoritate
291 3286 507 3358 praeceptum
530 3286 563 3340 et
586 3275 836 3338 corroboratum
859 3284 916 3351 est,
941 3295 1134 3357 permanere
1157 3295 1224 3340 non
1248 3275 1414 3350 dimiserit,
1445 3277 1535 3352 sciat,
1559 3297 1595 3340 se
1618 3276 1750 3342 anathe-

72 3369 170 3432 matis
199 3367 330 3430 vinculo
361 3365 605 3442 innodandum,
640 3365 700 3428 nisi
729 3365 814 3429 forte
845 3365 1026 3447 resipuerit·
1045 3365 1213 3447 digneque¹
1237 3364 1439 3438 satisfecerit.
1487 3364 1552 3446 Qui
1581 3386 1660 3431 vero
1692 3369 1750 3450 pio

72 3459 191 3522 intuitu
215 3456 409 3520 observator
431 3457 464 3518 in
487 3455 641 3520 omnibus
664 3455 816 3530 extiterit,
850 3455 1037 3518 custodiens
1060 3453 1154 3522 huius
1178 3455 1279 3518 nostri
1303 3454 1463 3537 privilegii
1488 3456 1673 3533 constituta,
1707 3457 1750 3520 ad

71 3548 197 3611 cultum
213 3546 266 3609 dei
282 3545 499 3627 respicientis'
516 3544 757 3608 benedictionis
779 3545 921 3626 gratiam
935 3564 955 3608 a
970 3544 1272 3608 misericordissimo
1293 3543 1429 3608 domino
1453 3543 1517 3608 deo
1533 3557 1751 3627 consequatur

71 3648 105 3702 et
129 3638 217 3700 vitae
239 3645 392 3698 aeternae
413 3635 579 3718 particeps
603 3643 774 3698 mereatur.
1329 3709 1331 3716 ,
1408 3671 1434 3692 ,ψ
1522 3715 1523 3718 ¹

288 3721 350 3808 uo
1216 3782 1218 3788 .
1362 3719 1481 3807 (M),

232 3814 357 3877 Datum
387 3835 448 3895 per
476 3833 592 3876 manus
622 3812 795 3887 Bernardi,
830 3822 964 3874 sanctae
986 3812 1195 3875 Prenestinae
1225 3813 1382 3876 ecclesiae
1405 3814 1563 3896 episcopi.
1595 3827 1619 3876 v
1635 3815 1749 3878 Nonas

72 3905 187 3968 Maias.
226 3902 327 3966 Anno
351 3903 394 3966 ab
419 3903 643 3966 incarnatione
667 3901 792 3964 domini
816 3915 913 3964 MLXI.
959 3901 1060 3964 Anno
1084 3902 1180 3965 tertio
1203 3902 1414 3984 pontificatus
1438 3903 1566 3967 Nicolai
1590 3924 1699 3986 papae
1713 3919 1748 3968 11.

70 3993 256 4057 Indictione
278 4006 364 4056 x1111.

231 4106 354 4170 Absclnst
370 4106 411 4154 des
428 4104 485 4155 MS.
503 4107 546 4154 lat.
566 4105 650 4154 13915
661 4105 712 4170 sol.
731 4105 774 4165 97,
793 4104 820 4153 in
838 4104 881 4154 der
899 4104 961 4154 Bibl.
978 4103 1108 4154 Natiormle
1124 4121 1155 4153 cu
1174 4105 1252 4156 Pan's.

229 4179 284 4240 „Le
301 4194 354 4240 ma,
373 4173 405 4226 orl
422 4194 438 4226 a
456 4173 493 4226 ele'
509 4173 583 4240 copie'e
601 4184 655 4227 cette
668 4173 739 4242 price,
758 4182 792 4225 est
808 4172 871 4225 dita
887 4177 977 4225 Claude
998 4177 1141 4240 Chantelou,
1155 4175 1235 4242 prim
1252 4178 1281 4228 de
1298 4179 1323 4227 la
1346 4175 1519 4245 Congre'gation
1536 4179 1564 4228 dc
1583 4177 1711 4230 St.·Maur
1727 4187 1749 4230 et

66 4251 178 4317 pravam
193 4251 223 4301 de
241 4249 411 4301 Sc-Gcrma'e'n
428 4249 468 4298 des
487 4247 574 4299 Pre's“.
868 4273 869 4280 ¹
1067 4252 1070 4258 '
1118 4275 1121 4280 ·
1212 4261 1214 4266 ·
1243 4253 1245 4258 “
1303 4275 1305 4280 ·
1339 4255 1341 4258 ’
1414 4263 1430 4278 ·=
1502 4252 1507 4258 ’
1568 4277 1570 4280 -
1704 4253 1723 4258 ”

805 4533 895 4620 ¹Nr.
928 4536 988 4610 12.

67 4689 252 4754 Alexander
281 4679 326 4752 ΙῘ
358 4687 508 4770 bestc'z'tigt
544 4688 619 4753 dem
652 4685 884 4838 Kapiteleop
901 4683 1136 4839 rivatim-Bam
1165 4695 1197 4749 et
1225 4685 1349 4751 „ta-Pal
1383 4687 1424 4752 de
1455 4688 1616 4762 Besanaon
1659 4686 1745 4754 seme

822 4795 901 4840 esta
957 4795 1035 4839 mer.

690 4913 773 4973 1069
787 4907 891 4993 April
902 4911 952 4972 13.
983 4909 1132 4972 Lateran.

225 5047 418 5110 Alexander
432 5047 617 5128 episcopus,
640 5066 751 5110 servus
766 5065 934 5110 servorum
950 5044 1011 5120 dei,
1035 5043 1212 5120 Vuicard0,
1237 5045 1363 5109 decano
1384 5042 1595 5130 canoni(c)ae
1611 5059 1744 5113 sanctae

69 5139 191 5201 Mariae
222 5147 256 5201 et
278 5137 382 5200 sancti
410 5137 514 5212 Pauli,
545 5136 683 5198 Bisuntii
716 5137 859 5217 positae,
891 5135 1093 5214 caeterisque
1124 5134 1289 5198 canonicis
1319 5145 1513 5216 perpetuam
1544 5136 1576 5199 in
1608 5137 1744 5203 domino

66 5227 214 5291 salutem.
268 5225 407 5307 Quoties
438 5246 457 5288 a
486 5225 583 5290 nobis
613 5235 781 5306 petuntur,
813 5245 896 5307 quae
928 5224 1100 5287 atramite
1129 5224 1471 5304 ecclesiasticarum)
1504 5226 1744 5291 institutionum

66 5337 132 5380 non
155 5317 353 5397 discrepant,
377 5325 534 5397 prompta
558 5315 693 5378 caritate
716 5314 875 5378 debemus
898 5315 977 5377 talia
998 5313 1213 5395 poscentibus
1228 5324 1377 5378 nostrum
1392 5314 1551 5396 praebere
1567 5331 1742 5394 assensum,

67 5415 99 5469 et
122 5416 156 5469 ut
179 5405 276 5468 firma
298 5415 331 5468 et
354 5405 511 5468 inviolata
533 5404 719 5487 perdurent,
750 5403 870 5467 favoris
893 5404 996 5468 nostri
1026 5412 1194 5485 gratanter
1225 5404 1382 5488 impertiri
1412 5405 1610 5486 suffragium.
1656 5407 1742 5488 Qua·

67 5505 210 5577 propter,
234 5495 436 5557 dilectissimi
460 5494 525 5571 filii,
558 5495 714 5576 quoniam
737 5493 914 5557 humilimis
937 5491 1089 5575 precibus
1112 5503 1258 5557 nostram
1281 5493 1538 5558 misericordiam
1562 5493 1741 5578 flagitastis,

66 5595 226 5668 quatenus
248 5584 452 5665 praedictam
475 5584 668 5648 canonicam
690 5593 842 5660 vestram,
873 5583 934 5648 sub
958 5583 1060 5647 tutela
1088 5584 1292 5665 apostolicae
1323 5582 1522 5648 defensionis
1554 5597 1741 5669 susceptam

225 5758 251 5824 a)
271 5759 378 5808 eclesiae
398 5761 430 5810 B.

1496 5839 1535 5893 2*
