4126 6356
303 319 363 394 162

299 517 405 600 petuis
433 513 546 579 suturis
569 511 772 596 temporibus
794 507 929 578 firmiter
952 505 1152 575 observetur.
1198 506 1232 576 Si
1255 531 1320 592 qua
1422 504 1554 572 Cunctis
1578 512 1688 572 autern
1714 500 1970 570 ...inveniant

298 605 417 668 Amen.
463 603 582 667 Arnen.
628 602 747 667 Amen.

510 690 566 776 (R)
590 692 663 774 Ego
686 691 880 756 Anastasius
903 689 1065 753 catholice
1087 688 1225 752 ecclesie
1247 688 1423 770 episcopus
1446 707 1487 749 ss.

510 781 530 863 †
552 781 625 864 Ego
648 779 788 845 Ymarus
810 777 1038 864 (Tusculanus)
1061 781 1238 861 episcopus
1261 795 1303 840 ss.

511 873 532 950 t
554 870 628 952 Ego
651 869 809 934 Nicolaus
831 868 984 933 Albanus
1007 869 1183 950 episcopus
1207 885 1248 929 ss.

510 958 530 1040 †
553 957 626 1042 Ego
651 959 748 1023 lulius
771 960 934 1042 presbiter
956 957 1127 1021 cardinalis
1151 957 1199 1019 tit.
1222 954 1323 1018 sancti
1347 952 1489 1017 Marcelli
1512 971 1553 1014 ss.

510 1046 531 1131 †
554 1047 628 1132 Ego
652 1045 730 1112 Odo
754 1048 913 1112 diaconus
936 1046 1110 1111 cardinalis
1133 1047 1237 1109 sancti
1260 1043 1391 1108 Nicolai
1415 1045 1446 1106 in
1469 1061 1600 1106 carcere
1622 1039 1772 1103 Tulliano
1796 1057 1837 1102 ss.

508 1136 530 1218 †
553 1136 625 1220 Ego
650 1136 759 1201 Guido
782 1139 941 1200 diaconus
963 1135 1135 1199 cardinalis
1158 1143 1272 1198 sancte
1295 1135 1399 1197 Marie
1422 1135 1455 1195 in
1477 1133 1608 1195 Porticu
1631 1149 1673 1192 ss.

511 1223 531 1310 †
555 1227 628 1309 Ego
651 1227 814 1291 Iohannes
837 1228 996 1290 diaconus
1020 1224 1190 1288 cardinalis
1213 1232 1399 1286 sanctorum
1423 1219 1527 1303 Sergii
1551 1228 1583 1282 et
1606 1218 1707 1284 Bachi
1729 1237 1770 1280 sa.

457 1315 533 1378 Dat.
550 1315 713 1392 Laterani,
736 1335 796 1399 per
819 1336 949 1379 manum
966 1312 1115 1391 Rolandi‚
1138 1321 1251 1376 sancte
1274 1312 1422 1375 Romane
1446 1310 1582 1373 ecclesie
1605 1307 1776 1392 presbiteri
1799 1304 1973 1370 cardinalis

298 1412 332 1469 et
354 1403 546 1469 cancellarii.
592 1419 656 1470 xm
678 1405 731 1468 Kl
753 1405 914 1468 Decemb.
959 1405 1142 1467 indictione
1171 1417 1219 1466 111.
1264 1400 1493 1465 Incarnatiouis
1523 1399 1686 1462 dominice
1709 1415 1795 1460 anno
1819 1391 1973 1481 (domini)

298 1506 432 1557 MCL1111.
477 1495 689 1559 Pontificatus
712 1515 791 1559 vero
815 1493 927 1558 domni
950 1495 1117 1557 Anastasii
1141 1511 1228 1575 pape
1251 1505 1302 1555 1111
1326 1511 1411 1554 anno
1435 1489 1589 1552 secundo.

458 1607 658 1675 lmprblurkunde
675 1610 715 1660 des
733 1609 767 1660 13
778 1609 882 1674 Jahrb,
900 1607 956 1659 sehr
971 1613 1075 1669 urslo'rt,
1095 1605 1253 1672 (Camaldoli,
1272 1607 1340 1656 1154
1353 1604 1438 1655 Marso
1450 1606 1505 1670 20),
1524 1603 1557 1654 im
1569 1601 1683 1652 Archivr'o
1701 1601 1728 1650 dr'
1738 1601 1806 1650 Statu
1823 1617 1851 1650 au
1862 1601 1974 1650 Horma

1042 1918 1110 1993 Nr.
1140 1919 1226 1992 151.

300 2051 455 2120 Hadrian
472 2051 533 2118 IV
546 2052 663 2119 m'mmt
685 2052 748 2117 das
772 2043 904 2115 Kloster
925 2049 1080 2114 Falerone
1103 2049 1162 2130 (D.
1188 2049 1320 2126 Ferme)
1351 2048 1384 2110 in
1412 2045 1644 2129 apostolisclren
1676 2044 1794 2110 Schuta
1824 2043 1897 2108 und
1926 2041 1974 2107 be·

779 2139 893 2225 stdtrgt
912 2140 999 2204 seine
1022 2137 1258 2204 Besitztlzrimer
1278 2136 1346 2200 und
1367 2137 1493 2201 Rechte.

800 2275 883 2338 1155
902 2271 1039 2347 Januar
1052 2273 1106 2336 12.
1139 2268 1175 2336 S.
1192 2271 1287 2334 Peter
1300 2290 1361 2334 von
1377 2268 1469 2333 Rom.

461 2401 628 2468 Adrianus
652 2405 837 2490 episcopus,
860 2425 971 2469 servus
994 2423 1164 2468 servorum
1186 2402 1250 2479 dei,
1272 2402 1400 2466 dilectis
1423 2403 1496 2467 filiis
1519 2403 1625 2478 Petro,
1648 2401 1762 2466 abbati
1788 2401 1974 2465 monasterii

301 2493 495 2558 Fallerensis
513 2491 546 2579 ¹),
577 2495 713 2575 eiusque
742 2493 909 2572 iratribuS,
941 2502 1007 2558 tam
1040 2493 1246 2576 presentibus
1277 2511 1375 2574 quam
1406 2493 1530 2568 futuris,
1561 2491 1743 2574 regularem
1775 2491 1875 2554 vitam
1899 2511 1976 2574 pro·

302 2584 410 2659 sessis,
442 2584 473 2645 in
505 2591 711 2666 perpetuum.
757 2585 854 2648 Iustis
877 2584 1103 2668 religiosorum
1127 2581 1297 2646 desideriis
1321 2582 1504 2646 consentire
1528 2602 1566 2644 ac
1589 2581 1838 2644 rationabilibus
1861 2600 1974 2643 eorum

304 2671 580 2756 postulationibus
604 2671 781 2738 clementer
803 2693 955 2750 annuere,
989 2672 1171 2756 apostolice
1194 2672 1296 2748 sediS,
1327 2673 1379 2734 cui
1408 2671 1566 2754 largiente
1596 2671 1733 2734 domino
1763 2669 1973 2743 deservimus,

304 2761 504 2825 auctoritatis
535 2771 569 2825 et
591 2761 732 2826 fraterne
761 2763 901 2826 caritatis
932 2763 1037 2825 unitas
1069 2781 1128 2824 nos
1152 2760 1309 2823 hortatur.
1356 2757 1528 2842 Quocirca,
1559 2761 1669 2823 dilecti
1697 2759 1728 2821 in
1752 2760 1887 2822 domino
1910 2758 1973 2832 filii,

304 2851 419 2914 vestris
453 2850 544 2914 iustis
575 2851 849 2934 postulationibus
883 2851 1062 2914 clementer
1093 2851 1272 2927 annuimus
1304 2856 1337 2912 et
1366 2849 1532 2932 prefatum
1565 2848 1811 2925 monasterium,
1846 2847 1878 2910 in
1907 2867 1974 2928 quo

305 2940 414 3003 divino
439 2940 615 3022 mancipati
648 2941 724 3004 estis
756 2939 929 3021 obsequio,
959 2938 1021 3002 sub
1051 2937 1142 3002 beati
1164 2938 1249 3002 Petri
1280 2945 1313 3000 et
1343 2947 1455 3002 nostra
1477 2940 1683 3022 protectione
1705 2937 1910 3020 suscipimus,
1942 2943 1975 2998 et

305 3030 466 3111 presentis
488 3028 601 3111 scripti
624 3029 793 3113 privilegio
817 3029 1065 3093 communimus.
1111 3025 1308 3102 Statuentes,
1336 3033 1372 3090 ut
1394 3047 1600 3108 quecumque
1623 3028 1720 3103 bona,
1752 3044 1975 3108 quascumque

306 3119 531 3199 possessiones
565 3117 652 3180 idem
693 3121 927 3183 monasterium
959 3119 991 3182 in
1025 3117 1263 3201 presentiarum
1296 3116 1378 3180 iuste
1411 3125 1444 3180 et
1478 3117 1632 3180 canonice
1670 3117 1820 3198 possidet
1854 3122 1911 3178 aut
1944 3115 1974 3177 in

305 3207 448 3269 futurum
482 3207 697 3272 concessione
725 3206 932 3291 pontificum,
964 3205 1136 3288 largitione
1171 3225 1283 3288 regum
1314 3205 1366 3268 vel
1399 3207 1598 3289 principum,
1633 3204 1803 3268 oblatione
1833 3203 1973 3267 fidelium

306 3313 364 3358 seu
387 3293 455 3357 aliis
478 3296 571 3359 iustis
594 3295 709 3373 modis,
732 3304 901 3380 prestante
924 3297 1071 3370 domin0,
1096 3296 1218 3377 poterit
1241 3295 1385 3377 adipisci,
1410 3293 1502 3358 firma
1524 3295 1619 3359 vobis
1642 3295 1823 3374 vestrisque
1848 3313 1974 3357 succes·

306 3385 436 3448 soribus
459 3391 493 3446 et
515 3384 639 3448 illibata
662 3393 885 3469 permaneant
930 3383 967 3448 In
989 3383 1109 3465 quibus
1125 3383 1187 3446 hec
1210 3383 1351 3466 propriis
1374 3383 1527 3447 duximus
1550 3385 1766 3467 exprimenda
1787 3381 1974 3447 vocabulis:

306 3473 415 3536 locum
438 3471 567 3538 Fallere
590 3491 663 3537 cum
691 3475 895 3558 appendiciis
917 3475 992 3548 suiS,
1016 3473 1135 3550 locum,
1158 3475 1192 3536 in
1215 3491 1281 3554 quo
1305 3475 1472 3554 quondam
1495 3472 1555 3536 luit
1585 3471 1723 3536 ecclesia
1746 3474 1850 3536 sancti
1874 3470 1976 3536 Grati-

304 3561 390 3639 liani,
413 3581 487 3624 curu
511 3563 713 3645 appendiciis
736 3565 810 3640 suis,
833 3565 945 3627 vineas
969 3561 1012 3625 de
1027 3561 1184 3638 Terrano,
1209 3569 1243 3625 et
1266 3560 1374 3625 locum
1398 3565 1500 3625 sancti
1522 3561 1673 3626 Iohannis
1697 3563 1739 3625 de
1755 3563 1881 3626 Toram
1904 3582 1975 3624 cum

304 3651 509 3734 appendiciis
533 3654 607 3728 suis,
638 3660 757 3736 terram
782 3655 825 3718 de
848 3652 994 3727 Closura,
1027 3656 1244 3736 terram,un
1276 3659 1326 3713 est
1348 3670 1370 3714 a
1391 3651 1487 3714 Fulta
1511 3652 1569 3716 rivi
1592 3651 1636 3715 de
1658 3649 1851 3736 Marignano
1875 3671 1977 3732 usque

304 3741 347 3803 ad
367 3739 499 3804 Vadum
522 3741 638 3818 salicis,
663 3750 696 3805 et
718 3762 738 3805 a
760 3743 830 3806 rivo
854 3743 956 3805 sancti
977 3737 1154 3814 Gratiliani,
1177 3737 1261 3802 sicut
1283 3739 1399 3803 dividit
1420 3747 1506 3803 terra
1527 3743 1631 3804 sancti
1653 3741 1783 3817 Leonis,
1807 3761 1914 3823 usque
1935 3741 1975 3804 ad

304 3829 389 3892 viam
413 3830 457 3892 de
480 3828 596 3906 Casali,
620 3836 654 3894 et
675 3831 783 3895 tendit
804 3832 847 3894 ad
871 3828 989 3893 vallem
1012 3828 1056 3892 de
1071 3828 1270 3911 Madgnono‚
1294 3829 1458 3912 grangiam
1484 3849 1616 3911 quoque
1639 3831 1681 3893 de
1704 3830 1795 3894 sonte
1811 3827 1975 3906 Sambuci

306 3926 339 3982 et
369 3925 498 3995 terram,
529 3938 629 3999 quam
660 3921 753 3983 dedit
779 3920 875 3982 vobis
897 3927 1010 3982 sancte
1034 3919 1192 3981 memorie
1223 3937 1311 4001 papa
1334 3917 1499 4000 Eugenius
1530 3938 1604 3981 cum
1637 3937 1797 3982 consensu
1826 3917 1977 3984 Oddonis

306 4007 621 4090 Frangentispanem
652 4016 686 4071 et
708 4009 793 4072 Petri
814 4008 904 4071 Latri
938 4015 971 4070 et
993 4003 1164 4090 Stephani,
1193 4008 1250 4089 qui
1273 4005 1428 4070 Francius
1451 4015 1597 4084 vocatur,
1620 4015 1653 4071 et
1675 4007 1864 4084 Theodore,
1887 4029 1907 4071 a
1931 4009 1977 4071 via

306 4095 360 4159 del
383 4095 465 4174 Sais,
489 4115 554 4178 que
576 4097 666 4160 vadit
688 4098 730 4161 ad
754 4096 869 4160 silvam
893 4095 1033 4159 Rolandi
1057 4103 1090 4159 et
1112 4115 1132 4158 a
1154 4097 1342 4160 summitate
1366 4098 1486 4160 montis
1511 4091 1708 4174 Carbonarii,
1739 4099 1823 4162 sieut
1856 4099 1978 4180 pendet

306 4205 417 4248 versus
449 4186 625 4268 grangiam,
658 4186 828 4268 usquead
859 4192 978 4268 puteos
1008 4191 1042 4247 et
1064 4204 1168 4265 usque
1190 4185 1233 4247 ad
1263 4186 1447 4268 predictam
1470 4185 1597 4266 sylvam
1621 4186 1777 4261 Rolandi,
1808 4186 1977 4250 ecclesiam

307 4276 407 4337 etiam
430 4275 533 4337 sancti
556 4275 687 4339 Martini
718 4295 791 4338 cum
816 4272 1021 4358 appendiciis
1044 4275 1123 4350 suis,
1153 4282 1188 4337 et
1218 4273 1390 4350 ecclesiam
1421 4277 1525 4338 sancti
1549 4273 1725 4339 Salvatoris
1756 4296 1832 4339 cum
1856 4297 1978 4359 appen-

307 4364 400 4426 diciis
422 4364 497 4438 suis,
521 4370 670 4445 preterea
692 4364 885 4447 speluncam
908 4363 951 4425 de
969 4359 1175 4428 Calcannano
1190 4364 1287 4426 vobis
1303 4363 1508 4428 nihilominus
1532 4364 1770 4429 confirmamus.
1800 4365 1977 4430 Statuimus

308 4455 407 4517 etiam
442 4460 475 4516 et
513 4453 672 4534 presentis
705 4453 829 4517 decreti
869 4453 1051 4515 assertione
1086 4451 1268 4528 firmamus,
1302 4461 1339 4517 ut
1372 4457 1604 4517 monasterium
1636 4461 1779 4518 vestrum
1814 4455 1858 4518 ab
1895 4453 1978 4518 omni

308 4544 482 4606 exactione
505 4541 660 4606 laicarum
684 4561 897 4625 personarum
920 4541 952 4604 in
976 4547 1172 4624 perpetuum
1194 4535 1339 4606 liberum
1358 4552 1497 4618 maneat,
1521 4552 1554 4606 et
1576 4542 1679 4607 nullus
1702 4565 1722 4606 a
1744 4543 1837 4607 vobis
1860 4546 1978 4607 audeat

309 4631 454 4714 qualibet
487 4631 642 4695 violentia
676 4631 794 4712 aliquid
830 4639 1036 4711 extorquere.
1098 4627 1185 4694 Sane
1218 4630 1370 4696 laborum
1404 4640 1587 4696 vestrorum
1621 4634 1664 4696 de
1699 4633 1807 4708 terris,
1849 4654 1933 4716 quas
1961 4653 1978 4696 a

307 4721 458 4784 Romana
482 4721 619 4784 ecclesia
641 4722 828 4804 possidetis,
860 4739 941 4801 quas
965 4721 1064 4784 etiam
1088 4721 1229 4802 propriis
1262 4723 1412 4785 manibus
1435 4729 1491 4784 aut
1513 4721 1696 4804 sumptibus
1729 4721 1844 4798 colitis,
1876 4723 1978 4786 nullus

309 4809 444 4873 avobis
467 4809 611 4873 decimas
633 4818 801 4893 presumat
823 4812 966 4892 exigere.
1011 4807 1228 4873 Prohibemus
1260 4811 1399 4893 insuper,
1433 4819 1468 4874 ut
1491 4809 1593 4873 nullus
1626 4811 1796 4894 fugitivum
1826 4821 1979 4886 vestrum,

309 4901 378 4962 sive
408 4901 450 4961 sit
478 4899 656 4963 monachus
685 4899 738 4965 vel
770 4918 957 4976 conversus,
988 4899 1058 4962 sine
1089 4906 1196 4962 vestra
1226 4899 1358 4962 licentia
1390 4902 1536 4981 recipere
1565 4901 1685 4964 audeat
1717 4919 1774 4963 seu
1802 4909 1978 4984 receptum,

309 4995 486 5071 postquam
510 5008 530 5051 a
552 4989 646 5053 vobis
678 4990 774 5054 fuerit
806 4987 994 5071 requisitus,
1027 4988 1202 5051 occasione
1232 4989 1342 5070 aliqua
1372 4989 1520 5052 retinere.
1567 4990 1782 5054 Decernimus
1813 5009 1909 5074 ergo,
1948 4997 1980 5052 ut

311 5076 389 5140 nulli
418 5077 554 5140 omnino
583 5075 753 5144 hominum
785 5079 900 5155 liceat,
931 5075 1092 5159 prelatum
1125 5079 1357 5142 monasterium
1388 5098 1468 5141 ausu
1499 5079 1671 5143 temerario
1702 5079 1896 5163 perturbare
1929 5087 1980 5143 aut

310 5167 379 5229 eius
402 5167 624 5250 possessiones
646 5168 772 5232 auferre
794 5168 847 5232 vel
870 5165 996 5231 ablatas
1020 5168 1168 5243 retinere,
1193 5169 1338 5230 minuere
1354 5187 1411 5230 seu
1435 5167 1634 5248 quibuslibet
1656 5168 1887 5233 vexationibus
1913 5170 1981 5233 fati·

310 5275 396 5338 gare,
426 5256 485 5319 sed
512 5255 638 5320 illibata
667 5259 778 5322 omnia
811 5263 845 5320 et
877 5258 1003 5338 integra
1025 5265 1260 5320 conserventur
1282 5277 1404 5334 eorum,
1435 5277 1496 5340 pro
1521 5276 1660 5337 quorum
1691 5257 1930 5340 gubernatione
1952 5265 1981 5323 et

309 5344 568 5409 substentatione
591 5365 747 5410 concessa
763 5353 848 5422 sunt,
870 5344 981 5408 usibus
998 5344 1196 5408 omnimodis
1217 5345 1396 5428 profutura,
1420 5345 1509 5410 salva
1524 5347 1612 5410 sedis
1635 5345 1819 5430 apostolice
1841 5351 1980 5413 auctori·

311 5439 388 5498 tate.
433 5429 468 5498 Si
491 5451 556 5514 qua
579 5436 677 5518 igitur
803 5433 938 5499 Cunctis
961 5441 1071 5497 autem
1198 5435 1370 5498 inveniant
1415 5433 1534 5500 Arnen.

473 5627 631 5696 1)Falerone
654 5643 710 5678 war
729 5627 768 5678 ein
788 5629 852 5676 alter
874 5624 1027 5691 Br'scllossrr'ta
1042 5641 1155 5692 gewesm,
1179 5628 1254 5693 vergi.
1276 5625 1419 5692 Coppelleth',
1448 5627 1526 5678 Ckiese
1544 5627 1592 5677 ΙΙΙ
1600 5635 1627 5692 p.
1648 5628 1717 5686 two,-
1737 5627 1769 5680 G.
1791 5627 1899 5692 Colurrr',
1919 5629 1983 5680 Sulle

310 5699 404 5750 antiche
421 5697 477 5749 cr'ttri
495 5699 583 5750 Falera
601 5707 624 5749 et
644 5698 741 5766 Tignio.
779 5697 864 5748 Ferme
883 5699 960 5748 1777.
