4126 6356
1677 316 1737 378 ¹49

730 483 733 488 ’
810 479 875 552 Ns.
909 483 994 554 140.

66 609 263 674 Anastasius
279 611 302 673 I
308 611 537 692 Vbeaustragt
555 609 616 673 den
635 608 958 674 Kardinaldz'akonen
983 612 1167 691 Jacintlms,
1190 613 1299 692 dafri'r
1322 613 1423 696 Surge
1444 637 1484 678 au
1508 625 1634 698 tragen,
1660 617 1738 681 dass

66 700 118 763 die
145 698 361 780 Erabisclz'ose
387 720 447 762 von
475 699 600 782 Eraga,
639 699 825 781 Tarragona
850 702 918 764 und
939 702 1094 782 Santiago
1120 701 1160 763 de
1189 701 1402 786 Campostella
1428 706 1501 768 dem
1529 706 1738 788 Erebiscltofe

479 810 539 851 von
567 789 679 852 Tuledo
702 791 755 852 als
776 790 879 852 ilzrem
895 790 1063 853 Primaten
1072 791 1257 872 gelzorclzen
1276 797 1310 872 ι).

680 926 764 986 1154
788 924 864 986 Mai
877 925 926 986 15.
964 924 1113 987 Lateran.

225 1074 419 1137 Anastasius
436 1075 619 1156 episcopus,
643 1096 754 1137 servus
770 1094 937 1136 servorum
954 1076 1014 1151 dei,
1032 1075 1152 1137 dilecto
1169 1076 1201 1136 in
1219 1073 1348 1139 Christo
1364 1077 1431 1140 filio
1447 1079 1579 1155 lacinto,
1598 1080 1738 1144 diacono

66 1164 222 1226 cardinali
240 1164 275 1244 2),
306 1164 488 1248 apostolice
521 1163 608 1226 sedis
639 1164 765 1244 legat0,
794 1165 931 1226 salutern
962 1175 996 1226 et
1025 1165 1241 1245 apostolicam
1272 1163 1545 1231 benedictionem.
1591 1170 1644 1232 Ex
1672 1191 1738 1252 quo

66 1252 239 1334 prudentie
278 1265 332 1337 tue
367 1263 495 1334 partem
528 1253 754 1316 sollicitudinis
785 1264 894 1337 nostre
925 1255 990 1315 iam
1023 1254 1262 1316 commissimus
1293 1266 1352 1316 etc.
1399 1257 1604 1320 Venerabilis
1634 1259 1739 1321 fratris

65 1344 164 1405 nostri
183 1341 336 1405 Toletani
354 1341 592 1424 archiepiscopi
611 1340 636 1420 ³)
661 1343 826 1423 querelam
852 1363 955 1423 nuper
978 1343 1172 1423 accepimus
1198 1345 1384 1406 asserentis:
1408 1346 1609 1410 venerabiles
1627 1348 1739 1411 iratres

66 1441 195 1494 nostros
219 1431 483 1506 Bracharensem,
507 1432 785 1494 Terraconensem
814 1442 847 1494 et
870 1430 1231 1512 Compostellanensem
1262 1434 1527 1514 archiepiscopos
1560 1436 1647 1498 nolle
1677 1439 1738 1519 ipsi

65 1522 195 1602 primati
221 1541 281 1584 suo
305 1520 530 1583 obedientiam
554 1521 701 1583 debitam
724 1519 889 1596 exhibere,
920 1542 994 1583 curn
1018 1531 1094 1583 ante
1118 1541 1178 1584 nos
1193 1523 1382 1584 Bracarensi
1399 1521 1435 1603 ⁴),
1461 1523 1695 1588 Terraconensi
1713 1526 1738 1604 ⁵)

66 1621 97 1672 et
113 1609 434 1690 Compostellanensi
452 1611 569 1672 nostris
587 1611 705 1673 deinde
722 1611 835 1674 litteris
859 1610 1092 1683 mandavimus
1116 1622 1152 1672 ut
1167 1611 1256 1672 illam
1272 1612 1300 1673 ei
1325 1611 1503 1674 exhibeant
1527 1618 1739 1678 reverentiam

66 1711 98 1761 et
120 1700 358 1775 obedientiam,
383 1720 467 1780 quae
491 1710 551 1761 etc.
599 1697 770 1780 Quocirca,
796 1721 836 1763 ne
860 1701 947 1761 idem
972 1699 1069 1762 frater
1092 1709 1203 1762 noster
1226 1702 1267 1762 de
1290 1701 1352 1763 sibi
1369 1701 1535 1763 subtracta
1551 1702 1741 1767 obedientia

67 1789 222 1870 conqueri
249 1789 356 1850 denuo
381 1788 604 1870 compellatur,
635 1810 695 1870 per
718 1791 881 1871 presentia
905 1789 964 1851 tibi
988 1790 1110 1870 scripta
1138 1790 1339 1864 mandamus
1374 1800 1541 1871 quatenus,
1574 1793 1657 1855 sicut
1680 1815 1740 1857 nos

67 1877 126 1938 alia
157 1879 231 1940 vice
266 1878 461 1958 supradictis
494 1877 645 1940 fratribus
687 1879 805 1941 nostris
843 1878 1033 1959 apostolicis
1072 1878 1185 1940 litteris
1218 1879 1431 1954 iniunximus,
1468 1882 1740 1960 praecedentibus

67 1967 249 2029 denotetur.
295 1968 344 2028 Ita
375 1978 409 2029 et
439 1967 480 2029 ab
512 1968 558 2029 eis
588 1967 771 2030 firmissime
803 1968 902 2031 lacias
932 1969 1106 2030 observare
1139 1979 1200 2031 etc.
1234 1969 1326 2031 aliter
1356 1970 1560 2045 sententiam,
1584 1991 1683 2052 quam
1708 1974 1739 2034 in

68 2077 121 2118 eos
145 2067 209 2118 etc.
235 2091 279 2100 -
302 2057 378 2118 Dat.
402 2057 564 2132 Laterani,
589 2057 664 2118 Idus
689 2058 766 2119 Mai.

227 2168 352 2233 Abschrist
368 2169 408 2218 des
429 2170 484 2218 Cod.
507 2170 533 2218 C.
554 2171 588 2218 23
598 2171 648 2233 sol.
668 2173 711 2229 80,
730 2169 756 2218 in
774 2171 817 2218 der
835 2171 897 2221 Bibl.
921 2171 1085 2220 lbllicellr'oua
1102 2187 1131 2218 au
1150 2172 1219 2220 Rom.

227 2241 301 2290 Dazu
319 2241 350 2290 ist
366 2241 482 2290 berreerkt:
505 2243 533 2292 ln
553 2243 659 2307 registro
678 2242 765 2292 domni
782 2243 908 2292 Anastasii
927 2255 975 2293 1111.

814 2616 881 2690 Nr.
907 2621 991 2692 141.

10 2857 11 2860 ¹
71 2771 262 2837 Artastasius
279 2770 339 2835 IV
351 2773 469 2836 nimmt
496 2773 551 2836 die
568 2772 840 2858 Kollegz'atkz'rclze
864 2772 954 2840 Sant'
970 2774 1102 2838 Andrea
1126 2775 1165 2839 di
1188 2775 1336 2840 Carrara
1352 2775 1410 2858 (D.
1429 2777 1538 2862 Luna)
1563 2775 1598 2840 in
1620 2785 1741 2859 aposto·

326 2863 448 2926 lischen
468 2861 586 2927 Schuta
608 2866 677 2930 und
696 2865 847 2947 bestdtzgt
868 2865 940 2927 ihre
964 2864 1200 2928 Besitztlzz'imer
1220 2868 1289 2930 und
1309 2866 1429 2930 Recltte
1445 2868 1484 2948 ⁸).

656 3026 739 3086 1154
764 3025 840 3087 Mai
861 3027 911 3088 17.
958 3025 1103 3089 Lateran
1118 3025 1156 3110 ⁷).

229 3185 424 3249 Anastasius
448 3187 632 3268 episcopus,
656 3207 766 3250 servus
789 3206 955 3249 servorum
980 3187 1041 3262 dei,
1067 3187 1192 3250 dilectis
1215 3186 1288 3250 filiis
1303 3187 1467 3263 Rainerio,
1490 3188 1589 3269 priori
1607 3186 1743 3249 ecclesie

74 3275 169 3336 sancti
193 3275 331 3360 Andree
355 3275 396 3338 de
421 3274 579 3351 Carraria,
611 3276 744 3357 eiusque
768 3275 927 3351 fratribus
958 3284 1026 3337 tam
1050 3277 1255 3357 presentibus
1279 3297 1377 3358 quam
1409 3277 1530 3352 futuris,
1563 3276 1743 3357 regularem

74 3364 166 3425 vitam
192 3365 359 3445 professis,
382 3379 420 3427 IN
436 3379 512 3426 PPM.
537 3402 577 3410 -
598 3360 604 3447 Ι
624 3365 797 3446 Religiosis
820 3366 905 3427 votis
929 3385 1069 3427 annuere
1092 3376 1126 3427 et
1149 3387 1187 3428 ea
1211 3367 1319 3446 operis
1342 3366 1544 3429 exhibitione
1568 3364 1742 3446 complere,

75 3453 215 3514 officium
232 3473 294 3516 nos
310 3454 425 3516 invitat
440 3455 582 3535 suscepti
605 3456 769 3534 regiminis
793 3466 825 3517 et
847 3455 928 3517 ordo
944 3455 1072 3516 videtur
1087 3456 1217 3535 exigere
1234 3456 1377 3518 rationis,
1415 3456 1608 3536 Eapropter,
1634 3454 1741 3516 dilecti

75 3542 103 3602 in
119 3541 258 3604 domino
279 3543 343 3619 filii,
367 3543 482 3605 vestris
506 3544 596 3606 iustis
619 3544 895 3624 postulationibus
919 3543 1095 3606 clementer
1118 3545 1297 3620 annuimus
1322 3555 1355 3607 et
1377 3543 1539 3625 prefatam
1563 3543 1743 3617 ecclesiam,

76 3632 104 3692 in
123 3627 128 3714 Ι
149 3652 215 3712 qua
233 3632 346 3694 divino
370 3633 547 3714 mancipati
572 3634 649 3695 estis
666 3633 836 3713 obsequie,
860 3632 920 3695 sub
937 3631 1025 3694 beati
1042 3633 1126 3695 Petri
1144 3642 1177 3695 et
1193 3643 1304 3695 nostra
1320 3634 1526 3714 protectione
1551 3635 1744 3714 suscipimus

76 3731 105 3782 et
120 3723 283 3801 presentis
300 3722 412 3803 scripti
428 3722 598 3803 privilegio
615 3723 862 3784 communimus.
901 3720 1096 3797 Statuentes
1121 3732 1156 3785 ut
1172 3742 1394 3804 quascumque
1409 3723 1643 3804 possessiones,
1668 3741 1743 3802 que-

77 3829 211 3891 cumque
236 3811 327 3873 bona
350 3820 532 3873 memorata
554 3811 706 3886 ecclesia,
732 3812 820 3892 prius
844 3831 943 3892 quam
966 3812 1142 3874 canonicus
1166 3812 1248 3873 ordo
1273 3813 1316 3873 ibi
1348 3812 1575 3884 institueretur,
1599 3811 1745 3874 habebat

77 3909 113 3974 et,
145 3920 209 3984 que
234 3901 430 3963 venerabilis
461 3900 559 3962 stater
588 3910 698 3962 noster
720 3900 880 3962 Lunensis
910 3900 1085 3981 episcopus
1116 3901 1159 3962 ad
1191 3901 1472 3963 conservationem
1497 3901 1597 3981 ipsius
1620 3900 1743 3962 ordinis

78 3998 107 4051 et
127 3991 400 4052 sustentationem
424 3991 656 4052 canonicorum
682 3990 789 4052 eidem
820 3989 956 4072 ecclesie
987 3989 1157 4052 indulsisse
1188 3990 1373 4065 dinoscitur,
1407 4007 1613 4070 quecumque
1644 3989 1743 4051 etiam

77 4079 106 4139 in
135 4080 375 4159 presentiarum
405 4080 488 4142 iuste
518 4090 551 4141 et
580 4079 738 4141 canonice
761 4079 924 4160 possidet,
965 4089 1021 4140 aut
1055 4079 1088 4140 in
1127 4079 1268 4142 futurum
1298 4079 1511 4142 concessione
1540 4077 1742 4159 pontificum,

78 4167 248 4249 largitione
276 4189 387 4250 regum
417 4169 469 4231 vel
500 4168 693 4249 principum,
727 4167 895 4230 oblatione
925 4166 1071 4230 fidelium
1105 4188 1161 4230 seu
1193 4169 1263 4231 aliis
1294 4169 1385 4230 iustis
1418 4168 1543 4243 modiS,
1577 4177 1743 4249 prestante

79 4257 220 4332 domin0,
245 4259 366 4338 poterit
382 4258 528 4338 adipisci,
553 4257 646 4320 firma
661 4257 757 4319 vobis
771 4257 951 4338 vestrisque
971 4255 1000 4336 a)
1023 4259 1265 4320 successoribus
1285 4268 1317 4320 et
1333 4256 1458 4319 illibata
1472 4263 1686 4339 permaneant
1704 4253 1743 4338 ἃ).

79 4345 110 4408 ln
133 4348 253 4427 quibus
276 4346 337 4409 hec
360 4347 501 4428 propriis
518 4347 670 4408 duximus
686 4346 902 4427 exprimenda
916 4346 1097 4409 vocabulis:
1132 4347 1291 4428 capellam
1314 4346 1466 4408 videlicet
1482 4347 1584 4409 sancti
1602 4346 1743 4421 Martini,

81 4435 236 4516 capellam
258 4437 361 4499 sancti
379 4436 557 4510 Michaelis
582 4434 745 4516 hospitale
769 4436 810 4497 de
827 4437 942 4498 Monte
958 4437 1061 4520 Furce
1085 4455 1159 4497 cum
1184 4435 1320 4498 ecclesia
1343 4436 1446 4497 sancti
1465 4435 1559 4510 Xisti,
1584 4436 1745 4516 capellam

81 4525 175 4586 sancti
207 4525 369 4588 Pancratii
400 4546 474 4588 cum
506 4525 659 4588 omnibus
689 4525 893 4605 pertinentiis
924 4545 1049 4599 earum,
1088 4523 1250 4604 hospitale
1282 4525 1323 4586 de
1355 4524 1472 4605 Capite
1504 4523 1633 4605 paludis
1671 4544 1744 4586 curn

81 4614 209 4676 ecclesia
249 4616 351 4676 sancti
391 4614 555 4677 Leonardi
601 4634 675 4675 cum
721 4614 874 4676 omnibus
910 4615 974 4676 suis
992 4612 1024 4694 b)
1068 4614 1270 4694 pertinentiis
1305 4634 1343 4676 ac
1384 4614 1518 4675 decimis
1537 4611 1584 4693 b),
1630 4613 1743 4693 viginti

82 4701 184 4782 iugera
214 4713 299 4765 terre
331 4705 361 4765 in
385 4705 516 4783 palude,
549 4713 625 4765 octo
647 4705 674 4780 0)
705 4703 817 4784 iugera
846 4704 878 4764 in
902 4703 1117 4778 Lavandari0,
1149 4723 1209 4764 sex
1241 4703 1351 4784 iugera
1375 4703 1407 4764 in
1431 4702 1551 4776 Broi10,
1583 4722 1647 4764 una
1670 4703 1745 4782 iuga

83 4809 139 4870 que
158 4803 297 4854 vocatur
311 4791 526 4867 Curtisanum,
550 4793 661 4854 omnia
685 4791 874 4854 molendina
897 4812 970 4854 curn
995 4792 1206 4873 aquaeductis
1230 4793 1303 4866 suis
1335 4811 1399 4872 que
1422 4793 1482 4853 sita
1506 4791 1635 4852 suntin
1660 4811 1746 4871 aqua

81 4878 242 4966 laventie,
260 4881 466 4963 Caphadium
482 4882 572 4962 quod
589 4891 638 4942 est
654 4882 745 4942 iuxta
761 4881 866 4961 ipsam
882 4882 1061 4956 ecclesiam,
1079 4881 1253 4943 claustrum
1270 4882 1360 4961 quod
1377 4891 1426 4942 est
1444 4881 1527 4942 inter
1539 4878 1745 4960 Caphadium

83 4979 111 5030 et
131 4971 304 5033 ecclesiam
327 4992 399 5033 cum
424 4970 576 5034 omnibus
599 4970 665 5032 suis
688 4969 833 5045 edificiis
856 4969 965 5032 villam
991 4991 1054 5051 que
1069 4979 1205 5032 vocatur
1227 4970 1346 5045 Plaula,
1371 4969 1528 5050 quicquid
1547 4989 1607 5049 per
1622 4969 1745 5050 emphi-

83 5061 180 5122 teosin
198 5059 230 5144 d)
254 5061 305 5122 vel
330 5080 388 5142 per
403 5061 520 5122 iustam
538 5060 751 5122 donationem
768 5060 884 5122 eadem
900 5060 1037 5122 ecclesia
1053 5060 1210 5141 possidet,
1235 5069 1385 5140 quartam
1401 5069 1529 5139 partem
1546 5059 1746 5120 deeimarum

236 5278 261 5324 ι)
287 5271 335 5320 Von
353 5271 491 5335 vestrisque
509 5270 542 5320 bis
560 5287 680 5336 permane
698 5271 750 5334 aus
760 5271 846 5318 Ramr
926 5271 954 5331 b)
972 5285 1020 5318 aon
1039 5270 1088 5318 suis
1106 5269 1140 5318 bis
1158 5269 1263 5319 decimis
1281 5271 1333 5334 aus
1346 5272 1429 5318 fi'asur
1451 5283 1497 5317 von
1516 5269 1560 5317 der
1573 5268 1655 5332 gelben
1673 5267 1748 5316 Dinte

84 5341 122 5388 der
141 5342 277 5408 l'mscfirift
346 5349 370 5398 cl
389 5349 429 5392 cro
448 5344 493 5392 wie
509 5344 615 5392 Arrrn.b
686 5343 712 5390 dr
733 5342 787 5389 osin
805 5342 857 5404 ortf
870 5343 960 5390 Rasur.
975 5381 981 5385 .
998 5381 1025 5385 .-
1040 5353 1074 5403 ,1)
1099 5342 1177 5406 Vcrgl.
1196 5342 1232 5390 die
1247 5341 1307 5391 Ura.
1325 5359 1380 5392 vom
1394 5341 1450 5390 Mai
1463 5343 1538 5398 1145,
1561 5344 1590 5388 11
1608 5338 1668 5402 Juli
1679 5339 1747 5387 1163

84 5415 132 5461 arrd
148 5413 228 5480 Juffi‘,
248 5417 306 5480 rog.
328 5418 404 5464 6792.
479 5429 504 5470 2,
527 5414 667 5479 Jacr'nllms,
687 5413 899 5463 nardinaldiakm
916 5429 963 5461 von
976 5413 1001 5461 S.
1017 5413 1100 5462 Maria
1118 5413 1144 5462 in
1166 5414 1294 5472 Cosmidr'n,
1313 5415 1355 5462 seit
1374 5418 1448 5462 11⁴4.
1522 5417 1548 5474 3)
1570 5411 1695 5475 Johannes
1712 5410 1746 5470 ll,

85 5483 221 5551 Enbr'srhos
237 5503 286 5536 von
314 5487 412 5545 Tuledo,
441 5489 618 5536 1151-1156.
692 5493 718 5546 4)
741 5485 867 5549 Johanncs
888 5485 1031 5542 Peculiaris,
1054 5484 1198 5548 Enbiscfirff
1210 5501 1257 5533 von
1276 5487 1368 5550 Bruges,
1393 5485 1569 5534 1138--1175,
1643 5487 1669 5545 5)
1690 5483 1748 5531 Ber-

85 5559 146 5605 nard
165 5559 237 5618 Tord,
263 5559 407 5623 Endircfiuf
419 5574 467 5607 von
488 5560 641 5623 Tarragma,
663 5559 842 5605 1146-1163.
917 5558 943 5618 6)
961 5557 993 5605 In
1011 5558 1055 5606 der
1075 5557 1135 5605 Ura.
1152 5571 1207 5605 vona
1226 5561 1260 5605 21
1279 5558 1408 5607 December
1426 5558 1492 5604 1160
1514 5555 1545 5603 ist
1562 5553 1632 5602 Sont’
1649 5554 1748 5602 Andrea

86 5627 108 5674 in
129 5629 171 5678 den
189 5631 266 5680 Berilz
288 5647 336 5679 von
360 5631 412 5680 San
437 5631 555 5679 Frrdiarw
579 5631 606 5678 di
622 5630 703 5677 Lucra
728 5629 918 5692 sibergegangen.
1027 5635 1053 5694 7)
1072 5629 1142 5677 Nach
1166 5630 1242 5678 diescr
1262 5629 1321 5680 Ura.
1344 5630 1411 5678 kann
1433 5623 1512 5693 Jaffl,
1538 5627 1597 5688 Reg.
1618 5626 1687 5676 6808
1705 5626 1749 5676 mit

88 5699 136 5748 ,troi
154 5704 192 5762 18,
211 5704 310 5753 Rornae
329 5703 402 5768 apud.
423 5702 447 5752 S.
465 5704 564 5752 Petrum
583 5702 649 5752 nicht
664 5703 690 5750 in
711 5700 834 5764 Ordnung
849 5701 905 5750 scin.
