<?xml version="1.0" encoding="UTF-8"?>
<!DOCTYPE html PUBLIC "-//W3C//DTD XHTML 1.0 Transitional//EN"
    "http://www.w3.org/TR/xhtml1/DTD/xhtml1-transitional.dtd">
<html xmlns="http://www.w3.org/1999/xhtml" xml:lang="en" lang="en">
 <head>
  <title>
</title>
<meta http-equiv="Content-Type" content="text/html;charset=utf-8" />
  <meta name='ocr-system' content='tesseract 3.04.00' />
  <meta name='ocr-capabilities' content='ocr_page ocr_carea ocr_par ocr_line ocrx_word'/>
</head>
<body>
  <div class='ocr_page' id='page_1' title='image "./actapontificumr00hargoog_0218.png"; bbox 0 0 4142 6366; ppageno 0'>
   <div class='ocr_carea' id='block_1_1' title="bbox 303 341 369 404">
    <p class='ocr_par' dir='ltr' id='par_1_1' title="bbox 303 341 369 404">
     <span class='ocr_line' id='line_1_1' title="bbox 303 341 369 404; baseline 0.015 -1"><span class='ocrx_word' id='word_1_1' title='bbox 303 341 369 404; x_wconf 90' lang='lat'>206</span> 
     </span>
    </p>
   </div>
   <div class='ocr_carea' id='block_1_2' title="bbox 1047 527 1231 605">
    <p class='ocr_par' dir='ltr' id='par_1_2' title="bbox 1047 527 1231 605">
     <span class='ocr_line' id='line_1_2' title="bbox 1047 527 1231 605; baseline -0.011 -2"><span class='ocrx_word' id='word_1_2' title='bbox 1047 527 1115 603; x_wconf 90' lang='lat' dir='ltr'>Nr.</span> <span class='ocrx_word' id='word_1_3' title='bbox 1146 532 1231 605; x_wconf 89' lang='grc'><strong>196.</strong></span> 
     </span>
    </p>
   </div>
   <div class='ocr_carea' id='block_1_3' title="bbox 303 651 1988 836">
    <p class='ocr_par' dir='ltr' id='par_1_3' title="bbox 303 651 1988 836">
     <span class='ocr_line' id='line_1_3' title="bbox 303 651 1988 746; baseline 0.002 -24"><span class='ocrx_word' id='word_1_4' title='bbox 303 657 489 724; x_wconf 81' lang='lat' dir='ltr'><em>Alexander</em></span> <span class='ocrx_word' id='word_1_5' title='bbox 503 651 569 724; x_wconf 85' lang='grc' dir='ltr'>ΙΙΙ</span> <span class='ocrx_word' id='word_1_6' title='bbox 587 657 739 724; x_wconf 76' lang='lat' dir='ltr'>berr&#39;chtet</span> <span class='ocrx_word' id='word_1_7' title='bbox 758 660 833 725; x_wconf 81' lang='lat' dir='ltr'>dem</span> <span class='ocrx_word' id='word_1_8' title='bbox 851 658 989 744; x_wconf 82' lang='lat' dir='ltr'>Kapitel</span> <span class='ocrx_word' id='word_1_9' title='bbox 1006 682 1067 725; x_wconf 85' lang='lat' dir='ltr'>von</span> <span class='ocrx_word' id='word_1_10' title='bbox 1092 661 1312 727; x_wconf 82' lang='lat' dir='ltr'>Westminster</span> <span class='ocrx_word' id='word_1_11' title='bbox 1340 661 1374 724; x_wconf 84' lang='lat' dir='ltr'>iu</span> <span class='ocrx_word' id='word_1_12' title='bbox 1389 662 1529 739; x_wconf 85' lang='lat' dir='ltr'>London,</span> <span class='ocrx_word' id='word_1_13' title='bbox 1556 663 1635 727; x_wconf 87' lang='lat' dir='ltr'>dass</span> <span class='ocrx_word' id='word_1_14' title='bbox 1650 684 1687 726; x_wconf 84' lang='lat' dir='ltr'>er</span> <span class='ocrx_word' id='word_1_15' title='bbox 1709 661 1820 746; x_wconf 68' lang='lat' dir='ltr'>[marg</span> <span class='ocrx_word' id='word_1_16' title='bbox 1846 661 1988 728; x_wconf 79' lang='lat' dir='ltr'>Eduard</span> 
     </span>
     <span class='ocr_line' id='line_1_4' title="bbox 766 749 1516 836; baseline 0.001 -22"><span class='ocrx_word' id='word_1_17' title='bbox 766 759 860 814; x_wconf 85' lang='lat' dir='ltr'>unter</span> <span class='ocrx_word' id='word_1_18' title='bbox 874 750 930 814; x_wconf 80' lang='lat' dir='ltr'>dir</span> <span class='ocrx_word' id='word_1_19' title='bbox 944 749 1099 834; x_wconf 67' lang='lat' dir='ltr'>Heiligen</span> <span class='ocrx_word' id='word_1_20' title='bbox 1113 753 1366 836; x_wconf 81' lang='lat' dir='ltr'>ausgenommen</span> <span class='ocrx_word' id='word_1_21' title='bbox 1379 750 1461 816; x_wconf 78' lang='lat' dir='ltr'>habe</span> <span class='ocrx_word' id='word_1_22' title='bbox 1477 755 1516 836; x_wconf 90' lang='lat'>¹).</span> 
     </span>
    </p>
   </div>
   <div class='ocr_carea' id='block_1_4' title="bbox 885 882 1391 966">
    <p class='ocr_par' dir='ltr' id='par_1_4' title="bbox 885 882 1391 966">
     <span class='ocr_line' id='line_1_5' title="bbox 885 882 1391 966; baseline 0.006 -21"><span class='ocrx_word' id='word_1_23' title='bbox 885 885 967 947; x_wconf 92' lang='grc'><em>1161</em></span> <span class='ocrx_word' id='word_1_24' title='bbox 983 903 1007 946; x_wconf 90' lang='lat' dir='ltr'>c.</span> <span class='ocrx_word' id='word_1_25' title='bbox 1023 882 1171 948; x_wconf 83' lang='lat' dir='ltr'>Februar</span> <span class='ocrx_word' id='word_1_26' title='bbox 1185 887 1213 947; x_wconf 84' lang='lat'>7.</span> <span class='ocrx_word' id='word_1_27' title='bbox 1251 882 1391 966; x_wconf 80' lang='lat' dir='ltr'>Anagni.</span> 
     </span>
    </p>
   </div>
   <div class='ocr_carea' id='block_1_5' title="bbox 300 1013 1988 3247">
    <p class='ocr_par' dir='ltr' id='par_1_5' title="bbox 300 1013 1988 3247">
     <span class='ocr_line' id='line_1_6' title="bbox 460 1013 1986 1102; baseline 0.002 -25"><span class='ocrx_word' id='word_1_28' title='bbox 460 1014 654 1080; x_wconf 87' lang='lat' dir='ltr'>Alexander</span> <span class='ocrx_word' id='word_1_29' title='bbox 677 1018 862 1099; x_wconf 91' lang='lat' dir='ltr'>episcopus,</span> <span class='ocrx_word' id='word_1_30' title='bbox 893 1038 1004 1081; x_wconf 90' lang='lat' dir='ltr'>servus</span> <span class='ocrx_word' id='word_1_31' title='bbox 1027 1038 1195 1082; x_wconf 90' lang='lat' dir='ltr'>servorum</span> <span class='ocrx_word' id='word_1_32' title='bbox 1219 1019 1279 1088; x_wconf 79' lang='lat' dir='ltr'>dei.</span> <span class='ocrx_word' id='word_1_33' title='bbox 1304 1018 1432 1081; x_wconf 88' lang='lat' dir='ltr'>dilectis</span> <span class='ocrx_word' id='word_1_34' title='bbox 1462 1017 1544 1093; x_wconf 89' lang='lat' dir='ltr'>filiis,</span> <span class='ocrx_word' id='word_1_35' title='bbox 1568 1013 1771 1102; x_wconf 63' lang='lat' dir='ltr'>Laudentio)</span> <span class='ocrx_word' id='word_1_36' title='bbox 1803 1017 1923 1082; x_wconf 87' lang='lat' dir='ltr'>abbati</span> <span class='ocrx_word' id='word_1_37' title='bbox 1953 1028 1986 1080; x_wconf 92' lang='lat' dir='ltr'>et</span> 
     </span>
     <span class='ocr_line' id='line_1_7' title="bbox 302 1104 1986 1190; baseline 0.003 -25"><span class='ocrx_word' id='word_1_38' title='bbox 302 1104 451 1167; x_wconf 89' lang='lat' dir='ltr'>universo</span> <span class='ocrx_word' id='word_1_39' title='bbox 468 1106 613 1186; x_wconf 90' lang='lat' dir='ltr'>capitulo</span> <span class='ocrx_word' id='word_1_40' title='bbox 630 1106 919 1182; x_wconf 89' lang='lat' dir='ltr'>Westminstrensi,</span> <span class='ocrx_word' id='word_1_41' title='bbox 942 1108 1080 1171; x_wconf 87' lang='lat' dir='ltr'>salutem</span> <span class='ocrx_word' id='word_1_42' title='bbox 1096 1119 1129 1171; x_wconf 91' lang='lat' dir='ltr'>et</span> <span class='ocrx_word' id='word_1_43' title='bbox 1145 1109 1362 1190; x_wconf 89' lang='lat' dir='ltr'>apostolicam</span> <span class='ocrx_word' id='word_1_44' title='bbox 1377 1108 1655 1171; x_wconf 87' lang='lat' dir='ltr'><strong>benedictionem.</strong></span> <span class='ocrx_word' id='word_1_45' title='bbox 1692 1107 1780 1170; x_wconf 92' lang='lat' dir='ltr'>lllius</span> <span class='ocrx_word' id='word_1_46' title='bbox 1797 1109 1986 1170; x_wconf 87' lang='lat' dir='ltr'>devotionis</span> 
     </span>
     <span class='ocr_line' id='line_1_8' title="bbox 303 1195 1987 1278; baseline 0.001 -21"><span class='ocrx_word' id='word_1_47' title='bbox 303 1195 523 1258; x_wconf 82' lang='lat' dir='ltr'><strong>constantiam</strong></span> <span class='ocrx_word' id='word_1_48' title='bbox 553 1205 586 1258; x_wconf 91' lang='lat' dir='ltr'>et</span> <span class='ocrx_word' id='word_1_49' title='bbox 617 1195 693 1258; x_wconf 87' lang='lat' dir='ltr'>fidei</span> <span class='ocrx_word' id='word_1_50' title='bbox 717 1196 914 1274; x_wconf 89' lang='lat' dir='ltr'>firmitatem,</span> <span class='ocrx_word' id='word_1_51' title='bbox 947 1217 1047 1278; x_wconf 90' lang='lat' dir='ltr'>quam</span> <span class='ocrx_word' id='word_1_52' title='bbox 1076 1198 1162 1261; x_wconf 92' lang='lat' dir='ltr'>circa</span> <span class='ocrx_word' id='word_1_53' title='bbox 1185 1208 1324 1260; x_wconf 90' lang='lat' dir='ltr'>matrem</span> <span class='ocrx_word' id='word_1_54' title='bbox 1347 1207 1498 1272; x_wconf 90' lang='lat' dir='ltr'>vestram,</span> <span class='ocrx_word' id='word_1_55' title='bbox 1529 1207 1772 1260; x_wconf 89' lang='lat' dir='ltr'>sacrosanctam</span> <span class='ocrx_word' id='word_1_56' title='bbox 1795 1196 1987 1259; x_wconf 85' lang='lat' dir='ltr'>Romanam</span> 
     </span>
     <span class='ocr_line' id='line_1_9' title="bbox 302 1283 1987 1369; baseline 0.001 -23"><span class='ocrx_word' id='word_1_57' title='bbox 302 1283 483 1360; x_wconf 88' lang='lat' dir='ltr'>ecclesiam,</span> <span class='ocrx_word' id='word_1_58' title='bbox 507 1284 681 1362; x_wconf 87' lang='lat' dir='ltr'>exhibetis,</span> <span class='ocrx_word' id='word_1_59' title='bbox 706 1285 893 1367; x_wconf 87' lang='lat' dir='ltr'>diligentius</span> <span class='ocrx_word' id='word_1_60' title='bbox 917 1287 1132 1363; x_wconf 89' lang='lat' dir='ltr'>attendentes,</span> <span class='ocrx_word' id='word_1_61' title='bbox 1161 1287 1194 1349; x_wconf 90' lang='lat' dir='ltr'>in</span> <span class='ocrx_word' id='word_1_62' title='bbox 1218 1287 1251 1349; x_wconf 94' lang='lat' dir='ltr'>id</span> <span class='ocrx_word' id='word_1_63' title='bbox 1275 1287 1438 1369; x_wconf 84' lang='lat' dir='ltr'>propositi</span> <span class='ocrx_word' id='word_1_64' title='bbox 1463 1296 1496 1350; x_wconf 92' lang='lat' dir='ltr'>et</span> <span class='ocrx_word' id='word_1_65' title='bbox 1518 1286 1696 1349; x_wconf 90' lang='lat' dir='ltr'>voluntatis</span> <span class='ocrx_word' id='word_1_66' title='bbox 1721 1286 1929 1362; x_wconf 87' lang='lat' dir='ltr'>adducimur,</span> <span class='ocrx_word' id='word_1_67' title='bbox 1952 1296 1987 1348; x_wconf 92' lang='lat' dir='ltr'>ut</span> 
     </span>
     <span class='ocr_line' id='line_1_10' title="bbox 300 1371 1985 1462; baseline 0.001 -26"><span class='ocrx_word' id='word_1_68' title='bbox 300 1394 370 1450; x_wconf 72' lang='lat' dir='ltr'>vos</span> <span class='ocrx_word' id='word_1_69' title='bbox 393 1374 477 1437; x_wconf 91' lang='lat' dir='ltr'>sicut</span> <span class='ocrx_word' id='word_1_70' title='bbox 498 1371 688 1437; x_wconf 90' lang='lat' dir='ltr'>karissimos</span> <span class='ocrx_word' id='word_1_71' title='bbox 711 1385 746 1438; x_wconf 89' lang='lat' dir='ltr'>et</span> <span class='ocrx_word' id='word_1_72' title='bbox 767 1375 927 1457; x_wconf 87' lang='lat' dir='ltr'>speciales</span> <span class='ocrx_word' id='word_1_73' title='bbox 946 1373 974 1462; x_wconf 74' lang='lat' dir='ltr'>a)</span> <span class='ocrx_word' id='word_1_74' title='bbox 997 1376 1134 1440; x_wconf 89' lang='lat' dir='ltr'>ecclesie</span> <span class='ocrx_word' id='word_1_75' title='bbox 1157 1376 1251 1452; x_wconf 88' lang='lat' dir='ltr'>filios,</span> <span class='ocrx_word' id='word_1_76' title='bbox 1275 1377 1401 1439; x_wconf 90' lang='lat' dir='ltr'>sincera</span> <span class='ocrx_word' id='word_1_77' title='bbox 1424 1377 1559 1439; x_wconf 88' lang='lat' dir='ltr'>caritate</span> <span class='ocrx_word' id='word_1_78' title='bbox 1582 1376 1615 1438; x_wconf 93' lang='lat' dir='ltr'>in</span> <span class='ocrx_word' id='word_1_79' title='bbox 1641 1375 1776 1438; x_wconf 93' lang='lat' dir='ltr'>domino</span> <span class='ocrx_word' id='word_1_80' title='bbox 1798 1375 1985 1457; x_wconf 87' lang='lat' dir='ltr'>diligamus,</span> 
     </span>
     <span class='ocr_line' id='line_1_11' title="bbox 301 1463 1986 1547; baseline 0.001 -22"><span class='ocrx_word' id='word_1_81' title='bbox 301 1464 496 1545; x_wconf 88' lang='lat' dir='ltr'>propensius</span> <span class='ocrx_word' id='word_1_82' title='bbox 511 1463 711 1527; x_wconf 90' lang='lat' dir='ltr'>honoremus</span> <span class='ocrx_word' id='word_1_83' title='bbox 726 1475 759 1527; x_wconf 94' lang='lat' dir='ltr'>et</span> <span class='ocrx_word' id='word_1_84' title='bbox 773 1464 1012 1547; x_wconf 86' lang='lat' dir='ltr'>postulationes</span> <span class='ocrx_word' id='word_1_85' title='bbox 1027 1474 1161 1542; x_wconf 89' lang='lat' dir='ltr'>vestras,</span> <span class='ocrx_word' id='word_1_86' title='bbox 1186 1476 1343 1547; x_wconf 90' lang='lat' dir='ltr'>quantum</span> <span class='ocrx_word' id='word_1_87' title='bbox 1360 1486 1434 1529; x_wconf 92' lang='lat' dir='ltr'>cum</span> <span class='ocrx_word' id='word_1_88' title='bbox 1451 1466 1513 1529; x_wconf 92' lang='lat' dir='ltr'>deo</span> <span class='ocrx_word' id='word_1_89' title='bbox 1530 1484 1714 1547; x_wconf 89' lang='lat' dir='ltr'>possumus,</span> <span class='ocrx_word' id='word_1_90' title='bbox 1738 1465 1855 1529; x_wconf 90' lang='lat' dir='ltr'>libenti</span> <span class='ocrx_word' id='word_1_91' title='bbox 1872 1466 1986 1528; x_wconf 91' lang='lat' dir='ltr'>animo</span> 
     </span>
     <span class='ocr_line' id='line_1_12' title="bbox 302 1553 1986 1638; baseline 0.001 -23"><span class='ocrx_word' id='word_1_92' title='bbox 302 1553 524 1616; x_wconf 88' lang='lat' dir='ltr'>admittamus.</span> <span class='ocrx_word' id='word_1_93' title='bbox 571 1553 651 1616; x_wconf 90' lang='lat' dir='ltr'>Inde</span> <span class='ocrx_word' id='word_1_94' title='bbox 674 1555 788 1636; x_wconf 91' lang='lat' dir='ltr'>utique</span> <span class='ocrx_word' id='word_1_95' title='bbox 813 1555 880 1631; x_wconf 88' lang='lat' dir='ltr'>luit,</span> <span class='ocrx_word' id='word_1_96' title='bbox 905 1555 997 1636; x_wconf 92' lang='lat' dir='ltr'>quod</span> <span class='ocrx_word' id='word_1_97' title='bbox 1019 1576 1119 1638; x_wconf 91' lang='lat' dir='ltr'>super</span> <span class='ocrx_word' id='word_1_98' title='bbox 1140 1555 1308 1636; x_wconf 89' lang='lat' dir='ltr'>petitione,</span> <span class='ocrx_word' id='word_1_99' title='bbox 1333 1575 1432 1636; x_wconf 90' lang='lat' dir='ltr'>quam</span> <span class='ocrx_word' id='word_1_100' title='bbox 1457 1555 1498 1618; x_wconf 90' lang='lat' dir='ltr'>de</span> <span class='ocrx_word' id='word_1_101' title='bbox 1517 1555 1684 1630; x_wconf 87' lang='lat' dir='ltr'>Eduardo,</span> <span class='ocrx_word' id='word_1_102' title='bbox 1707 1555 1855 1636; x_wconf 88' lang='lat' dir='ltr'>glorioso</span> <span class='ocrx_word' id='word_1_103' title='bbox 1881 1575 1986 1636; x_wconf 92' lang='lat' dir='ltr'>quon·</span> 
     </span>
     <span class='ocr_line' id='line_1_13' title="bbox 303 1640 1987 1728; baseline 0.002 -24"><span class='ocrx_word' id='word_1_104' title='bbox 303 1642 380 1705; x_wconf 89' lang='lat' dir='ltr'>dam</span> <span class='ocrx_word' id='word_1_105' title='bbox 404 1663 480 1724; x_wconf 85' lang='lat' dir='ltr'>rege</span> <span class='ocrx_word' id='word_1_106' title='bbox 502 1640 689 1724; x_wconf 88' lang='lat' dir='ltr'>Anglorum</span> <span class='ocrx_word' id='word_1_107' title='bbox 706 1641 740 1728; x_wconf 78' lang='lat'>⁸),</span> <span class='ocrx_word' id='word_1_108' title='bbox 765 1644 990 1708; x_wconf 91' lang='lat' dir='ltr'>canonizando</span> <span class='ocrx_word' id='word_1_109' title='bbox 1014 1655 1048 1708; x_wconf 92' lang='lat' dir='ltr'>et</span> <span class='ocrx_word' id='word_1_110' title='bbox 1071 1646 1105 1706; x_wconf 89' lang='lat' dir='ltr'>in</span> <span class='ocrx_word' id='word_1_111' title='bbox 1128 1654 1316 1708; x_wconf 89' lang='lat' dir='ltr'>sanctorum</span> <span class='ocrx_word' id='word_1_112' title='bbox 1339 1644 1514 1725; x_wconf 86' lang='lat' dir='ltr'>cathalogo</span> <span class='ocrx_word' id='word_1_113' title='bbox 1538 1644 1759 1720; x_wconf 66' lang='lat' dir='ltr'>asscribenda</span> <span class='ocrx_word' id='word_1_114' title='bbox 1789 1651 1861 1707; x_wconf 89' lang='lat' dir='ltr'>tam</span> <span class='ocrx_word' id='word_1_115' title='bbox 1885 1645 1987 1707; x_wconf 90' lang='lat' dir='ltr'>karis-</span> 
     </span>
     <span class='ocr_line' id='line_1_14' title="bbox 302 1730 1987 1819; baseline 0.001 -25"><span class='ocrx_word' id='word_1_116' title='bbox 302 1733 403 1795; x_wconf 87' lang='lat' dir='ltr'>simus</span> <span class='ocrx_word' id='word_1_117' title='bbox 426 1732 459 1794; x_wconf 93' lang='lat' dir='ltr'>in</span> <span class='ocrx_word' id='word_1_118' title='bbox 483 1730 613 1795; x_wconf 90' lang='lat' dir='ltr'>Christo</span> <span class='ocrx_word' id='word_1_119' title='bbox 637 1732 721 1796; x_wconf 88' lang='lat' dir='ltr'>filius</span> <span class='ocrx_word' id='word_1_120' title='bbox 744 1745 856 1797; x_wconf 90' lang='lat' dir='ltr'>noster</span> <span class='ocrx_word' id='word_1_121' title='bbox 881 1730 1088 1819; x_wconf 87' lang='lat' dir='ltr'>H(einricus),</span> <span class='ocrx_word' id='word_1_122' title='bbox 1113 1734 1243 1798; x_wconf 90' lang='lat' dir='ltr'>illustris</span> <span class='ocrx_word' id='word_1_123' title='bbox 1266 1732 1453 1815; x_wconf 87' lang='lat' dir='ltr'>Anglorum</span> <span class='ocrx_word' id='word_1_124' title='bbox 1477 1755 1544 1810; x_wconf 87' lang='lat' dir='ltr'>rex,</span> <span class='ocrx_word' id='word_1_125' title='bbox 1576 1753 1675 1815; x_wconf 93' lang='lat' dir='ltr'>quam</span> <span class='ocrx_word' id='word_1_126' title='bbox 1698 1735 1855 1815; x_wconf 88' lang='lat' dir='ltr'>vosipsi,</span> <span class='ocrx_word' id='word_1_127' title='bbox 1888 1735 1987 1796; x_wconf 90' lang='lat' dir='ltr'>nobis</span> 
     </span>
     <span class='ocr_line' id='line_1_15' title="bbox 301 1820 1986 1908; baseline 0.001 -24"><span class='ocrx_word' id='word_1_128' title='bbox 301 1822 474 1885; x_wconf 89' lang='lat' dir='ltr'>instantius</span> <span class='ocrx_word' id='word_1_129' title='bbox 497 1822 698 1904; x_wconf 69' lang='lat' dir='ltr'>porrexistis</span> <span class='ocrx_word' id='word_1_130' title='bbox 729 1823 904 1904; x_wconf 84' lang='lat' dir='ltr'>sollicitam</span> <span class='ocrx_word' id='word_1_131' title='bbox 928 1843 1002 1886; x_wconf 92' lang='lat' dir='ltr'>cum</span> <span class='ocrx_word' id='word_1_132' title='bbox 1026 1823 1179 1887; x_wconf 87' lang='lat' dir='ltr'>fratribus</span> <span class='ocrx_word' id='word_1_133' title='bbox 1202 1824 1321 1886; x_wconf 91' lang='lat' dir='ltr'>nostris</span> <span class='ocrx_word' id='word_1_134' title='bbox 1340 1820 1369 1908; x_wconf 85' lang='lat' dir='ltr'>b)</span> <span class='ocrx_word' id='word_1_135' title='bbox 1394 1822 1666 1887; x_wconf 89' lang='lat' dir='ltr'>deliberationem</span> <span class='ocrx_word' id='word_1_136' title='bbox 1694 1823 1866 1899; x_wconf 90' lang='lat' dir='ltr'>habentes,</span> <span class='ocrx_word' id='word_1_137' title='bbox 1900 1824 1986 1886; x_wconf 91' lang='lat' dir='ltr'>libro</span> 
     </span>
     <span class='ocr_line' id='line_1_16' title="bbox 302 1911 1986 1996; baseline 0.001 -22"><span class='ocrx_word' id='word_1_138' title='bbox 302 1911 531 1974; x_wconf 88' lang='lat' dir='ltr'>miraculorum</span> <span class='ocrx_word' id='word_1_139' title='bbox 547 1913 707 1994; x_wconf 87' lang='lat' dir='ltr'>inspecto,</span> <span class='ocrx_word' id='word_1_140' title='bbox 732 1932 805 1993; x_wconf 86' lang='lat' dir='ltr'>que,</span> <span class='ocrx_word' id='word_1_141' title='bbox 829 1912 908 1976; x_wconf 93' lang='lat' dir='ltr'>dum</span> <span class='ocrx_word' id='word_1_142' title='bbox 931 1913 964 1975; x_wconf 91' lang='lat' dir='ltr'>in</span> <span class='ocrx_word' id='word_1_143' title='bbox 988 1933 1084 1976; x_wconf 90' lang='lat' dir='ltr'>carne</span> <span class='ocrx_word' id='word_1_144' title='bbox 1108 1912 1239 1976; x_wconf 90' lang='lat' dir='ltr'>mortali</span> <span class='ocrx_word' id='word_1_145' title='bbox 1254 1914 1379 1976; x_wconf 90' lang='lat' dir='ltr'>viveret</span> <span class='ocrx_word' id='word_1_146' title='bbox 1394 1923 1428 1976; x_wconf 89' lang='lat' dir='ltr'>et</span> <span class='ocrx_word' id='word_1_147' title='bbox 1442 1922 1621 1996; x_wconf 90' lang='lat' dir='ltr'>postquam</span> <span class='ocrx_word' id='word_1_148' title='bbox 1644 1911 1687 1975; x_wconf 95' lang='lat' dir='ltr'>de</span> <span class='ocrx_word' id='word_1_149' title='bbox 1703 1913 1847 1994; x_wconf 88' lang='lat' dir='ltr'>presenti</span> <span class='ocrx_word' id='word_1_150' title='bbox 1871 1913 1986 1976; x_wconf 88' lang='lat' dir='ltr'>seculo</span> 
     </span>
     <span class='ocr_line' id='line_1_17' title="bbox 302 2001 1986 2084; baseline 0 -20"><span class='ocrx_word' id='word_1_151' title='bbox 302 2011 353 2065; x_wconf 93' lang='lat' dir='ltr'>est</span> <span class='ocrx_word' id='word_1_152' title='bbox 383 2010 586 2083; x_wconf 90' lang='lat' dir='ltr'>assumptus,</span> <span class='ocrx_word' id='word_1_153' title='bbox 616 2001 828 2083; x_wconf 88' lang='lat' dir='ltr'>omnipotens</span> <span class='ocrx_word' id='word_1_154' title='bbox 859 2002 1012 2065; x_wconf 90' lang='lat' dir='ltr'>dominus</span> <span class='ocrx_word' id='word_1_155' title='bbox 1042 2023 1102 2084; x_wconf 88' lang='lat' dir='ltr'>per</span> <span class='ocrx_word' id='word_1_156' title='bbox 1131 2022 1223 2066; x_wconf 89' lang='lat' dir='ltr'>suam</span> <span class='ocrx_word' id='word_1_157' title='bbox 1257 2002 1515 2065; x_wconf 87' lang='lat' dir='ltr'>misericordiam</span> <span class='ocrx_word' id='word_1_158' title='bbox 1547 2001 1741 2078; x_wconf 90' lang='lat' dir='ltr'>declaravit,</span> <span class='ocrx_word' id='word_1_159' title='bbox 1771 2002 1849 2064; x_wconf 91' lang='lat' dir='ltr'>visis</span> <span class='ocrx_word' id='word_1_160' title='bbox 1883 2003 1986 2065; x_wconf 90' lang='lat' dir='ltr'>etiam</span> 
     </span>
     <span class='ocr_line' id='line_1_18' title="bbox 302 2091 1986 2174; baseline 0 -20"><span class='ocrx_word' id='word_1_161' title='bbox 302 2091 416 2154; x_wconf 90' lang='lat' dir='ltr'>litteris</span> <span class='ocrx_word' id='word_1_162' title='bbox 439 2091 655 2154; x_wconf 89' lang='lat' dir='ltr'>antecessoris</span> <span class='ocrx_word' id='word_1_163' title='bbox 679 2092 790 2168; x_wconf 89' lang='lat' dir='ltr'>nostri,</span> <span class='ocrx_word' id='word_1_164' title='bbox 814 2093 869 2174; x_wconf 93' lang='lat' dir='ltr'>pie</span> <span class='ocrx_word' id='word_1_165' title='bbox 892 2092 1130 2156; x_wconf 89' lang='lat' dir='ltr'>recordationis</span> <span class='ocrx_word' id='word_1_166' title='bbox 1153 2092 1335 2155; x_wconf 91' lang='lat' dir='ltr'>Innocentii</span> <span class='ocrx_word' id='word_1_167' title='bbox 1358 2112 1455 2174; x_wconf 92' lang='lat' dir='ltr'>pape,</span> <span class='ocrx_word' id='word_1_168' title='bbox 1478 2092 1594 2155; x_wconf 86' lang='lat' dir='ltr'>vestris</span> <span class='ocrx_word' id='word_1_169' title='bbox 1618 2111 1751 2173; x_wconf 90' lang='lat' dir='ltr'>quoque</span> <span class='ocrx_word' id='word_1_170' title='bbox 1772 2092 1986 2166; x_wconf 83' lang='lat' dir='ltr'>testimoniis,</span> 
     </span>
     <span class='ocr_line' id='line_1_19' title="bbox 302 2179 1986 2263; baseline 0.001 -21"><span class='ocrx_word' id='word_1_171' title='bbox 302 2180 379 2242; x_wconf 88' lang='lat' dir='ltr'>inde</span> <span class='ocrx_word' id='word_1_172' title='bbox 411 2182 567 2262; x_wconf 88' lang='lat' dir='ltr'>receptis,</span> <span class='ocrx_word' id='word_1_173' title='bbox 600 2179 748 2262; x_wconf 88' lang='lat' dir='ltr'>quamvis</span> <span class='ocrx_word' id='word_1_174' title='bbox 779 2181 948 2263; x_wconf 87' lang='lat' dir='ltr'>negotium</span> <span class='ocrx_word' id='word_1_175' title='bbox 979 2191 1048 2245; x_wconf 93' lang='lat' dir='ltr'>tam</span> <span class='ocrx_word' id='word_1_176' title='bbox 1081 2181 1218 2244; x_wconf 86' lang='lat' dir='ltr'>arduum</span> <span class='ocrx_word' id='word_1_177' title='bbox 1249 2191 1283 2245; x_wconf 91' lang='lat' dir='ltr'>et</span> <span class='ocrx_word' id='word_1_178' title='bbox 1312 2181 1452 2245; x_wconf 92' lang='lat' dir='ltr'>sublime</span> <span class='ocrx_word' id='word_1_179' title='bbox 1476 2202 1543 2244; x_wconf 92' lang='lat' dir='ltr'>non</span> <span class='ocrx_word' id='word_1_180' title='bbox 1567 2181 1754 2263; x_wconf 85' lang='lat' dir='ltr'>frequenter</span> <span class='ocrx_word' id='word_1_181' title='bbox 1776 2182 1838 2244; x_wconf 90' lang='lat' dir='ltr'>nisi</span> <span class='ocrx_word' id='word_1_182' title='bbox 1864 2181 1899 2244; x_wconf 90' lang='lat' dir='ltr'>in</span> <span class='ocrx_word' id='word_1_183' title='bbox 1924 2181 1986 2244; x_wconf 91' lang='lat' dir='ltr'>sol·</span> 
     </span>
     <span class='ocr_line' id='line_1_20' title="bbox 302 2269 1987 2351; baseline 0.002 -20"><span class='ocrx_word' id='word_1_184' title='bbox 302 2269 489 2351; x_wconf 92' lang='lat' dir='ltr'>lempnibus</span> <span class='ocrx_word' id='word_1_185' title='bbox 517 2269 664 2332; x_wconf 91' lang='lat' dir='ltr'>conciliis</span> <span class='ocrx_word' id='word_1_186' title='bbox 696 2269 801 2334; x_wconf 90' lang='lat' dir='ltr'>soleat</span> <span class='ocrx_word' id='word_1_187' title='bbox 834 2271 875 2334; x_wconf 92' lang='lat' dir='ltr'>de</span> <span class='ocrx_word' id='word_1_188' title='bbox 905 2290 997 2334; x_wconf 92' lang='lat' dir='ltr'>more</span> <span class='ocrx_word' id='word_1_189' title='bbox 1029 2272 1183 2346; x_wconf 91' lang='lat' dir='ltr'>concedi,</span> <span class='ocrx_word' id='word_1_190' title='bbox 1215 2270 1257 2334; x_wconf 91' lang='lat' dir='ltr'>de</span> <span class='ocrx_word' id='word_1_191' title='bbox 1286 2271 1452 2333; x_wconf 91' lang='lat' dir='ltr'>communi</span> <span class='ocrx_word' id='word_1_192' title='bbox 1485 2281 1596 2334; x_wconf 88' lang='lat' dir='ltr'>tamen</span> <span class='ocrx_word' id='word_1_193' title='bbox 1628 2269 1762 2333; x_wconf 82' lang='lat' dir='ltr'>fratrum</span> <span class='ocrx_word' id='word_1_194' title='bbox 1794 2280 1987 2334; x_wconf 89' lang='lat' dir='ltr'>nostrorum</span> 
     </span>
     <span class='ocr_line' id='line_1_21' title="bbox 302 2359 1988 2444; baseline 0.001 -23"><span class='ocrx_word' id='word_1_195' title='bbox 302 2359 449 2435; x_wconf 88' lang='lat' dir='ltr'>consili0,</span> <span class='ocrx_word' id='word_1_196' title='bbox 474 2359 566 2422; x_wconf 88' lang='lat' dir='ltr'>iuxta</span> <span class='ocrx_word' id='word_1_197' title='bbox 588 2369 702 2422; x_wconf 92' lang='lat' dir='ltr'>votum</span> <span class='ocrx_word' id='word_1_198' title='bbox 726 2369 760 2422; x_wconf 89' lang='lat' dir='ltr'>et</span> <span class='ocrx_word' id='word_1_199' title='bbox 783 2360 981 2423; x_wconf 86' lang='lat' dir='ltr'>desiderium</span> <span class='ocrx_word' id='word_1_200' title='bbox 1003 2360 1143 2444; x_wconf 91' lang='lat' dir='ltr'>predicti</span> <span class='ocrx_word' id='word_1_201' title='bbox 1167 2359 1223 2422; x_wconf 90' lang='lat' dir='ltr'>filii</span> <span class='ocrx_word' id='word_1_202' title='bbox 1248 2361 1349 2423; x_wconf 92' lang='lat' dir='ltr'>nostri</span> <span class='ocrx_word' id='word_1_203' title='bbox 1374 2359 1459 2442; x_wconf 86' lang='lat' dir='ltr'>regis</span> <span class='ocrx_word' id='word_1_204' title='bbox 1482 2381 1521 2422; x_wconf 92' lang='lat' dir='ltr'>ac</span> <span class='ocrx_word' id='word_1_205' title='bbox 1543 2369 1696 2436; x_wconf 90' lang='lat' dir='ltr'>vestrum,</span> <span class='ocrx_word' id='word_1_206' title='bbox 1728 2380 1850 2441; x_wconf 89' lang='lat' dir='ltr'>corpus</span> <span class='ocrx_word' id='word_1_207' title='bbox 1882 2361 1988 2442; x_wconf 91' lang='lat' dir='ltr'>ipsius</span> 
     </span>
     <span class='ocr_line' id='line_1_22' title="bbox 302 2447 1986 2534; baseline 0.001 -22"><span class='ocrx_word' id='word_1_208' title='bbox 302 2448 498 2513; x_wconf 85' lang='lat' dir='ltr'>confessoris</span> <span class='ocrx_word' id='word_1_209' title='bbox 527 2449 573 2511; x_wconf 87' lang='lat' dir='ltr'>ita</span> <span class='ocrx_word' id='word_1_210' title='bbox 599 2448 851 2530; x_wconf 83' lang='lat' dir='ltr'>glorificandum</span> <span class='ocrx_word' id='word_1_211' title='bbox 880 2449 1064 2513; x_wconf 90' lang='lat' dir='ltr'>censuimus</span> <span class='ocrx_word' id='word_1_212' title='bbox 1095 2458 1129 2512; x_wconf 91' lang='lat' dir='ltr'>et</span> <span class='ocrx_word' id='word_1_213' title='bbox 1159 2450 1279 2513; x_wconf 91' lang='lat' dir='ltr'>debitis</span> <span class='ocrx_word' id='word_1_214' title='bbox 1309 2449 1474 2531; x_wconf 90' lang='lat' dir='ltr'>preconiis</span> <span class='ocrx_word' id='word_1_215' title='bbox 1504 2450 1735 2512; x_wconf 88' lang='lat' dir='ltr'>honorandum</span> <span class='ocrx_word' id='word_1_216' title='bbox 1755 2447 1782 2534; x_wconf 73' lang='grc' dir='ltr'>ο)</span> <span class='ocrx_word' id='word_1_217' title='bbox 1813 2451 1847 2511; x_wconf 90' lang='lat' dir='ltr'>in</span> <span class='ocrx_word' id='word_1_218' title='bbox 1881 2452 1986 2527; x_wconf 87' lang='lat' dir='ltr'>terris,</span> 
     </span>
     <span class='ocr_line' id='line_1_23' title="bbox 301 2535 1988 2623; baseline 0.001 -23"><span class='ocrx_word' id='word_1_219' title='bbox 301 2539 384 2601; x_wconf 92' lang='lat' dir='ltr'>sicut</span> <span class='ocrx_word' id='word_1_220' title='bbox 406 2538 548 2601; x_wconf 91' lang='lat' dir='ltr'>eundem</span> <span class='ocrx_word' id='word_1_221' title='bbox 571 2538 794 2602; x_wconf 84' lang='lat' dir='ltr'>consessorem</span> <span class='ocrx_word' id='word_1_222' title='bbox 818 2539 971 2603; x_wconf 90' lang='lat' dir='ltr'>dominus</span> <span class='ocrx_word' id='word_1_223' title='bbox 994 2560 1054 2621; x_wconf 92' lang='lat' dir='ltr'>per</span> <span class='ocrx_word' id='word_1_224' title='bbox 1075 2559 1169 2602; x_wconf 89' lang='lat' dir='ltr'>suam</span> <span class='ocrx_word' id='word_1_225' title='bbox 1191 2540 1330 2622; x_wconf 89' lang='lat' dir='ltr'>gratiam</span> <span class='ocrx_word' id='word_1_226' title='bbox 1353 2539 1549 2620; x_wconf 85' lang='lat' dir='ltr'>glorificavit</span> <span class='ocrx_word' id='word_1_227' title='bbox 1564 2540 1597 2601; x_wconf 91' lang='lat' dir='ltr'>in</span> <span class='ocrx_word' id='word_1_228' title='bbox 1618 2539 1705 2614; x_wconf 73' lang='lat' dir='ltr'>celis</span> <span class='ocrx_word' id='word_1_229' title='bbox 1729 2548 1764 2601; x_wconf 93' lang='lat' dir='ltr'>ut</span> <span class='ocrx_word' id='word_1_230' title='bbox 1783 2535 1812 2623; x_wconf 83' lang='lat' dir='ltr'>d)</span> <span class='ocrx_word' id='word_1_231' title='bbox 1828 2539 1988 2602; x_wconf 90' lang='lat' dir='ltr'>videlicet</span> 
     </span>
     <span class='ocr_line' id='line_1_24' title="bbox 301 2627 1988 2711; baseline 0.002 -21"><span class='ocrx_word' id='word_1_232' title='bbox 301 2628 385 2692; x_wconf 89' lang='lat' dir='ltr'>inter</span> <span class='ocrx_word' id='word_1_233' title='bbox 407 2637 539 2691; x_wconf 89' lang='lat' dir='ltr'>sanctos</span> <span class='ocrx_word' id='word_1_234' title='bbox 563 2627 768 2692; x_wconf 82' lang='lat' dir='ltr'>confessores</span> <span class='ocrx_word' id='word_1_235' title='bbox 792 2628 834 2692; x_wconf 93' lang='lat' dir='ltr'>de</span> <span class='ocrx_word' id='word_1_236' title='bbox 857 2639 967 2692; x_wconf 89' lang='lat' dir='ltr'>cetero</span> <span class='ocrx_word' id='word_1_237' title='bbox 991 2639 1186 2710; x_wconf 89' lang='lat' dir='ltr'>numeretur,</span> <span class='ocrx_word' id='word_1_238' title='bbox 1211 2628 1301 2707; x_wconf 92' lang='lat' dir='ltr'>quod</span> <span class='ocrx_word' id='word_1_239' title='bbox 1323 2627 1388 2691; x_wconf 93' lang='lat' dir='ltr'>hoc</span> <span class='ocrx_word' id='word_1_240' title='bbox 1412 2629 1520 2711; x_wconf 93' lang='lat' dir='ltr'>ipsum</span> <span class='ocrx_word' id='word_1_241' title='bbox 1536 2637 1617 2710; x_wconf 91' lang='lat' dir='ltr'>aput</span> <span class='ocrx_word' id='word_1_242' title='bbox 1632 2628 1731 2691; x_wconf 90' lang='lat' dir='ltr'>deum</span> <span class='ocrx_word' id='word_1_243' title='bbox 1746 2629 1850 2710; x_wconf 84' lang='lat' dir='ltr'>signis</span> <span class='ocrx_word' id='word_1_244' title='bbox 1866 2631 1988 2693; x_wconf 91' lang='lat' dir='ltr'>meruit</span> 
     </span>
     <span class='ocr_line' id='line_1_25' title="bbox 300 2716 1987 2800; baseline 0.001 -19"><span class='ocrx_word' id='word_1_245' title='bbox 300 2727 334 2781; x_wconf 92' lang='lat' dir='ltr'>et</span> <span class='ocrx_word' id='word_1_246' title='bbox 355 2716 530 2780; x_wconf 89' lang='lat' dir='ltr'>virtutibus</span> <span class='ocrx_word' id='word_1_247' title='bbox 554 2717 713 2799; x_wconf 89' lang='lat' dir='ltr'>optinere.</span> <span class='ocrx_word' id='word_1_248' title='bbox 759 2717 847 2799; x_wconf 84' lang='lat' dir='ltr'>Quia</span> <span class='ocrx_word' id='word_1_249' title='bbox 869 2719 967 2800; x_wconf 85' lang='lat' dir='ltr'>igitur</span> <span class='ocrx_word' id='word_1_250' title='bbox 990 2717 1086 2781; x_wconf 89' lang='lat' dir='ltr'>decet</span> <span class='ocrx_word' id='word_1_251' title='bbox 1107 2717 1290 2781; x_wconf 89' lang='lat' dir='ltr'>honestatis</span> <span class='ocrx_word' id='word_1_252' title='bbox 1312 2728 1419 2780; x_wconf 87' lang='lat' dir='ltr'>vestre</span> <span class='ocrx_word' id='word_1_253' title='bbox 1442 2717 1664 2799; x_wconf 90' lang='lat' dir='ltr'>prudentiam,</span> <span class='ocrx_word' id='word_1_254' title='bbox 1698 2737 1772 2780; x_wconf 90' lang='lat' dir='ltr'>eum</span> <span class='ocrx_word' id='word_1_255' title='bbox 1795 2718 1852 2799; x_wconf 93' lang='lat' dir='ltr'>pie</span> <span class='ocrx_word' id='word_1_256' title='bbox 1877 2719 1987 2782; x_wconf 90' lang='lat' dir='ltr'>colere</span> 
     </span>
     <span class='ocr_line' id='line_1_26' title="bbox 300 2807 1985 2890; baseline 0.001 -20"><span class='ocrx_word' id='word_1_257' title='bbox 300 2816 334 2871; x_wconf 88' lang='lat' dir='ltr'>et</span> <span class='ocrx_word' id='word_1_258' title='bbox 356 2815 429 2871; x_wconf 92' lang='lat' dir='ltr'>toto</span> <span class='ocrx_word' id='word_1_259' title='bbox 453 2807 562 2870; x_wconf 91' lang='lat' dir='ltr'>studio</span> <span class='ocrx_word' id='word_1_260' title='bbox 584 2808 740 2883; x_wconf 90' lang='lat' dir='ltr'>venerari,</span> <span class='ocrx_word' id='word_1_261' title='bbox 766 2828 864 2889; x_wconf 92' lang='lat' dir='ltr'>quem</span> <span class='ocrx_word' id='word_1_262' title='bbox 880 2807 1074 2870; x_wconf 88' lang='lat' dir='ltr'>auctoritate</span> <span class='ocrx_word' id='word_1_263' title='bbox 1091 2807 1275 2890; x_wconf 88' lang='lat' dir='ltr'>apostolica</span> <span class='ocrx_word' id='word_1_264' title='bbox 1289 2807 1513 2869; x_wconf 90' lang='lat' dir='ltr'>venerandum</span> <span class='ocrx_word' id='word_1_265' title='bbox 1528 2815 1635 2870; x_wconf 88' lang='lat' dir='ltr'>vestra</span> <span class='ocrx_word' id='word_1_266' title='bbox 1651 2807 1830 2889; x_wconf 91' lang='lat' dir='ltr'>postulavit</span> <span class='ocrx_word' id='word_1_267' title='bbox 1847 2807 1985 2872; x_wconf 92' lang='lat' dir='ltr'>devotio</span> 
     </span>
     <span class='ocr_line' id='line_1_27' title="bbox 301 2896 1986 2979; baseline 0.001 -19"><span class='ocrx_word' id='word_1_268' title='bbox 301 2906 335 2960; x_wconf 88' lang='lat' dir='ltr'>et</span> <span class='ocrx_word' id='word_1_269' title='bbox 358 2896 542 2970; x_wconf 91' lang='lat' dir='ltr'>colendum,</span> <span class='ocrx_word' id='word_1_270' title='bbox 575 2897 818 2960; x_wconf 90' lang='lat' dir='ltr'>universitatem</span> <span class='ocrx_word' id='word_1_271' title='bbox 842 2907 984 2961; x_wconf 88' lang='lat' dir='ltr'>vestram</span> <span class='ocrx_word' id='word_1_272' title='bbox 1007 2917 1068 2979; x_wconf 91' lang='lat' dir='ltr'>per</span> <span class='ocrx_word' id='word_1_273' title='bbox 1090 2897 1274 2979; x_wconf 88' lang='lat' dir='ltr'>apostolica</span> <span class='ocrx_word' id='word_1_274' title='bbox 1297 2897 1420 2979; x_wconf 89' lang='lat' dir='ltr'>scripta</span> <span class='ocrx_word' id='word_1_275' title='bbox 1446 2917 1618 2960; x_wconf 90' lang='lat' dir='ltr'>monemus</span> <span class='ocrx_word' id='word_1_276' title='bbox 1649 2904 1682 2959; x_wconf 88' lang='lat' dir='ltr'>et</span> <span class='ocrx_word' id='word_1_277' title='bbox 1712 2896 1933 2961; x_wconf 89' lang='lat' dir='ltr'>exhortamur</span> <span class='ocrx_word' id='word_1_278' title='bbox 1954 2900 1986 2962; x_wconf 87' lang='lat' dir='ltr'>in</span> 
     </span>
     <span class='ocr_line' id='line_1_28' title="bbox 302 2983 1986 3070; baseline 0.002 -22"><span class='ocrx_word' id='word_1_279' title='bbox 302 2986 451 3060; x_wconf 90' lang='lat' dir='ltr'>domino,</span> <span class='ocrx_word' id='word_1_280' title='bbox 483 2994 644 3067; x_wconf 91' lang='lat' dir='ltr'>quatenus</span> <span class='ocrx_word' id='word_1_281' title='bbox 674 2987 721 3049; x_wconf 89' lang='lat' dir='ltr'>ita</span> <span class='ocrx_word' id='word_1_282' title='bbox 750 3007 825 3050; x_wconf 92' lang='lat' dir='ltr'>eum</span> <span class='ocrx_word' id='word_1_283' title='bbox 857 2987 1013 3069; x_wconf 91' lang='lat' dir='ltr'>deinceps</span> <span class='ocrx_word' id='word_1_284' title='bbox 1043 2987 1202 3050; x_wconf 89' lang='lat' dir='ltr'>studeatis</span> <span class='ocrx_word' id='word_1_285' title='bbox 1234 2985 1354 3048; x_wconf 90' lang='lat' dir='ltr'>debitis</span> <span class='ocrx_word' id='word_1_286' title='bbox 1384 2987 1532 3067; x_wconf 90' lang='lat' dir='ltr'>exequiis</span> <span class='ocrx_word' id='word_1_287' title='bbox 1551 2983 1578 3070; x_wconf 85' lang='lat' dir='ltr'>e)</span> <span class='ocrx_word' id='word_1_288' title='bbox 1601 2986 1780 3062; x_wconf 88' lang='lat' dir='ltr'>honorare,</span> <span class='ocrx_word' id='word_1_289' title='bbox 1812 2995 1849 3048; x_wconf 91' lang='lat' dir='ltr'>ut</span> <span class='ocrx_word' id='word_1_290' title='bbox 1882 2987 1986 3069; x_wconf 91' lang='lat' dir='ltr'>ipsius</span> 
     </span>
     <span class='ocr_line' id='line_1_29' title="bbox 301 3073 1986 3158; baseline 0.002 -21"><span class='ocrx_word' id='word_1_291' title='bbox 301 3075 588 3138; x_wconf 90' lang='lat' dir='ltr'>intercessionibus</span> <span class='ocrx_word' id='word_1_292' title='bbox 618 3085 698 3156; x_wconf 91' lang='lat' dir='ltr'>aput</span> <span class='ocrx_word' id='word_1_293' title='bbox 729 3075 911 3140; x_wconf 89' lang='lat' dir='ltr'>districtum</span> <span class='ocrx_word' id='word_1_294' title='bbox 939 3076 1081 3140; x_wconf 91' lang='lat' dir='ltr'>iudicem</span> <span class='ocrx_word' id='word_1_295' title='bbox 1112 3075 1302 3139; x_wconf 90' lang='lat' dir='ltr'>mereamini</span> <span class='ocrx_word' id='word_1_296' title='bbox 1333 3076 1462 3138; x_wconf 91' lang='lat' dir='ltr'>veniam</span> <span class='ocrx_word' id='word_1_297' title='bbox 1495 3076 1644 3158; x_wconf 91' lang='lat' dir='ltr'>optinere</span> <span class='ocrx_word' id='word_1_298' title='bbox 1676 3084 1710 3139; x_wconf 91' lang='lat' dir='ltr'>et</span> <span class='ocrx_word' id='word_1_299' title='bbox 1737 3073 1924 3158; x_wconf 88' lang='lat' dir='ltr'>gloriosum</span> <span class='ocrx_word' id='word_1_300' title='bbox 1954 3079 1986 3140; x_wconf 92' lang='lat' dir='ltr'>in</span> 
     </span>
     <span class='ocr_line' id='line_1_30' title="bbox 301 3163 1003 3247; baseline -0.003 -19"><span class='ocrx_word' id='word_1_301' title='bbox 301 3173 414 3231; x_wconf 88' lang='lat' dir='ltr'>eterna</span> <span class='ocrx_word' id='word_1_302' title='bbox 436 3163 641 3228; x_wconf 91' lang='lat' dir='ltr'>beatitudine</span> <span class='ocrx_word' id='word_1_303' title='bbox 663 3166 826 3247; x_wconf 90' lang='lat' dir='ltr'>premium</span> <span class='ocrx_word' id='word_1_304' title='bbox 849 3166 1003 3229; x_wconf 91' lang='lat' dir='ltr'>invenire.</span> 
     </span>
    </p>
   </div>
   <div class='ocr_carea' id='block_1_6' title="bbox 461 3277 1730 3346">
    <p class='ocr_par' dir='ltr' id='par_1_6' title="bbox 461 3277 1730 3346">
     <span class='ocr_line' id='line_1_31' title="bbox 461 3277 1730 3346; baseline 0 -18"><span class='ocrx_word' id='word_1_305' title='bbox 461 3277 587 3344; x_wconf 77' lang='lat' dir='ltr'>Absclm&#39;ft</span> <span class='ocrx_word' id='word_1_306' title='bbox 602 3293 657 3328; x_wconf 81' lang='lat' dir='ltr'>vom</span> <span class='ocrx_word' id='word_1_307' title='bbox 676 3279 710 3329; x_wconf 81' lang='lat'>13</span> <span class='ocrx_word' id='word_1_308' title='bbox 731 3279 824 3346; x_wconf 68' lang='lat' dir='ltr'>Jahrb.</span> <span class='ocrx_word' id='word_1_309' title='bbox 844 3281 884 3330; x_wconf 80' lang='lat' dir='ltr'>des</span> <span class='ocrx_word' id='word_1_310' title='bbox 906 3279 963 3331; x_wconf 86' lang='lat' dir='ltr'>Cod.</span> <span class='ocrx_word' id='word_1_311' title='bbox 987 3279 1038 3330; x_wconf 80' lang='lat' dir='ltr'>Val.</span> <span class='ocrx_word' id='word_1_312' title='bbox 1060 3281 1130 3330; x_wconf 75' lang='lat'>6024</span> <span class='ocrx_word' id='word_1_313' title='bbox 1143 3287 1172 3345; x_wconf 80' lang='lat' dir='ltr'>p.</span> <span class='ocrx_word' id='word_1_314' title='bbox 1192 3281 1267 3342; x_wconf 77' lang='lat' dir='ltr'>rath,</span> <span class='ocrx_word' id='word_1_315' title='bbox 1286 3277 1313 3328; x_wconf 77' lang='lat' dir='ltr'>in</span> <span class='ocrx_word' id='word_1_316' title='bbox 1331 3279 1374 3329; x_wconf 81' lang='lat' dir='ltr'>der</span> <span class='ocrx_word' id='word_1_317' title='bbox 1391 3277 1453 3328; x_wconf 83' lang='lat' dir='ltr'>Bibl.</span> <span class='ocrx_word' id='word_1_318' title='bbox 1478 3277 1595 3329; x_wconf 73' lang='lat' dir='ltr'>Vaticana</span> <span class='ocrx_word' id='word_1_319' title='bbox 1613 3295 1642 3328; x_wconf 82' lang='lat' dir='ltr'>ru</span> <span class='ocrx_word' id='word_1_320' title='bbox 1660 3280 1730 3328; x_wconf 85' lang='lat' dir='ltr'>Rom.</span> 
     </span>
    </p>
   </div>
   <div class='ocr_carea' id='block_1_7' title="bbox 1046 3564 1231 3641">
    <p class='ocr_par' dir='ltr' id='par_1_7' title="bbox 1046 3564 1231 3641">
     <span class='ocr_line' id='line_1_32' title="bbox 1046 3564 1231 3641; baseline -0.016 0"><span class='ocrx_word' id='word_1_321' title='bbox 1046 3564 1114 3641; x_wconf 89' lang='lat' dir='ltr'>Nr.</span> <span class='ocrx_word' id='word_1_322' title='bbox 1144 3567 1231 3641; x_wconf 89' lang='grc'><em>197.</em></span> 
     </span>
    </p>
   </div>
   <div class='ocr_carea' id='block_1_8' title="bbox 399 3711 1899 3925">
    <p class='ocr_par' dir='ltr' id='par_1_8' title="bbox 399 3711 1899 3925">
     <span class='ocr_line' id='line_1_33' title="bbox 399 3711 1899 3799; baseline 0.001 -22"><span class='ocrx_word' id='word_1_323' title='bbox 399 3711 585 3778; x_wconf 69' lang='lat' dir='ltr'>Alexander</span> <span class='ocrx_word' id='word_1_324' title='bbox 601 3713 669 3778; x_wconf 92' lang='lat' dir='ltr'>III</span> <span class='ocrx_word' id='word_1_325' title='bbox 684 3713 833 3799; x_wconf 75' lang='lat' dir='ltr'>bestdtigt</span> <span class='ocrx_word' id='word_1_326' title='bbox 854 3713 927 3779; x_wconf 81' lang='lat' dir='ltr'>dem</span> <span class='ocrx_word' id='word_1_327' title='bbox 943 3711 1156 3799; x_wconf 81' lang='lat' dir='ltr'>Domkapz&#39;tel</span> <span class='ocrx_word' id='word_1_328' title='bbox 1166 3736 1226 3780; x_wconf 85' lang='lat' dir='ltr'>von</span> <span class='ocrx_word' id='word_1_329' title='bbox 1246 3713 1362 3779; x_wconf 88' lang='lat' dir='ltr'>Genua</span> <span class='ocrx_word' id='word_1_330' title='bbox 1377 3714 1602 3780; x_wconf 81' lang='lat' dir='ltr'>verschiedene</span> <span class='ocrx_word' id='word_1_331' title='bbox 1617 3711 1829 3799; x_wconf 82' lang='lat' dir='ltr'>Berrirungen</span> <span class='ocrx_word' id='word_1_332' title='bbox 1846 3713 1899 3796; x_wconf 55' lang='lat' dir='ltr'>’ja</span> 
     </span>
     <span class='ocr_line' id='line_1_34' title="bbox 897 3848 1382 3925; baseline 0.002 -14"><span class='ocrx_word' id='word_1_333' title='bbox 897 3850 980 3913; x_wconf 88' lang='grc'><em>1161</em></span> <span class='ocrx_word' id='word_1_334' title='bbox 1004 3848 1083 3925; x_wconf 77' lang='lat' dir='ltr'>Julz&#39;</span> <span class='ocrx_word' id='word_1_335' title='bbox 1097 3851 1149 3913; x_wconf 81' lang='lat'>14.</span> <span class='ocrx_word' id='word_1_336' title='bbox 1186 3849 1382 3913; x_wconf 66' lang='lat' dir='ltr'>Pales-trina.</span> 
     </span>
    </p>
   </div>
   <div class='ocr_carea' id='block_1_9' title="bbox 299 3995 1987 5420">
    <p class='ocr_par' dir='ltr' id='par_1_9' title="bbox 299 3995 1987 5420">
     <span class='ocr_line' id='line_1_35' title="bbox 457 3995 1986 4084; baseline 0.001 -22"><span class='ocrx_word' id='word_1_337' title='bbox 457 3995 651 4064; x_wconf 87' lang='lat' dir='ltr'>Alexander</span> <span class='ocrx_word' id='word_1_338' title='bbox 665 3999 850 4082; x_wconf 91' lang='lat' dir='ltr'>episcopus,</span> <span class='ocrx_word' id='word_1_339' title='bbox 865 4021 976 4065; x_wconf 88' lang='lat' dir='ltr'>servus</span> <span class='ocrx_word' id='word_1_340' title='bbox 991 4020 1158 4064; x_wconf 89' lang='lat' dir='ltr'>servorum</span> <span class='ocrx_word' id='word_1_341' title='bbox 1175 4001 1238 4077; x_wconf 91' lang='lat' dir='ltr'>dei,</span> <span class='ocrx_word' id='word_1_342' title='bbox 1262 4000 1389 4066; x_wconf 89' lang='lat' dir='ltr'>dilectis</span> <span class='ocrx_word' id='word_1_343' title='bbox 1406 3999 1488 4076; x_wconf 87' lang='lat' dir='ltr'>liliis,</span> <span class='ocrx_word' id='word_1_344' title='bbox 1506 4001 1634 4065; x_wconf 91' lang='lat' dir='ltr'>Oberto</span> <span class='ocrx_word' id='word_1_345' title='bbox 1649 4001 1830 4084; x_wconf 90' lang='lat' dir='ltr'>preposito,</span> <span class='ocrx_word' id='word_1_346' title='bbox 1847 4001 1986 4084; x_wconf 86' lang='lat' dir='ltr'>Hugoni</span> 
     </span>
     <span class='ocr_line' id='line_1_36' title="bbox 299 4089 1985 4173; baseline 0.001 -20"><span class='ocrx_word' id='word_1_347' title='bbox 299 4089 532 4154; x_wconf 90' lang='lat' dir='ltr'>archidiacono</span> <span class='ocrx_word' id='word_1_348' title='bbox 563 4097 597 4153; x_wconf 91' lang='lat' dir='ltr'>et</span> <span class='ocrx_word' id='word_1_349' title='bbox 619 4090 776 4153; x_wconf 89' lang='lat' dir='ltr'>universis</span> <span class='ocrx_word' id='word_1_350' title='bbox 804 4091 971 4154; x_wconf 89' lang='lat' dir='ltr'>canonicis</span> <span class='ocrx_word' id='word_1_351' title='bbox 1000 4091 1136 4154; x_wconf 91' lang='lat' dir='ltr'>ecclesie</span> <span class='ocrx_word' id='word_1_352' title='bbox 1159 4091 1262 4155; x_wconf 88' lang='lat' dir='ltr'>sancti</span> <span class='ocrx_word' id='word_1_353' title='bbox 1287 4089 1453 4153; x_wconf 90' lang='lat' dir='ltr'>Laurentii</span> <span class='ocrx_word' id='word_1_354' title='bbox 1476 4089 1653 4167; x_wconf 88' lang='lat' dir='ltr'>Ianuensis,</span> <span class='ocrx_word' id='word_1_355' title='bbox 1677 4091 1816 4154; x_wconf 89' lang='lat' dir='ltr'>salutem</span> <span class='ocrx_word' id='word_1_356' title='bbox 1845 4101 1879 4154; x_wconf 88' lang='lat' dir='ltr'>et</span> <span class='ocrx_word' id='word_1_357' title='bbox 1905 4112 1985 4173; x_wconf 93' lang='lat' dir='ltr'>apo-</span> 
     </span>
     <span class='ocr_line' id='line_1_37' title="bbox 299 4178 1987 4262; baseline 0.001 -20"><span class='ocrx_word' id='word_1_358' title='bbox 299 4180 449 4243; x_wconf 88' lang='lat' dir='ltr'>stolicam</span> <span class='ocrx_word' id='word_1_359' title='bbox 472 4179 748 4243; x_wconf 91' lang='lat' dir='ltr'>benedictionem.</span> <span class='ocrx_word' id='word_1_360' title='bbox 793 4179 888 4243; x_wconf 89' lang='lat' dir='ltr'>Iustis</span> <span class='ocrx_word' id='word_1_361' title='bbox 918 4181 1100 4262; x_wconf 89' lang='lat' dir='ltr'>petentium</span> <span class='ocrx_word' id='word_1_362' title='bbox 1133 4179 1302 4243; x_wconf 91' lang='lat' dir='ltr'>desideriis</span> <span class='ocrx_word' id='word_1_363' title='bbox 1333 4179 1469 4262; x_wconf 86' lang='lat' dir='ltr'>dignum</span> <span class='ocrx_word' id='word_1_364' title='bbox 1493 4190 1544 4242; x_wconf 88' lang='lat' dir='ltr'>est</span> <span class='ocrx_word' id='word_1_365' title='bbox 1573 4178 1703 4243; x_wconf 80' lang='lat' dir='ltr'>facilem</span> <span class='ocrx_word' id='word_1_366' title='bbox 1729 4179 1870 4262; x_wconf 91' lang='lat' dir='ltr'>prebere</span> <span class='ocrx_word' id='word_1_367' title='bbox 1907 4201 1987 4243; x_wconf 91' lang='lat' dir='ltr'>con·</span> 
     </span>
     <span class='ocr_line' id='line_1_38' title="bbox 299 4269 1986 4351; baseline 0.001 -20"><span class='ocrx_word' id='word_1_368' title='bbox 299 4288 430 4332; x_wconf 92' lang='lat' dir='ltr'>sensum</span> <span class='ocrx_word' id='word_1_369' title='bbox 463 4277 496 4332; x_wconf 90' lang='lat' dir='ltr'>et</span> <span class='ocrx_word' id='word_1_370' title='bbox 523 4278 611 4344; x_wconf 87' lang='lat' dir='ltr'>vota,</span> <span class='ocrx_word' id='word_1_371' title='bbox 636 4287 700 4349; x_wconf 92' lang='lat' dir='ltr'>que</span> <span class='ocrx_word' id='word_1_372' title='bbox 723 4269 901 4332; x_wconf 88' lang='lat' dir='ltr'>arationis</span> <span class='ocrx_word' id='word_1_373' title='bbox 924 4270 1054 4332; x_wconf 89' lang='lat' dir='ltr'>tramite</span> <span class='ocrx_word' id='word_1_374' title='bbox 1078 4289 1145 4332; x_wconf 91' lang='lat' dir='ltr'>non</span> <span class='ocrx_word' id='word_1_375' title='bbox 1169 4269 1368 4346; x_wconf 85' lang='lat' dir='ltr'>discordant,</span> <span class='ocrx_word' id='word_1_376' title='bbox 1397 4269 1514 4332; x_wconf 82' lang='lat' dir='ltr'>effectu</span> <span class='ocrx_word' id='word_1_377' title='bbox 1542 4279 1618 4332; x_wconf 90' lang='lat' dir='ltr'>sunt</span> <span class='ocrx_word' id='word_1_378' title='bbox 1648 4279 1871 4351; x_wconf 89' lang='lat' dir='ltr'>prosequente</span> <span class='ocrx_word' id='word_1_379' title='bbox 1896 4290 1986 4333; x_wconf 92' lang='lat' dir='ltr'>com-</span> 
     </span>
     <span class='ocr_line' id='line_1_39' title="bbox 299 4357 1985 4441; baseline 0.001 -21"><span class='ocrx_word' id='word_1_380' title='bbox 299 4357 431 4439; x_wconf 89' lang='lat' dir='ltr'>plenda.</span> <span class='ocrx_word' id='word_1_381' title='bbox 483 4358 686 4441; x_wconf 86' lang='lat' dir='ltr'>Eapropter,</span> <span class='ocrx_word' id='word_1_382' title='bbox 718 4357 829 4421; x_wconf 89' lang='lat' dir='ltr'>dilecti</span> <span class='ocrx_word' id='word_1_383' title='bbox 860 4359 894 4420; x_wconf 93' lang='lat' dir='ltr'>in</span> <span class='ocrx_word' id='word_1_384' title='bbox 925 4359 1062 4422; x_wconf 91' lang='lat' dir='ltr'>domino</span> <span class='ocrx_word' id='word_1_385' title='bbox 1093 4358 1168 4436; x_wconf 88' lang='lat' dir='ltr'>filii,</span> <span class='ocrx_word' id='word_1_386' title='bbox 1199 4360 1314 4422; x_wconf 88' lang='lat' dir='ltr'>vestris</span> <span class='ocrx_word' id='word_1_387' title='bbox 1344 4359 1435 4421; x_wconf 91' lang='lat' dir='ltr'>iustis</span> <span class='ocrx_word' id='word_1_388' title='bbox 1467 4357 1746 4440; x_wconf 89' lang='lat' dir='ltr'>postulationibus</span> <span class='ocrx_word' id='word_1_389' title='bbox 1776 4369 1873 4440; x_wconf 79' lang='lat' dir='ltr'>grato</span> <span class='ocrx_word' id='word_1_390' title='bbox 1907 4380 1985 4422; x_wconf 90' lang='lat' dir='ltr'>con-</span> 
     </span>
     <span class='ocr_line' id='line_1_40' title="bbox 300 4446 1987 4530; baseline 0.001 -20"><span class='ocrx_word' id='word_1_391' title='bbox 300 4457 464 4511; x_wconf 90' lang='lat' dir='ltr'>currentes</span> <span class='ocrx_word' id='word_1_392' title='bbox 487 4466 628 4522; x_wconf 90' lang='lat' dir='ltr'>assensu,</span> <span class='ocrx_word' id='word_1_393' title='bbox 652 4447 899 4511; x_wconf 90' lang='lat' dir='ltr'>concessionem</span> <span class='ocrx_word' id='word_1_394' title='bbox 922 4457 956 4510; x_wconf 91' lang='lat' dir='ltr'>et</span> <span class='ocrx_word' id='word_1_395' title='bbox 980 4446 1195 4511; x_wconf 88' lang='lat' dir='ltr'>donationem</span> <span class='ocrx_word' id='word_1_396' title='bbox 1219 4449 1261 4511; x_wconf 92' lang='lat' dir='ltr'>de</span> <span class='ocrx_word' id='word_1_397' title='bbox 1284 4448 1438 4511; x_wconf 90' lang='lat' dir='ltr'>omnibus</span> <span class='ocrx_word' id='word_1_398' title='bbox 1457 4448 1593 4510; x_wconf 91' lang='lat' dir='ltr'>decimis</span> <span class='ocrx_word' id='word_1_399' title='bbox 1609 4468 1731 4525; x_wconf 89' lang='lat' dir='ltr'>eorum,</span> <span class='ocrx_word' id='word_1_400' title='bbox 1757 4449 1811 4530; x_wconf 92' lang='lat' dir='ltr'>qui</span> <span class='ocrx_word' id='word_1_401' title='bbox 1829 4448 1987 4512; x_wconf 88' lang='lat' dir='ltr'>habitant</span> 
     </span>
     <span class='ocr_line' id='line_1_41' title="bbox 300 4536 1986 4619; baseline 0.001 -19"><span class='ocrx_word' id='word_1_402' title='bbox 300 4545 332 4600; x_wconf 92' lang='lat' dir='ltr'>et</span> <span class='ocrx_word' id='word_1_403' title='bbox 354 4536 586 4600; x_wconf 89' lang='lat' dir='ltr'>habitaverunt</span> <span class='ocrx_word' id='word_1_404' title='bbox 609 4536 641 4599; x_wconf 91' lang='lat' dir='ltr'>in</span> <span class='ocrx_word' id='word_1_405' title='bbox 665 4536 796 4600; x_wconf 89' lang='lat' dir='ltr'>civitate</span> <span class='ocrx_word' id='word_1_406' title='bbox 819 4537 979 4614; x_wconf 89' lang='lat' dir='ltr'>Ianuensi,</span> <span class='ocrx_word' id='word_1_407' title='bbox 1004 4539 1037 4600; x_wconf 92' lang='lat' dir='ltr'>in</span> <span class='ocrx_word' id='word_1_408' title='bbox 1062 4548 1169 4601; x_wconf 91' lang='lat' dir='ltr'>castro</span> <span class='ocrx_word' id='word_1_409' title='bbox 1194 4557 1326 4619; x_wconf 92' lang='lat' dir='ltr'>quoque</span> <span class='ocrx_word' id='word_1_410' title='bbox 1350 4547 1383 4601; x_wconf 92' lang='lat' dir='ltr'>et</span> <span class='ocrx_word' id='word_1_411' title='bbox 1405 4537 1511 4618; x_wconf 83' lang='lat' dir='ltr'>burgo</span> <span class='ocrx_word' id='word_1_412' title='bbox 1535 4547 1636 4619; x_wconf 90' lang='lat' dir='ltr'>atque</span> <span class='ocrx_word' id='word_1_413' title='bbox 1658 4537 1816 4601; x_wconf 92' lang='lat' dir='ltr'>suburbio</span> <span class='ocrx_word' id='word_1_414' title='bbox 1834 4539 1986 4603; x_wconf 89' lang='lat' dir='ltr'>eiusdem</span> 
     </span>
     <span class='ocr_line' id='line_1_42' title="bbox 300 4622 1986 4714; baseline -0.001 -22"><span class='ocrx_word' id='word_1_415' title='bbox 300 4627 453 4704; x_wconf 90' lang='lat' dir='ltr'>civitatis,</span> <span class='ocrx_word' id='word_1_416' title='bbox 485 4647 505 4689; x_wconf 92' lang='lat' dir='ltr'>a</span> <span class='ocrx_word' id='word_1_417' title='bbox 534 4625 712 4688; x_wconf 92' lang='lat' dir='ltr'>venerabili</span> <span class='ocrx_word' id='word_1_418' title='bbox 744 4625 840 4689; x_wconf 82' lang='lat' dir='ltr'>fratre</span> <span class='ocrx_word' id='word_1_419' title='bbox 871 4636 985 4690; x_wconf 91' lang='lat' dir='ltr'>nostro</span> <span class='ocrx_word' id='word_1_420' title='bbox 1016 4622 1137 4714; x_wconf 88' lang='lat' dir='ltr'>S(yro),</span> <span class='ocrx_word' id='word_1_421' title='bbox 1166 4626 1317 4691; x_wconf 89' lang='lat' dir='ltr'>Ianuensi</span> <span class='ocrx_word' id='word_1_422' title='bbox 1348 4625 1599 4709; x_wconf 88' lang='lat' dir='ltr'>archiepiscopo</span> <span class='ocrx_word' id='word_1_423' title='bbox 1616 4623 1651 4712; x_wconf 78' lang='lat'>⁴),</span> <span class='ocrx_word' id='word_1_424' title='bbox 1692 4627 1853 4690; x_wconf 86' lang='lat' dir='ltr'>canonice</span> <span class='ocrx_word' id='word_1_425' title='bbox 1886 4629 1986 4691; x_wconf 91' lang='lat' dir='ltr'>vobis</span> 
     </span>
     <span class='ocr_line' id='line_1_43' title="bbox 299 4715 1987 4798; baseline 0.001 -18"><span class='ocrx_word' id='word_1_426' title='bbox 299 4717 430 4791; x_wconf 83' lang='lat' dir='ltr'>factam,</span> <span class='ocrx_word' id='word_1_427' title='bbox 461 4715 544 4778; x_wconf 90' lang='lat' dir='ltr'>sicut</span> <span class='ocrx_word' id='word_1_428' title='bbox 567 4735 623 4778; x_wconf 88' lang='lat' dir='ltr'>eas</span> <span class='ocrx_word' id='word_1_429' title='bbox 645 4716 883 4780; x_wconf 89' lang='lat' dir='ltr'>rationabiliter</span> <span class='ocrx_word' id='word_1_430' title='bbox 910 4716 1096 4798; x_wconf 92' lang='lat' dir='ltr'>possidetis,</span> <span class='ocrx_word' id='word_1_431' title='bbox 1130 4735 1337 4797; x_wconf 91' lang='lat' dir='ltr'>quecumque</span> <span class='ocrx_word' id='word_1_432' title='bbox 1360 4716 1461 4779; x_wconf 88' lang='lat' dir='ltr'>etiam</span> <span class='ocrx_word' id='word_1_433' title='bbox 1490 4716 1581 4779; x_wconf 87' lang='lat' dir='ltr'>bona</span> <span class='ocrx_word' id='word_1_434' title='bbox 1604 4716 1636 4778; x_wconf 93' lang='lat' dir='ltr'>in</span> <span class='ocrx_word' id='word_1_435' title='bbox 1661 4715 1803 4779; x_wconf 87' lang='lat' dir='ltr'>futurum</span> <span class='ocrx_word' id='word_1_436' title='bbox 1835 4717 1924 4781; x_wconf 89' lang='lat' dir='ltr'>iuste</span> <span class='ocrx_word' id='word_1_437' title='bbox 1954 4729 1987 4781; x_wconf 88' lang='lat' dir='ltr'>et</span> 
     </span>
     <span class='ocr_line' id='line_1_44' title="bbox 299 4804 1986 4888; baseline 0.001 -19"><span class='ocrx_word' id='word_1_438' title='bbox 299 4805 444 4888; x_wconf 86' lang='lat' dir='ltr'>legitime</span> <span class='ocrx_word' id='word_1_439' title='bbox 476 4805 539 4867; x_wconf 91' lang='lat' dir='ltr'>deo</span> <span class='ocrx_word' id='word_1_440' title='bbox 570 4804 722 4886; x_wconf 90' lang='lat' dir='ltr'>propicio</span> <span class='ocrx_word' id='word_1_441' title='bbox 754 4805 905 4887; x_wconf 87' lang='lat' dir='ltr'>poteritis</span> <span class='ocrx_word' id='word_1_442' title='bbox 936 4805 1083 4887; x_wconf 90' lang='lat' dir='ltr'>adipisci,</span> <span class='ocrx_word' id='word_1_443' title='bbox 1113 4805 1210 4868; x_wconf 92' lang='lat' dir='ltr'>vobis</span> <span class='ocrx_word' id='word_1_444' title='bbox 1242 4815 1276 4868; x_wconf 90' lang='lat' dir='ltr'>et</span> <span class='ocrx_word' id='word_1_445' title='bbox 1305 4824 1366 4887; x_wconf 90' lang='lat' dir='ltr'>per</span> <span class='ocrx_word' id='word_1_446' title='bbox 1394 4825 1454 4868; x_wconf 94' lang='lat' dir='ltr'>vos</span> <span class='ocrx_word' id='word_1_447' title='bbox 1485 4805 1622 4869; x_wconf 90' lang='lat' dir='ltr'>ecclesie</span> <span class='ocrx_word' id='word_1_448' title='bbox 1648 4816 1756 4869; x_wconf 90' lang='lat' dir='ltr'>vestre</span> <span class='ocrx_word' id='word_1_449' title='bbox 1784 4807 1986 4871; x_wconf 87' lang='lat' dir='ltr'>auctoritate</span> 
     </span>
     <span class='ocr_line' id='line_1_45' title="bbox 299 4893 1983 4976; baseline 0 -17"><span class='ocrx_word' id='word_1_450' title='bbox 299 4895 386 4959; x_wconf 90' lang='lat' dir='ltr'>sedis</span> <span class='ocrx_word' id='word_1_451' title='bbox 402 4893 584 4976; x_wconf 92' lang='lat' dir='ltr'>apostolice</span> <span class='ocrx_word' id='word_1_452' title='bbox 607 4893 849 4958; x_wconf 87' lang='lat' dir='ltr'>confirmamus.</span> <span class='ocrx_word' id='word_1_453' title='bbox 888 4893 954 4957; x_wconf 91' lang='lat' dir='ltr'>Illis</span> <span class='ocrx_word' id='word_1_454' title='bbox 970 4895 1083 4976; x_wconf 89' lang='lat' dir='ltr'>utique</span> <span class='ocrx_word' id='word_1_455' title='bbox 1100 4895 1235 4958; x_wconf 90' lang='lat' dir='ltr'>decimis</span> <span class='ocrx_word' id='word_1_456' title='bbox 1251 4894 1409 4976; x_wconf 91' lang='lat' dir='ltr'>exceptis,</span> <span class='ocrx_word' id='word_1_457' title='bbox 1427 4915 1508 4976; x_wconf 88' lang='lat' dir='ltr'>quas</span> <span class='ocrx_word' id='word_1_458' title='bbox 1524 4905 1712 4958; x_wconf 90' lang='lat' dir='ltr'>antecessor</span> <span class='ocrx_word' id='word_1_459' title='bbox 1728 4903 1850 4972; x_wconf 92' lang='lat' dir='ltr'>noster,</span> <span class='ocrx_word' id='word_1_460' title='bbox 1876 4895 1983 4959; x_wconf 84' lang='lat' dir='ltr'>felicis</span> 
     </span>
     <span class='ocr_line' id='line_1_46' title="bbox 299 4982 1986 5066; baseline 0.001 -18"><span class='ocrx_word' id='word_1_461' title='bbox 299 4985 457 5048; x_wconf 91' lang='lat' dir='ltr'>memorie</span> <span class='ocrx_word' id='word_1_462' title='bbox 480 4983 690 5048; x_wconf 92' lang='lat' dir='ltr'>Innocentius</span> <span class='ocrx_word' id='word_1_463' title='bbox 713 5003 803 5066; x_wconf 90' lang='lat' dir='ltr'>papa</span> <span class='ocrx_word' id='word_1_464' title='bbox 825 4992 858 5047; x_wconf 89' lang='lat' dir='ltr'>et</span> <span class='ocrx_word' id='word_1_465' title='bbox 881 4983 1130 5066; x_wconf 90' lang='lat' dir='ltr'>predecessores</span> <span class='ocrx_word' id='word_1_466' title='bbox 1154 4985 1300 5047; x_wconf 91' lang='lat' dir='ltr'>eiusdem</span> <span class='ocrx_word' id='word_1_467' title='bbox 1325 4983 1566 5066; x_wconf 90' lang='lat' dir='ltr'>archiepiscopi</span> <span class='ocrx_word' id='word_1_468' title='bbox 1590 4982 1660 5047; x_wconf 87' lang='lat' dir='ltr'>aliis</span> <span class='ocrx_word' id='word_1_469' title='bbox 1683 4983 1828 5047; x_wconf 90' lang='lat' dir='ltr'>ecclesiis</span> <span class='ocrx_word' id='word_1_470' title='bbox 1850 4985 1986 5066; x_wconf 90' lang='lat' dir='ltr'>pietatis</span> 
     </span>
     <span class='ocr_line' id='line_1_47' title="bbox 299 5072 1985 5156; baseline 0.001 -20"><span class='ocrx_word' id='word_1_471' title='bbox 299 5075 417 5137; x_wconf 88' lang='lat' dir='ltr'>intuitu</span> <span class='ocrx_word' id='word_1_472' title='bbox 441 5072 657 5137; x_wconf 89' lang='lat' dir='ltr'>contulerunt.</span> <span class='ocrx_word' id='word_1_473' title='bbox 702 5073 751 5136; x_wconf 89' lang='lat' dir='ltr'>Ita</span> <span class='ocrx_word' id='word_1_474' title='bbox 775 5073 917 5155; x_wconf 87' lang='lat' dir='ltr'>quidem,</span> <span class='ocrx_word' id='word_1_475' title='bbox 942 5084 986 5150; x_wconf 91' lang='lat' dir='ltr'>ut,</span> <span class='ocrx_word' id='word_1_476' title='bbox 1010 5073 1094 5137; x_wconf 92' lang='lat' dir='ltr'>sicut</span> <span class='ocrx_word' id='word_1_477' title='bbox 1117 5075 1150 5136; x_wconf 90' lang='lat' dir='ltr'>in</span> <span class='ocrx_word' id='word_1_478' title='bbox 1174 5074 1297 5155; x_wconf 92' lang='lat' dir='ltr'>scripto</span> <span class='ocrx_word' id='word_1_479' title='bbox 1321 5073 1459 5155; x_wconf 92' lang='lat' dir='ltr'>predicti</span> <span class='ocrx_word' id='word_1_480' title='bbox 1484 5074 1723 5156; x_wconf 90' lang='lat' dir='ltr'>archiepiscopi</span> <span class='ocrx_word' id='word_1_481' title='bbox 1748 5074 1872 5136; x_wconf 89' lang='lat' dir='ltr'>exinde</span> <span class='ocrx_word' id='word_1_482' title='bbox 1897 5075 1985 5138; x_wconf 85' lang='lat' dir='ltr'>facto</span> 
     </span>
     <span class='ocr_line' id='line_1_48' title="bbox 300 5161 1983 5244; baseline 0 -17"><span class='ocrx_word' id='word_1_483' title='bbox 300 5164 493 5240; x_wconf 88' lang='lat' dir='ltr'>continetur,</span> <span class='ocrx_word' id='word_1_484' title='bbox 525 5163 597 5244; x_wconf 92' lang='lat' dir='ltr'>ipse</span> <span class='ocrx_word' id='word_1_485' title='bbox 628 5161 756 5226; x_wconf 91' lang='lat' dir='ltr'>decime</span> <span class='ocrx_word' id='word_1_486' title='bbox 778 5162 874 5226; x_wconf 92' lang='lat' dir='ltr'>vobis</span> <span class='ocrx_word' id='word_1_487' title='bbox 904 5163 1086 5244; x_wconf 91' lang='lat' dir='ltr'>vestrisque</span> <span class='ocrx_word' id='word_1_488' title='bbox 1115 5162 1358 5226; x_wconf 89' lang='lat' dir='ltr'>successoribus</span> <span class='ocrx_word' id='word_1_489' title='bbox 1388 5172 1422 5226; x_wconf 92' lang='lat' dir='ltr'>et</span> <span class='ocrx_word' id='word_1_490' title='bbox 1453 5164 1579 5226; x_wconf 88' lang='lat' dir='ltr'>nunciis</span> <span class='ocrx_word' id='word_1_491' title='bbox 1601 5163 1717 5226; x_wconf 83' lang='lat' dir='ltr'>vestris</span> <span class='ocrx_word' id='word_1_492' title='bbox 1746 5163 1823 5226; x_wconf 88' lang='lat' dir='ltr'>date</span> <span class='ocrx_word' id='word_1_493' title='bbox 1848 5174 1884 5226; x_wconf 89' lang='lat' dir='ltr'>et</span> <span class='ocrx_word' id='word_1_494' title='bbox 1908 5184 1983 5227; x_wconf 90' lang='lat' dir='ltr'>con·</span> 
     </span>
     <span class='ocr_line' id='line_1_49' title="bbox 299 5251 1986 5335; baseline 0.001 -18"><span class='ocrx_word' id='word_1_495' title='bbox 299 5253 427 5335; x_wconf 86' lang='lat' dir='ltr'>signate</span> <span class='ocrx_word' id='word_1_496' title='bbox 450 5253 516 5316; x_wconf 90' lang='lat' dir='ltr'>sint</span> <span class='ocrx_word' id='word_1_497' title='bbox 543 5261 577 5314; x_wconf 91' lang='lat' dir='ltr'>et</span> <span class='ocrx_word' id='word_1_498' title='bbox 599 5271 666 5315; x_wconf 90' lang='lat' dir='ltr'>non</span> <span class='ocrx_word' id='word_1_499' title='bbox 690 5252 723 5314; x_wconf 93' lang='lat' dir='ltr'>in</span> <span class='ocrx_word' id='word_1_500' title='bbox 747 5251 861 5315; x_wconf 91' lang='lat' dir='ltr'>alienis</span> <span class='ocrx_word' id='word_1_501' title='bbox 884 5251 1033 5334; x_wconf 89' lang='lat' dir='ltr'>partibus</span> <span class='ocrx_word' id='word_1_502' title='bbox 1062 5262 1286 5328; x_wconf 89' lang='lat' dir='ltr'>transmutate,</span> <span class='ocrx_word' id='word_1_503' title='bbox 1315 5251 1413 5315; x_wconf 90' lang='lat' dir='ltr'>salvis</span> <span class='ocrx_word' id='word_1_504' title='bbox 1442 5253 1556 5333; x_wconf 90' lang='lat' dir='ltr'>utique</span> <span class='ocrx_word' id='word_1_505' title='bbox 1583 5252 1762 5335; x_wconf 86' lang='lat' dir='ltr'>privilegiis</span> <span class='ocrx_word' id='word_1_506' title='bbox 1786 5273 1806 5315; x_wconf 87' lang='lat' dir='ltr'>a</span> <span class='ocrx_word' id='word_1_507' title='bbox 1828 5253 1986 5318; x_wconf 85' lang='lat' dir='ltr'>Romana</span> 
     </span>
     <span class='ocr_line' id='line_1_50' title="bbox 299 5339 1983 5420; baseline -0.001 -13"><span class='ocrx_word' id='word_1_508' title='bbox 299 5343 438 5407; x_wconf 90' lang='lat' dir='ltr'>ecclesia</span> <span class='ocrx_word' id='word_1_509' title='bbox 460 5341 531 5405; x_wconf 88' lang='lat' dir='ltr'>aliis</span> <span class='ocrx_word' id='word_1_510' title='bbox 554 5341 700 5406; x_wconf 89' lang='lat' dir='ltr'>ecclesiis</span> <span class='ocrx_word' id='word_1_511' title='bbox 715 5339 862 5406; x_wconf 89' lang='lat' dir='ltr'>eiusdem</span> <span class='ocrx_word' id='word_1_512' title='bbox 878 5341 1017 5406; x_wconf 87' lang='lat' dir='ltr'>civitatis</span> <span class='ocrx_word' id='word_1_513' title='bbox 1041 5342 1182 5405; x_wconf 91' lang='lat' dir='ltr'>indultis.</span> <span class='ocrx_word' id='word_1_514' title='bbox 1215 5340 1389 5405; x_wconf 90' lang='lat' dir='ltr'>Adicimus</span> <span class='ocrx_word' id='word_1_515' title='bbox 1413 5341 1521 5420; x_wconf 89' lang='lat' dir='ltr'>etiam,</span> <span class='ocrx_word' id='word_1_516' title='bbox 1545 5352 1581 5406; x_wconf 93' lang='lat' dir='ltr'>ut</span> <span class='ocrx_word' id='word_1_517' title='bbox 1597 5361 1664 5406; x_wconf 89' lang='lat' dir='ltr'>non</span> <span class='ocrx_word' id='word_1_518' title='bbox 1680 5342 1779 5406; x_wconf 86' lang='lat' dir='ltr'>liceat</span> <span class='ocrx_word' id='word_1_519' title='bbox 1802 5341 1846 5406; x_wconf 90' lang='lat' dir='ltr'>de</span> <span class='ocrx_word' id='word_1_520' title='bbox 1862 5353 1983 5420; x_wconf 87' lang='lat' dir='ltr'>cetero,</span> 
     </span>
    </p>
   </div>
   <div class='ocr_carea' id='block_1_10' title="bbox 299 5533 1985 5820">
    <p class='ocr_par' dir='ltr' id='par_1_10' title="bbox 299 5533 1985 5820">
     <span class='ocr_line' id='line_1_51' title="bbox 459 5533 1984 5606; baseline 0 -20"><span class='ocrx_word' id='word_1_521' title='bbox 459 5539 485 5606; x_wconf 79' lang='lat' dir='ltr'>a)</span> <span class='ocrx_word' id='word_1_522' title='bbox 506 5535 647 5586; x_wconf 79' lang='lat' dir='ltr'>carissimos</span> <span class='ocrx_word' id='word_1_523' title='bbox 674 5535 763 5586; x_wconf 81' lang='lat' dir='ltr'>iratres</span> <span class='ocrx_word' id='word_1_524' title='bbox 789 5541 814 5585; x_wconf 89' lang='lat' dir='ltr'>et</span> <span class='ocrx_word' id='word_1_525' title='bbox 832 5535 956 5600; x_wconf 74' lang='lat' dir='ltr'>speciales</span> <span class='ocrx_word' id='word_1_526' title='bbox 977 5533 1060 5604; x_wconf 68' lang='lat' dir='ltr'>Just,</span> <span class='ocrx_word' id='word_1_527' title='bbox 1086 5538 1144 5603; x_wconf 83' lang='lat' dir='ltr'>Reg.</span> <span class='ocrx_word' id='word_1_528' title='bbox 1164 5537 1233 5586; x_wconf 85' lang='grc'><em>7160</em></span> <span class='ocrx_word' id='word_1_529' title='bbox 1339 5535 1367 5600; x_wconf 91' lang='lat' dir='ltr'>b)</span> <span class='ocrx_word' id='word_1_530' title='bbox 1377 5535 1453 5601; x_wconf 76' lang='lat' dir='ltr'>fehlt,</span> <span class='ocrx_word' id='word_1_531' title='bbox 1472 5537 1529 5586; x_wconf 84' lang='lat' dir='ltr'>aber</span> <span class='ocrx_word' id='word_1_532' title='bbox 1555 5537 1584 5602; x_wconf 87' lang='lat' dir='ltr'>J.</span> <span class='ocrx_word' id='word_1_533' title='bbox 1605 5539 1674 5587; x_wconf 90' lang='grc'><em>7160</em></span> <span class='ocrx_word' id='word_1_534' title='bbox 1779 5537 1804 5604; x_wconf 92' lang='lat' dir='ltr'>c)</span> <span class='ocrx_word' id='word_1_535' title='bbox 1823 5535 1984 5588; x_wconf 79' lang='lat' dir='ltr'>adorandum</span> 
     </span>
     <span class='ocr_line' id='line_1_52' title="bbox 301 5606 1985 5676; baseline 0.002 -21"><span class='ocrx_word' id='word_1_536' title='bbox 301 5607 333 5672; x_wconf 88' lang='lat' dir='ltr'>J.</span> <span class='ocrx_word' id='word_1_537' title='bbox 352 5607 421 5656; x_wconf 85' lang='grc'><em>7160</em></span> <span class='ocrx_word' id='word_1_538' title='bbox 492 5609 520 5673; x_wconf 83' lang='lat' dir='ltr'>d)</span> <span class='ocrx_word' id='word_1_539' title='bbox 538 5608 604 5658; x_wconf 86' lang='lat' dir='ltr'>nude</span> <span class='ocrx_word' id='word_1_540' title='bbox 626 5608 656 5673; x_wconf 87' lang='lat' dir='ltr'>J.</span> <span class='ocrx_word' id='word_1_541' title='bbox 676 5608 748 5658; x_wconf 89' lang='grc'><em>7160</em></span> <span class='ocrx_word' id='word_1_542' title='bbox 837 5613 863 5672; x_wconf 89' lang='lat' dir='ltr'>e)</span> <span class='ocrx_word' id='word_1_543' title='bbox 882 5608 1009 5674; x_wconf 88' lang='lat' dir='ltr'>obsequiis</span> <span class='ocrx_word' id='word_1_544' title='bbox 1030 5609 1061 5673; x_wconf 86' lang='lat' dir='ltr'>J.</span> <span class='ocrx_word' id='word_1_545' title='bbox 1079 5610 1158 5659; x_wconf 87' lang='grc'><em>7160.</em></span> <span class='ocrx_word' id='word_1_546' title='bbox 1177 5644 1231 5652; x_wconf 83' lang='grc'><em>-</em></span> <span class='ocrx_word' id='word_1_547' title='bbox 1250 5607 1286 5672; x_wconf 79' lang='grc'>,1)</span> <span class='ocrx_word' id='word_1_548' title='bbox 1310 5607 1388 5673; x_wconf 84' lang='lat' dir='ltr'>Vergl.</span> <span class='ocrx_word' id='word_1_549' title='bbox 1410 5606 1490 5676; x_wconf 81' lang='lat' dir='ltr'>Jaffe&#39;,</span> <span class='ocrx_word' id='word_1_550' title='bbox 1510 5611 1568 5674; x_wconf 72' lang='lat' dir='ltr'>A&#39;rg.</span> <span class='ocrx_word' id='word_1_551' title='bbox 1588 5611 1667 5660; x_wconf 87' lang='grc'><em>7160.</em></span> <span class='ocrx_word' id='word_1_552' title='bbox 1759 5611 1786 5674; x_wconf 83' lang='lat'>2)</span> <span class='ocrx_word' id='word_1_553' title='bbox 1806 5609 1929 5658; x_wconf 76' lang='lat' dir='ltr'>Edwerd</span> <span class='ocrx_word' id='word_1_554' title='bbox 1942 5610 1985 5658; x_wconf 73' lang='lat' dir='ltr'>der</span> 
     </span>
     <span class='ocr_line' id='line_1_53' title="bbox 299 5677 1981 5747; baseline 0 -17"><span class='ocrx_word' id='word_1_555' title='bbox 299 5677 424 5730; x_wconf 82' lang='lat' dir='ltr'>Bckmner</span> <span class='ocrx_word' id='word_1_556' title='bbox 440 5681 483 5746; x_wconf 81' lang='lat' dir='ltr'>lag</span> <span class='ocrx_word' id='word_1_557' title='bbox 499 5681 526 5730; x_wconf 82' lang='lat' dir='ltr'>in</span> <span class='ocrx_word' id='word_1_558' title='bbox 550 5679 712 5731; x_wconf 77' lang='lat' dir='ltr'>Wrtmr&#39;nster</span> <span class='ocrx_word' id='word_1_559' title='bbox 728 5679 857 5746; x_wconf 77' lang='lat' dir='ltr'>begrabm;</span> <span class='ocrx_word' id='word_1_560' title='bbox 877 5682 952 5747; x_wconf 81' lang='lat' dir='ltr'>vergl.</span> <span class='ocrx_word' id='word_1_561' title='bbox 970 5680 1034 5729; x_wconf 77' lang='lat' dir='ltr'>arech</span> <span class='ocrx_word' id='word_1_562' title='bbox 1051 5681 1141 5730; x_wconf 75' lang='lat' dir='ltr'>Reum</span> <span class='ocrx_word' id='word_1_563' title='bbox 1156 5679 1293 5730; x_wconf 69' lang='lat' dir='ltr'>Akrender</span> <span class='ocrx_word' id='word_1_564' title='bbox 1310 5678 1359 5738; x_wconf 89' lang='lat' dir='ltr'>III,</span> <span class='ocrx_word' id='word_1_565' title='bbox 1378 5679 1440 5729; x_wconf 91' lang='lat' dir='ltr'>IS.</span> <span class='ocrx_word' id='word_1_566' title='bbox 1460 5681 1519 5734; x_wconf 81' lang='lat'>179.</span> <span class='ocrx_word' id='word_1_567' title='bbox 1628 5685 1656 5744; x_wconf 83' lang='lat'>3)</span> <span class='ocrx_word' id='word_1_568' title='bbox 1681 5679 1759 5746; x_wconf 74' lang='lat' dir='ltr'>Vergl.</span> <span class='ocrx_word' id='word_1_569' title='bbox 1784 5679 1822 5731; x_wconf 77' lang='lat' dir='ltr'>dic</span> <span class='ocrx_word' id='word_1_570' title='bbox 1845 5680 1909 5733; x_wconf 79' lang='lat' dir='ltr'>Urk.</span> <span class='ocrx_word' id='word_1_571' title='bbox 1927 5696 1981 5730; x_wconf 74' lang='lat' dir='ltr'>m</span> 
     </span>
     <span class='ocr_line' id='line_1_54' title="bbox 300 5750 1451 5820; baseline 0.003 -20"><span class='ocrx_word' id='word_1_572' title='bbox 300 5751 316 5800; x_wconf 84' lang='lat'>9</span> <span class='ocrx_word' id='word_1_573' title='bbox 335 5750 468 5818; x_wconf 77' lang='lat' dir='ltr'>September</span> <span class='ocrx_word' id='word_1_574' title='bbox 485 5753 664 5808; x_wconf 75' lang='lat'><strong><em>1184-1185.</em></strong></span> <span class='ocrx_word' id='word_1_575' title='bbox 736 5755 764 5820; x_wconf 90' lang='grc'>4)</span> <span class='ocrx_word' id='word_1_576' title='bbox 783 5751 861 5813; x_wconf 71' lang='lat' dir='ltr'>Syme</span> <span class='ocrx_word' id='word_1_577' title='bbox 878 5751 914 5814; x_wconf 87' lang='lat' dir='ltr'>II,</span> <span class='ocrx_word' id='word_1_578' title='bbox 932 5751 1079 5816; x_wconf 78' lang='lat' dir='ltr'>Enbr&#39;sckof</span> <span class='ocrx_word' id='word_1_579' title='bbox 1088 5767 1137 5802; x_wconf 78' lang='lat' dir='ltr'>von</span> <span class='ocrx_word' id='word_1_580' title='bbox 1158 5751 1251 5812; x_wconf 66' lang='lat' dir='ltr'>Gema,</span> <span class='ocrx_word' id='word_1_581' title='bbox 1271 5751 1451 5803; x_wconf 84' lang='grc'><em>1130-1163.</em></span> 
     </span>
    </p>
   </div>
   <div class='ocr_carea' id='block_1_11' title="bbox 0 0 2076 6357">
    <p class='ocr_par' dir='ltr' id='par_1_11' title="bbox 0 0 2076 6357">
     <span class='ocr_line' id='line_1_55' title="bbox 0 0 2076 6357; baseline 0 0"><span class='ocrx_word' id='word_1_582' title='bbox 0 0 2076 6357; x_wconf 95' lang='lat' dir='ltr'> </span> 
     </span>
    </p>
   </div>
  </div>
 </body>
</html>
