4126 6366
1698 345 1760 428 ³67

830 527 896 602 Nc.
926 531 1015 602 422.

86 655 234 720 Clemens
250 655 317 720 III
326 655 479 720 berz'clttet
492 655 566 721 dem
582 657 794 739 Erebisclzose
818 659 968 724 Wilhelm
983 682 1044 724 oon
1060 661 1234 742 Monreale,
1258 661 1338 725 dass
1352 660 1406 726 die
1422 664 1572 745 Bisclr'o'se
1586 686 1646 729 oon
1663 665 1761 748 Syra-

267 744 328 809 kus
342 767 403 810 oon
409 747 494 831 Jetrt
506 768 549 810 an
564 747 633 810 siclt
650 746 707 811 des
726 747 910 814 Gebrauclrs
925 749 982 814 des
998 750 1161 814 Palliums
1175 773 1215 815 eu
1230 750 1395 816 enllralten
1410 752 1523 817 tritten
1542 753 1574 840 ¹).

682 865 767 927 1188
790 861 920 929 October
935 869 983 929 19.
1015 867 1165 931 Lateran.

242 977 394 1042 Clemens
423 980 616 1062 episcopus,
647 999 759 1044 servus
791 1000 960 1046 servorum
992 982 1063 1060 dei,
1094 982 1271 1047 venerabili
1295 982 1385 1047 fratri
1409 983 1605 1062 Wilhelm0,
1636 985 1760 1050 Montis

78 1065 214 1148 Regalis
237 1066 505 1150 archiepiscopo,
535 1067 674 1132 salutem
698 1078 732 1133 et
753 1071 970 1153 apostolicam
994 1071 1269 1136 benedictionem.
1314 1072 1461 1137 iniuncta
1491 1075 1586 1138 nobis
1616 1078 1759 1140 omnium

79 1156 291 1219 ecclesiarum
315 1156 501 1221 sollicitudo
525 1178 585 1221 nos
609 1169 787 1235 ammonet,
810 1161 856 1223 sic
879 1160 921 1224 de
944 1160 1072 1224 illarum
1096 1169 1183 1224 statu
1208 1182 1318 1225 curam
1342 1182 1465 1245 gerere,
1496 1170 1539 1238 ut,
1563 1164 1692 1229 sublata
1715 1167 1760 1230 eis

80 1246 212 1328 penitus
243 1249 395 1320 materia,
426 1247 603 1329 iurgiorum
633 1247 757 1312 nullum
787 1269 917 1314 sumere
956 1250 1101 1314 debeant
1131 1271 1174 1314 ex
1209 1255 1386 1334 mergentis
1417 1252 1580 1316 discordie
1602 1255 1759 1318 scandalo

78 1334 321 1400 detrimentum.
368 1336 563 1418 Eapropter,
587 1356 630 1400 ne
653 1339 827 1403 occasione
850 1339 947 1422 pallii,
972 1342 1062 1404 cuius
1086 1361 1179 1404 usum
1196 1361 1239 1404 ex
1255 1340 1458 1424 indulgencia
1474 1343 1561 1405 sedis
1578 1345 1759 1427 apostolice

79 1421 291 1488 Siracusanus
314 1427 488 1508 episcopus
510 1426 625 1490 solitus
649 1435 699 1490 est
721 1427 852 1504 habere,
884 1430 968 1493 inter
996 1430 1179 1512 predictam
1204 1429 1374 1493 ecclesiam
1400 1430 1524 1494 Montis
1547 1434 1674 1514 regalis,
1707 1437 1758 1497 cui

78 1514 145 1576 deo
169 1525 304 1577 auctore
327 1535 459 1597 preesse
491 1515 701 1598 dignosceris,
732 1525 766 1580 et
789 1515 1017 1582 Siracusanum
1050 1521 1244 1602 episcopum
1272 1519 1436 1582 dissencio
1474 1521 1622 1602 quelibet
1644 1523 1758 1586 futuris

78 1603 286 1685 temporibus
310 1607 440 1680 oriatur,
463 1605 648 1687 apostolica
670 1609 840 1671 sanctione
871 1608 1076 1672 decernimus
1116 1617 1149 1672 et
1185 1618 1252 1672 tam
1284 1609 1353 1684 tibi,
1386 1630 1485 1691 quam
1516 1611 1759 1675 successoribus

77 1693 142 1754 tuis
179 1696 325 1776 presenti
357 1694 475 1778 pagina
506 1694 752 1772 confirmamus,
784 1705 820 1760 ut
842 1697 1053 1762 Siracusanus
1084 1699 1259 1781 episcopus
1276 1697 1301 1784 ¹)
1331 1706 1365 1760 et
1395 1719 1599 1762 successores
1623 1702 1758 1764 eiusab

79 1801 140 1844 usu
163 1782 251 1864 pallii
275 1782 418 1847 debeant
440 1785 563 1847 amodo
589 1787 719 1867 penitus
740 1785 913 1850 abstinere.
951 1787 1166 1851 Decernimus
1182 1807 1272 1870 ergo,
1296 1795 1331 1850 ut
1347 1787 1424 1850 nulli
1441 1789 1572 1852 omnino
1589 1788 1757 1854 hominum

79 1870 188 1943 liceat,
217 1871 303 1935 hanc
327 1875 478 1956 paginam
503 1882 616 1937 nostre
640 1875 892 1939 confirmationis
925 1877 1099 1959 infringere
1131 1877 1183 1942 vel
1215 1880 1245 1940 ei
1269 1897 1348 1940 ausu
1381 1880 1556 1940 temerario
1588 1882 1757 1943 contraire.

78 1957 114 2023 Si
139 1963 213 2040 quis
236 1970 345 2025 autem
370 1961 435 2026 hoc
457 1971 656 2047 attemptare
671 1968 917 2048 presumpserit,
941 1966 1195 2049 indignationem
1213 1969 1450 2048 omnipotentis
1466 1967 1520 2030 dei
1537 1975 1570 2030 et
1586 1967 1758 2032 beatorum

81 2049 167 2112 Petri
199 2059 232 2114 et
255 2051 360 2127 Pauli,
392 2052 616 2134 apostolorum
651 2053 733 2130 eius,
769 2075 804 2118 se
838 2057 967 2119 noverit
997 2058 1208 2119 incursurum.
1233 2092 1277 2102 -
1299 2055 1387 2120 Data
1414 2055 1576 2134 Laterani,
1607 2058 1758 2122 XI111Kl.

78 2138 259 2204 Novembr.
304 2142 515 2205 Pontificatus
540 2143 641 2206 nostri
664 2163 750 2206 anno
773 2146 892 2226 prim0.

239 2255 364 2321 Absclm'ft
379 2272 435 2306 vom
454 2259 487 2306 14
506 2257 600 2321 Jahrb.
620 2257 659 2306 des
680 2257 737 2308 Cod.
762 2258 813 2310 Vnt.
832 2259 903 2310 3880
915 2267 943 2324 p.
962 2261 998 2311 28
1015 2260 1036 2320 b,
1057 2259 1083 2308 in
1102 2261 1145 2310 der
1161 2259 1224 2310 Bibl.
1248 2259 1364 2309 Vaticana
1380 2277 1411 2310 ou
1428 2262 1498 2311 Rom.

828 2543 895 2618 Nr.
917 2548 1007 2620 423.

83 2671 231 2738 Clemens
253 2674 319 2739 III
337 2677 518 2740 unterstrllt
543 2676 617 2740 dem
641 2676 851 2756 Erebisclrose
885 2676 1035 2741 Wr'lltelm
1059 2698 1120 2740 von
1147 2677 1315 2742 Monreale
1336 2677 1398 2740 das
1422 2675 1576 2739 Bisthum
1601 2675 1754 2758 Syrakus,
1813 2629 1820 2654 ι

390 2763 454 2829 rore
470 2767 588 2830 Lucius
604 2765 670 2829 III
679 2787 714 2829 es
728 2765 825 2830 sehon
839 2766 959 2830 verber
971 2767 1034 2830 mit
1052 2765 1191 2830 Catonia
1199 2766 1324 2849 gethan
1337 2766 1396 2830 hat
1411 2766 1450 2844 ³).

673 2884 758 2945 1188
780 2879 911 2946 October
922 2884 977 2945 29.
1009 2881 1159 2945 Lateran.

240 2997 393 3062 Clemens
416 2998 610 3080 episcopus,
641 3017 754 3061 servus
786 3018 952 3063 servorum
984 2999 1053 3076 dei,
1085 2998 1263 3063 venerabili
1295 2998 1385 3061 fratri
1409 2997 1600 3073 Guillielmo‚
1632 2999 1755 3063 Montis

76 3087 198 3170 regalis
221 3085 479 3170 archiepiscopo,
503 3089 638 3167 eiusque
660 3088 913 3164 successoribus,
937 3089 1090 3152 canonice
1106 3087 1350 3163 substituendis,
1373 3089 1403 3150 in
1420 3096 1625 3171 perpetuum.
1672 3086 1755 3152 Cum

76 3179 225 3240 omnium
249 3196 310 3260 per
332 3176 449 3239 orbem
479 3175 700 3254 ecclesiarum,
731 3179 762 3240 in
786 3177 947 3241 catholica
970 3177 1036 3241 fide
1060 3178 1279 3253 manencium,
1310 3179 1486 3241 auctoritas
1519 3185 1552 3240 et
1575 3177 1755 3260 disposicio

75 3267 272 3329 aRomana
295 3265 451 3340 ecclesia,
481 3273 638 3347 tanquam
661 3287 682 3328 a
705 3269 827 3350 capite,
858 3268 996 3330 domino
1020 3266 1170 3342 iaciente,
1193 3268 1385 3349 procedant,
1409 3287 1478 3342 noa,
1510 3267 1565 3347 qui
1587 3287 1698 3330 sumus
1722 3269 1754 3329 in

75 3355 189 3420 olficio
212 3357 332 3419 summi
356 3353 578 3437 pontificatus,
609 3354 684 3419 licet
707 3357 867 3432 immeriti,
898 3357 1008 3419 divina
1039 3357 1184 3420 donante
1215 3356 1455 3432 misericordia,
1485 3357 1664 3431 constituti,
1694 3376 1754 3439 pro

75 3446 238 3528 qualitate
265 3454 451 3526 temporum
484 3453 518 3507 et
546 3443 694 3508 locorum
725 3454 760 3509 et
789 3448 913 3510 meritis
944 3465 1155 3529 personarum
1188 3445 1360 3528 diligenter
1389 3453 1547 3529 opportet
1576 3446 1754 3520 attendere,

73 3535 195 3614 quibus
218 3536 367 3617 personis
386 3534 414 3614 ²)
437 3535 502 3596 sint
524 3534 663 3598 ecclesie
687 3536 933 3610 committende,
964 3554 1028 3616 que
1051 3534 1244 3617 subterponi
1276 3534 1419 3598 debeant
1449 3536 1598 3618 regimini
1621 3534 1753 3597 aliarum

74 3633 118 3698 et,
150 3645 233 3707 quas
264 3625 441 3687 decernere
472 3622 653 3689 debeamus
685 3644 745 3706 pre
767 3623 839 3688 aliis
869 3623 1077 3687 honorandas
1111 3631 1146 3686 et
1183 3625 1280 3687 certis
1311 3625 1414 3688 causis
1448 3621 1688 3706 emergentibus
1711 3623 1754 3687 ab

73 3714 144 3778 aliis
172 3714 362 3778 eximendae
385 3714 437 3777 vel
460 3732 559 3795 super
590 3712 669 3777 alias
704 3713 923 3776 collocandas.
969 3712 1172 3796 Eapropter,
1204 3713 1396 3795 diligencius
1427 3712 1633 3777 attendentes
1663 3714 1754 3795 pium

75 3812 111 3866 et
134 3802 300 3867 laudabile
331 3805 539 3886 propositum
570 3805 660 3886 regie
688 3802 903 3886 volumptatis
933 3801 1092 3864 karissimi
1123 3803 1156 3864 in
1180 3799 1310 3865 Christo
1338 3801 1393 3865 filii
1417 3800 1593 3878 Wilhelmi,
1624 3801 1754 3865 illustris

73 3893 162 3975 regis
185 3890 295 3956 Sicilie
311 3891 345 3978 ⁴),
378 3900 412 3955 et
435 3891 733 3955 commendabilem
761 3893 862 3974 ipsius
893 3889 1008 3972 regalis
1039 3890 1239 3954 excellencie
1271 3891 1500 3964 devotionem,
1531 3910 1630 3971 quam
1653 3889 1756 3954 habet

74 4001 156 4064 erga
179 3981 362 4046 Romanam
387 3981 575 4056 ecclesiam,
609 4002 682 4044 cum
706 3981 748 4044 ad
772 3981 1012 4044 sublimandam
1036 3981 1207 4043 ecclesiam
1232 3981 1355 4043 Montis
1384 3979 1516 4063 regalis,
1547 3981 1597 4043 cui
1620 3988 1754 4043 auctore

74 4072 143 4135 deo
167 4090 300 4154 preesse
323 4071 512 4146 dinosceris,
535 4070 678 4153 invigilet
700 4078 734 4133 et
755 4070 911 4146 intendat,
934 4077 970 4132 ut
992 4070 1035 4132 ad
1056 4089 1138 4146 eam,
1164 4089 1261 4151 quam
1277 4071 1351 4152 ipsa
1366 4068 1484 4152 regalis
1501 4067 1755 4151 magnificencia,

73 4161 191 4224 divino
221 4180 334 4224 amore
364 4179 530 4236 succensa,
561 4159 722 4236 fundavit,
755 4162 872 4235 erexit,
903 4160 1018 4222 ditavit
1045 4167 1079 4222 et
1101 4159 1183 4222 inter
1205 4159 1285 4222 alias
1309 4159 1453 4223 reddidit
1475 4157 1670 4240 gloriosam;
1699 4165 1755 4221 tue

73 4268 211 4330 quoque
234 4250 418 4312 devotionis
442 4251 590 4331 inspecta
613 4249 809 4324 constancia,
840 4267 939 4328 quam
962 4250 992 4311 in
1023 4249 1120 4312 nobis
1150 4247 1249 4311 beato
1273 4249 1371 4312 Petro
1395 4256 1429 4312 et
1458 4251 1490 4311 in
1521 4249 1594 4330 ipso
1618 4247 1754 4311 domino

73 4347 192 4403 nostro
206 4339 278 4402 Iesu
296 4337 426 4402 Christo
441 4337 603 4401 ferventer
618 4338 791 4421 impendis,
807 4338 849 4401 ad
866 4339 966 4402 instar
980 4338 1082 4401 felicis
1098 4338 1329 4402 recordationis
1344 4338 1447 4412 Lucii,
1472 4337 1716 4421 predecessoris
1729 4335 1755 4421 ⁶)

74 4431 191 4504 nostri,
214 4429 269 4508 qui
294 4427 467 4491 ecclesiam
484 4427 606 4490 Montis
622 4429 740 4510 regalis
755 4429 823 4491 iure
839 4427 1081 4510 metropolitico
1098 4427 1293 4502 sublimavit,
1318 4425 1566 4491 Cathaniensem
1584 4426 1754 4490 ecclesiam

73 4521 161 4581 inter
183 4517 263 4580 alias
287 4517 316 4580 ei
338 4537 538 4600 supponens,
571 4538 631 4581 nos
658 4525 768 4580 autem
792 4519 987 4582 auctoritate
1019 4517 1201 4600 apostolica
1224 4513 1452 4580 Siracusanam
1478 4515 1659 4591 ecclesiam,
1691 4534 1755 4596 que

74 4608 118 4670 ad
142 4605 264 4670 nullam
289 4615 423 4670 actenus
447 4615 558 4689 preter
580 4607 762 4670 Romanam
788 4606 960 4670 ecclesiam
986 4607 1180 4688 pertinuisse
1210 4606 1398 4684 dinoscitur,
1430 4607 1552 4689 pariter
1584 4625 1658 4667 cum
1683 4605 1755 4687 ipsa

74 4695 285 4760 Cathaniensi
324 4696 464 4760 ecclesia
507 4698 681 4759 statuimus
719 4695 858 4759 ecclesie
890 4696 1013 4760 Montis
1044 4695 1160 4778 regalis
1193 4695 1236 4757 de
1269 4703 1380 4758 cetero
1413 4695 1656 4777 metropolitico
1687 4696 1755 4757 iure

73 4787 214 4849 subesse
238 4794 280 4860 et,
310 4786 401 4867 quod
424 4794 492 4849 tam
515 4793 559 4860 tu,
590 4805 688 4865 quam
712 4786 759 4847 tui
783 4805 988 4848 successores
1012 4787 1045 4848 in
1070 4804 1125 4848 eas
1150 4784 1281 4867 plenam
1313 4784 1584 4858 iurisdictionem,
1615 4786 1699 4846 sicut
1722 4785 1754 4844 in

72 4875 288 4958 suffraganeis
317 4874 466 4940 habeatis
489 4882 523 4938 et
538 4875 646 4938 eidem
664 4874 801 4938 ecclesie
817 4883 988 4938 teneantur
1004 4875 1063 4937 tibi
1080 4877 1210 4954 tuisque
1224 4873 1476 4950 successoribus,
1501 4880 1536 4936 ut
1551 4871 1754 4954 suffraganee

74 4965 178 5048 ipsius
209 4964 346 5029 ecclesie
371 4965 493 5029 Montis
523 4963 658 5046 regalis,
688 4965 740 5026 cui
770 4984 882 5047 prees,
915 4962 1057 5046 plenarie
1088 4963 1305 5045 respondere;
1351 4971 1400 5039 et,
1432 4963 1588 5043 quicquid
1621 4963 1683 5037 eis,
1717 4969 1753 5023 ut

73 5053 288 5137 suffraganeis
320 5075 339 5117 a
370 5053 464 5117 vobis
496 5061 651 5134 tanquam
683 5053 941 5135 metropolitanis
975 5055 1050 5128 suis,
1080 5051 1216 5134 provide
1247 5052 1425 5116 iniunctum
1455 5052 1559 5126 fuerit,
1591 5049 1756 5114 humiliter

73 5145 225 5227 recipere
248 5152 283 5208 et
305 5142 440 5208 firmiter
464 5143 648 5206 observare.
694 5141 908 5206 Decernimus
933 5162 1021 5225 ergo,
1047 5150 1083 5206 ut
1105 5141 1181 5204 nulli
1205 5143 1339 5205 omnino
1361 5141 1532 5205 hominum
1556 5139 1659 5216 liceat,
1683 5159 1755 5221 pre·

74 5233 178 5296 latam
202 5233 374 5296 ecclesiam
398 5241 523 5296 temere
545 5230 738 5314 perturbare
761 5278 768 5294 .
791 5278 799 5293 .
824 5279 831 5295 .
857 5231 969 5295 usibus
1001 5230 1199 5295 omnimodis
1223 5230 1408 5314 profutura,
1439 5231 1530 5294 salva
1558 5229 1645 5293 sedis
1675 5250 1754 5312 apo·

72 5322 190 5387 stolice
212 5324 416 5386 auctoritate.
461 5319 496 5385 Si
520 5340 585 5402 qua
608 5323 705 5403 igitur
729 5369 736 5382 .
760 5369 766 5382 .
792 5371 798 5384 .
823 5319 957 5386 Cunctis
980 5328 1089 5384 autem
1113 5368 1120 5382 .
1144 5366 1152 5381 .
1176 5367 1184 5383 .
1207 5320 1377 5385 inveniant.
1423 5319 1541 5384 Amen.

290 5408 344 5498 (R)
368 5409 441 5495 Ego
465 5410 619 5475 Clemens
642 5408 804 5474 catholice
827 5410 966 5475 ecclesie
990 5412 1167 5493 episcopus
1190 5429 1232 5472 ss.
1255 5407 1318 5496 (M)

72 5678 615 5745 tius,Ba'rchosvonSyrakur,bisc.1201.
673 5685 699 5748 3)
723 5679 800 5746 Vergl.
819 5677 858 5731 M.
875 5678 917 5727 del
929 5677 1029 5728 Gricdice
1045 5675 1140 5742 Tempio
1157 5677 1184 5725 di
1194 5675 1319 5726 Mmreole
1330 5675 1364 5725 II
1366 5684 1392 5741 p.
1405 5678 1490 5738 58,69.
1544 5680 1573 5742 4)
1600 5675 1715 5726 Wilhelm
1727 5676 1759 5726 II

72 5765 121 5800 vm
139 5749 246 5801 stetten.
320 5760 346 5818 5)
369 5749 449 5817 Jaffe',
468 5752 527 5815 Reg.
546 5751 625 5800 9⁶34.
