4126 6356
467 533 509 582 Or.
528 531 561 580 im
578 532 691 582 Arcln'vio
708 533 735 582 di
749 533 815 582 Staio
832 551 861 583 eu
880 534 1001 585 Mailaml.

465 604 533 668 Perg.
553 605 611 663 irat,
630 606 665 653 br.
684 607 770 666 0,192,
794 608 855 672 lang
871 609 921 667 0,2,
946 615 1021 656 unam
1045 610 1124 666 0,018
1142 607 1335 673 urrsgescltlagsn,
1363 607 1441 655 durch
1462 605 1519 654 swei
1534 603 1626 652 L'o'cher
1643 603 1700 669 geht
1720 604 1759 652 die
1776 602 1881 652 tellam
1896 599 1980 649 stark-

296 673 385 740 ssi'dr'ge
403 674 585 735 Seidensclnur,
610 677 681 726 deren
702 677 824 742 Blersr'egel
837 681 952 738 nerloren,
977 680 1085 746 Fallung
1107 680 1151 729 der
1170 681 1268 730 Brevin.
1307 679 1353 728 Die
1370 678 1423 727 vs'er
1439 677 1647 742 Oatirungsworle
1670 676 1728 726 sind
1743 676 1802 726 tiber
1821 675 1868 724 den
1882 689 1980 740 gamen

305 747 386 795 Raum
404 747 448 796 der
462 750 542 796 lemen
562 747 624 797 Zeila
638 748 751 798 veritali.

1044 1068 1109 1142 Nr.
1141 1073 1227 1144 134.

303 1195 498 1260 Anastasius
514 1197 537 1259 I
545 1194 732 1280 Vbestangrt
744 1197 817 1261 dem
834 1198 988 1279 Bisclznse
1002 1199 1134 1264 Anselm
1157 1223 1216 1264 von
1231 1199 1306 1264 Ant
1326 1200 1380 1264 die
1396 1198 1632 1264 Besitztluimer
1649 1197 1718 1262 und
1731 1197 1851 1262 Reclte
1870 1197 1978 1261 reims

603 1285 811 1370 Hochstiftes,
833 1287 969 1353 welches
991 1311 1028 1353 er
1050 1291 1084 1354 in
1105 1289 1337 1374 apostolisclten
1360 1287 1477 1354 Sciutz
1499 1289 1616 1353 nimmt
1634 1291 1670 1365 ¹).

926 1425 1008 1486 1154
1025 1425 1122 1487 Mira
1136 1428 1166 1487 5.
1197 1425 1349 1488 Lateran.

464 1551 656 1617 Anastasius
679 1557 862 1637 episcopus,
895 1578 1005 1621 servus
1027 1580 1194 1622 servorum
1221 1560 1282 1634 dei,
1313 1559 1491 1621 venerabili
1525 1557 1613 1621 fratri
1637 1556 1806 1632 Anselmo,
1838 1555 1976 1617 Astensi

304 1639 471 1721 episcopo,
488 1643 622 1724 eiusque
645 1647 885 1709 successoribus
909 1647 1352 1729 regularitersubstituendis,
1375 1660 1413 1711 IN
1429 1659 1506 1710 PPM.
1552 1646 1714 1728 Quotiens
1737 1647 1771 1708 id
1794 1645 1836 1707 ab
1862 1645 1977 1725 aliquo

305 1727 438 1792 fratrum
462 1743 645 1796 nostrorum
669 1733 845 1797 devotione
868 1736 981 1799 debita
1004 1737 1222 1819 postulamur,
1253 1738 1343 1818 quod
1374 1738 1417 1799 ad
1449 1738 1591 1818 quietem
1621 1756 1714 1798 suam
1744 1744 1778 1797 et
1800 1733 1976 1796 tuitionem

304 1820 476 1883 commisse
490 1821 553 1883 sibi
571 1823 705 1886 ecclesie
728 1825 889 1905 pertinere
914 1827 1098 1901 dinoscitur,
1122 1837 1215 1890 tanto
1238 1827 1280 1889 ad
1305 1827 1554 1890 concedendum
1579 1826 1736 1888 debemus
1751 1824 1976 1906 promptiores

304 1907 451 1984 existere,
476 1922 599 1991 quanto
625 1912 665 1975 de
689 1915 798 1994 quiete
820 1915 1019 1996 prelatorum
1043 1937 1082 1979 ac
1105 1937 1187 1998 pace
1211 1915 1464 1980 consistentibus
1479 1915 1539 1980 sub
1557 1936 1669 1977 eorum
1686 1913 1804 1977 Christi
1821 1911 1976 1975 fidelibus

304 1997 443 2061 maiores
471 2000 624 2064 utilitates
655 2003 832 2066 animarum
866 2014 900 2068 et
930 2025 1103 2087 corporum
1135 2005 1341 2068 manifestum
1372 2015 1420 2069 est
1451 2005 1629 2087 pervenire.
1677 2002 1845 2084 Quoniam
1877 2001 1976 2084 igitur

304 2087 497 2150 venerabilis
521 2089 553 2152 in
577 2088 706 2153 Christo
731 2091 836 2168 irater,
860 2093 1018 2156 Anselme
1040 2095 1205 2177 episcope,
1229 2095 1272 2158 ad
1295 2115 1471 2176 pravorum
1486 2093 1675 2156 violentiam
1695 2090 1976 2173 compescendam

304 2184 337 2238 et
359 2178 533 2240 commisse
563 2179 623 2241 tibi
655 2180 791 2244 ecclesie
822 2182 911 2245 bona
939 2183 1066 2265 integra
1096 2185 1319 2248 conservanda
1348 2194 1461 2246 nostro
1494 2203 1567 2247 eam
1592 2181 1764 2264 postulasti
1787 2179 1975 2262 patrocinio

303 2267 511 2340 communiri,
542 2287 602 2332 nos
637 2271 788 2350 petitioni
819 2283 873 2335 tue
902 2272 1041 2336 libenter
1073 2275 1244 2336 annuimus
1274 2283 1307 2336 et
1340 2272 1501 2354 prefatam
1533 2271 1721 2345 ecclesiam,
1753 2270 1803 2332 cui
1840 2279 1976 2330 auctore

304 2354 367 2416 deo
390 2357 555 2436 presidere
579 2358 766 2438 dinosceris,
796 2360 856 2423 sub
880 2361 968 2424 beati
991 2363 1077 2426 Petri
1101 2374 1134 2426 et
1156 2375 1268 2426 nostra
1290 2362 1496 2445 protectione
1526 2361 1720 2442 suscipimus
1752 2369 1785 2423 et
1812 2357 1975 2440 presentis

302 2444 412 2524 scripti
437 2445 608 2528 privilegio
641 2451 888 2513 communimus.
941 2451 1144 2528 Statuentes,
1181 2460 1217 2515 ut
1248 2472 1470 2535 quascumque
1501 2451 1733 2532 possessiones
1765 2467 1973 2529 quecumque

303 2532 392 2594 bona
415 2534 531 2596 eadem
555 2536 692 2600 ecclesia
713 2539 746 2600 in
770 2541 1005 2620 presentiamm
1035 2543 1117 2604 iuste
1148 2552 1181 2604 et
1208 2542 1364 2604 canonice
1391 2541 1541 2623 possidet
1569 2549 1625 2602 aut
1657 2539 1689 2600 in
1722 2537 1863 2600 futurum
1895 2557 1971 2598 con·

303 2623 451 2685 cessione
474 2625 675 2704 pontificum,
698 2627 870 2710 largitione
893 2651 1006 2711 regum
1028 2631 1079 2694 vel
1103 2632 1296 2713 principum,
1321 2630 1488 2694 oblatione
1512 2628 1656 2691 fidelium
1688 2647 1745 2690 seu
1776 2626 1847 2688 aliis
1880 2625 1973 2687 iustis

304 2711 410 2774 modis
434 2712 498 2775 deo
521 2716 665 2796 propitio
689 2719 812 2799 poterit
835 2719 988 2800 adipisci,
1016 2719 1109 2782 firma
1137 2720 1196 2783 tibi
1228 2721 1356 2802 tuisque
1379 2718 1618 2782 successoribus
1641 2727 1674 2779 et
1698 2737 1757 2798 per
1778 2735 1839 2778 vos
1863 2715 1973 2776 eidem

303 2800 439 2863 ecclesie
462 2801 586 2865 illibata
613 2817 834 2886 permaneant.
880 2809 916 2870 ln
948 2808 1065 2890 quibus
1097 2809 1158 2872 hec
1188 2811 1328 2891 propriis
1361 2810 1513 2872 duximus
1543 2806 1759 2888 exprimenda
1781 2803 1971 2866 vocabulis:

303 2889 471 2952 abbatiam
495 2894 597 2955 sancti
614 2895 764 2958 Dalmaci
788 2897 829 2959 de
844 2897 979 2960 Pedona
1002 2919 1076 2961 cum
1099 2907 1214 2973 castr0,
1239 2909 1327 2962 curte
1351 2906 1384 2961 et
1401 2899 1486 2960 valle
1502 2897 1586 2972 lecii,
1610 2916 1714 2976 usque
1737 2894 1780 2956 ad
1804 2892 1972 2966 fenestras,

303 2988 336 3041 et
358 2978 492 3059 plebem
515 2981 661 3046 eiusdem
684 2983 747 3047 loci
772 3006 845 3048 cum
869 2986 1021 3050 omnibus
1045 2988 1189 3051 ecclesiis
1212 2987 1254 3049 ad
1278 3009 1313 3050 se
1329 2987 1575 3069 pertinentibus,
1599 2984 1768 3048 abbatiam
1782 2991 1973 3045 sanctorum

303 3065 543 3148 Apostolorum
568 3092 641 3135 cum
665 3074 817 3137 omnibus
840 3078 1043 3157 pertinentiis
1074 3078 1149 3154 suis,
1180 3076 1348 3139 abbatiam
1372 3077 1476 3140 sancti
1500 3075 1666 3138 Anastasii
1697 3092 1771 3136 cum
1803 3071 1870 3134 suis
1900 3091 1971 3152 per·

303 3157 462 3234 tinentiis,
494 3159 662 3224 abbatiam
695 3164 736 3226 de
766 3163 881 3228 Anano
915 3186 988 3228 cum
1019 3167 1153 3229 castello
1185 3177 1218 3228 et
1248 3166 1381 3248 capellis
1413 3175 1446 3228 et
1477 3164 1629 3227 omnibus
1660 3161 1864 3245 pertinentiis
1896 3160 1972 3236 suis,

304 3246 471 3310 abbatiam
494 3252 598 3313 sancti
623 3251 822 3329 Christolori,
854 3254 986 3335 plebem
1010 3255 1302 3337 Quadrigentinam
1334 3275 1407 3317 cum
1437 3265 1552 3330 castr0,
1585 3260 1674 3316 curte
1703 3259 1736 3314 et
1759 3249 1905 3313 ecclesiis
1930 3248 1971 3310 ad

303 3356 338 3398 se
361 3337 607 3418 pertinentibus,
632 3341 765 3422 plebem
781 3343 980 3408 Oviliensem
998 3363 1072 3407 cum
1096 3345 1249 3407 omnibus
1273 3344 1417 3407 ecclesiis
1441 3343 1541 3405 adse
1565 3339 1812 3424 pertinentibus,
1836 3337 1972 3420 plebem

304 3424 345 3487 de
370 3427 543 3490 Montaldo
567 3449 641 3491 cum
666 3432 809 3496 ecclesiis
833 3433 875 3494 ad
898 3455 933 3496 se
956 3433 1203 3515 pertinentibus,
1237 3433 1369 3515 plebem
1394 3434 1435 3495 de
1458 3433 1567 3494 Nante
1598 3451 1672 3494 cum
1702 3428 1846 3492 ecclesiis
1871 3427 1914 3489 ad
1938 3447 1973 3489 se

304 3515 549 3595 pertinentibus,
573 3517 705 3599 plebem
728 3531 840 3584 sancte
864 3522 967 3585 Marie
991 3524 1022 3585 in
1047 3523 1156 3586 Grana
1180 3543 1253 3585 cum
1278 3533 1393 3598 castro,
1423 3529 1512 3584 curte
1536 3531 1569 3584 et
1591 3519 1736 3584 ecclesiis
1768 3516 1810 3580 ad
1840 3537 1876 3579 se
1900 3536 1973 3597 per·

303 3604 489 3679 tinentibus,
522 3607 654 3686 plebem
679 3609 720 3672 de
742 3610 884 3686 Alfiano,
908 3613 995 3674 dicta
1018 3612 1156 3676 ecclesia
1179 3611 1220 3674 de
1244 3611 1411 3684 Oxsench,
1442 3611 1574 3692 plebem
1598 3609 1639 3671 de
1663 3607 1812 3682 Covatio,
1837 3605 1973 3687 plebem

303 3693 344 3756 de
374 3693 566 3771 Pisenzana,
594 3749 598 3756 .
606 3697 739 3778 plebem
771 3700 811 3762 de
842 3701 1015 3781 Mayrade,
1052 3701 1186 3783 plebem
1217 3701 1258 3763 de
1288 3701 1476 3782 Bagnasco,
1519 3698 1651 3780 plebem
1683 3697 1725 3759 de
1752 3695 1973 3768 Duodecimo,

301 3781 464 3864 hospitale
487 3783 635 3848 Corvelle
659 3808 732 3850 cum
755 3810 813 3851 sua
836 3791 1003 3866 canonica,
1032 3791 1164 3872 plebem
1189 3790 1230 3852 de
1254 3790 1434 3852 Monsanza
1465 3809 1537 3851 cum
1570 3787 1722 3850 omnibus
1754 3784 1898 3847 ecclesiis
1932 3785 1974 3845 ad

302 3891 337 3934 se
363 3873 609 3953 pertinentibus,
634 3877 767 3956 plebem
795 3881 898 3941 sancti
929 3881 998 3942 Iulii
1031 3880 1072 3942 de
1095 3880 1237 3960 Lavegie
1261 3899 1334 3941 curn
1359 3889 1455 3954 curte,
1488 3877 1623 3940 castello
1647 3886 1681 3938 et
1703 3873 1848 3936 ecclesiis
1871 3871 1914 3934 ad
1939 3891 1975 3934 se

302 3961 548 4041 pertinentibus,
579 3965 713 4045 plebem
736 3969 838 4030 sancti
862 3967 1027 4032 Vincentii
1053 3970 1094 4032 de
1118 3969 1328 4050 Marceling0,
1361 3967 1494 4049 plebem
1522 3966 1563 4028 de
1586 3965 1740 4040 Predoca,
1773 3962 1906 4044 plebem
1932 3962 1975 4023 de

303 4049 477 4114 Canalibus
508 4073 581 4116 cum
612 4055 765 4118 omnibus
797 4057 1058 4137 possessionibus
1090 4069 1123 4120 et
1153 4059 1297 4120 ecclesiis
1330 4057 1372 4120 ad
1406 4077 1442 4119 se
1474 4054 1728 4137 pertinentibus,
1766 4049 1901 4134 plebem
1932 4051 1976 4113 de

302 4138 440 4202 Novelle
464 4162 537 4204 cum
560 4143 705 4207 ecclesiis
728 4145 770 4207 ad
794 4165 828 4208 se
852 4147 1097 4227 pertinentibus,
1121 4146 1254 4228 plebem
1278 4147 1319 4209 de
1342 4146 1436 4208 Vicia
1459 4164 1532 4207 cum
1556 4142 1708 4216 ecclesiis
1733 4147 1848 4216 castro,
1873 4149 1974 4216 curte,

302 4227 390 4292 silvis
413 4241 446 4293 et
468 4231 621 4294 omnibus
644 4235 847 4314 pertinentiis
871 4236 943 4310 suis,
969 4235 1101 4317 plebem
1125 4237 1166 4297 de
1190 4235 1321 4299 Gorena
1351 4255 1425 4298 curn
1448 4227 1687 4314 xenodochi(i)s
1709 4239 1744 4292 et
1765 4230 1866 4292 totius
1897 4229 1974 4290 ville

303 4317 437 4381 decimis
459 4330 493 4383 et
515 4321 659 4384 ecclesiis
683 4332 716 4385 et
738 4325 941 4405 pertinentiis
963 4325 1037 4400 suis,
1069 4334 1167 4406 atque
1191 4324 1297 4387 Busco
1329 4325 1384 4406 qui
1413 4324 1530 4386 dicitur
1557 4322 1659 4385 insula
1681 4320 1785 4382 sancti
1809 4317 1974 4392 Iohannis,

302 4405 434 4487 plebem
463 4411 567 4471 sancti
591 4411 676 4473 Petri
708 4411 749 4473 de
773 4413 905 4476 Publice
928 4433 1003 4477 cum
1035 4425 1124 4477 curte
1157 4424 1190 4477 et
1219 4414 1372 4477 omnibus
1405 4412 1549 4475 ecclesiis
1581 4411 1622 4473 ad
1655 4431 1690 4472 se
1723 4407 1974 4490 pertinentibus,

302 4494 435 4576 plebem
459 4497 500 4559 de
524 4499 699 4563 Manciano
723 4521 797 4564 cum
820 4503 963 4566 ecclesiis
991 4503 1033 4565 ad
1064 4523 1099 4566 se
1129 4503 1375 4584 pertinentibus,
1407 4501 1538 4583 plebem
1571 4501 1612 4562 de
1635 4497 1822 4561 Lovaldeso
1842 4493 1874 4578 ⁸)
1898 4515 1974 4558 cum

303 4594 393 4648 curte
415 4595 448 4647 et
471 4587 615 4651 ecclesiis
644 4590 687 4652 ad
718 4611 753 4654 se
784 4592 1030 4673 pertinentibus,
1059 4593 1192 4673 plebem
1225 4592 1265 4654 de
1289 4591 1453 4672 Bagennis
1485 4609 1558 4652 cum
1588 4598 1704 4659 castro,
1738 4597 1838 4660 curte,
1870 4585 1974 4666 sylva,

302 4673 420 4736 banale
443 4685 476 4737 et
499 4679 623 4740 cunctis
647 4677 791 4742 ecclesiis
815 4682 856 4743 ad
880 4701 915 4744 se
939 4680 1185 4762 pertinentibus,
1209 4679 1341 4763 plebem
1364 4681 1467 4742 sancti
1483 4677 1567 4741 Petri
1590 4679 1622 4740 in
1639 4676 1750 4742 Gradu
1774 4695 1849 4737 cum
1872 4683 1973 4749 curte,

303 4773 418 4838 castro,
442 4785 584 4842 carruco,
617 4769 759 4849 capellis,
791 4770 879 4832 silvis
903 4781 935 4832 et
959 4770 1111 4832 omnibus
1134 4770 1339 4851 pertinentiis
1361 4770 1435 4844 suis,
1466 4767 1597 4849 plebem
1622 4768 1664 4828 de
1688 4765 1874 4829 Carissione
1898 4783 1974 4826 cum

303 4863 418 4927 castro,
449 4866 537 4918 curte
561 4866 594 4918 et
617 4858 760 4920 ecclesiis
784 4859 826 4921 ad
850 4880 885 4921 se
908 4859 1153 4940 pertinentibus,
1185 4859 1318 4939 plebem
1341 4856 1559 4921 Bredolenem
1576 4855 1604 4936 b)
1635 4874 1709 4918 cum
1733 4863 1832 4930 curte,
1864 4863 1974 4916 castro

303 4951 336 5004 et
351 4943 494 5006 ecclesiis
517 4945 559 5006 ad
583 4967 618 5008 se
642 4948 886 5027 pertinentibus,
910 4948 1043 5028 plebem
1066 4949 1168 5010 sancti
1185 4949 1270 5011 Petri
1295 4949 1336 5011 de
1350 4947 1435 5010 Vico
1452 4966 1526 5008 cum
1543 4956 1641 5020 curte,
1656 4953 1764 5006 castro
1789 4953 1822 5004 et
1837 4943 1973 5023 capellis

303 5041 335 5092 et
357 5034 541 5096 eremitario
569 5037 670 5098 sancti
694 5035 872 5111 Ambrosii,
897 5038 951 5119 qui
977 5037 1093 5099 dicitur
1116 5039 1213 5100 Mons
1243 5037 1334 5111 altus,
1359 5057 1432 5099 cum
1455 5035 1617 5110 Ferraria,
1647 5032 1732 5096 valle
1756 5031 1908 5095 Causalia
1940 5041 1973 5093 et

302 5131 425 5197 castr0,
458 5124 527 5184 rivo
550 5125 711 5187 Bruzento
745 5147 847 5206 usque
874 5126 916 5188 ad
948 5127 1118 5188 cacumina
1140 5126 1293 5207 Alpium,
1325 5125 1456 5207 plebem
1490 5125 1531 5186 de
1555 5122 1719 5205 Bagennis
1750 5119 1972 5202 superioribus

302 5230 376 5272 cum
407 5221 504 5288 curte,
534 5224 649 5289 castro,
683 5215 823 5295 capellis,
854 5215 945 5278 silvis
971 5225 1004 5278 et
1027 5225 1133 5277 castro
1157 5215 1283 5278 Forfice
1308 5235 1410 5295 usque
1434 5215 1466 5276 in
1490 5212 1649 5276 Bismalto
1680 5222 1713 5273 et
1737 5231 1811 5272 cum
1834 5209 1973 5273 ecclesia

302 5296 405 5362 sancti
435 5301 593 5383 Stephani
625 5305 716 5367 iuxta
747 5304 872 5367 sontem
903 5303 1015 5366 Brobii
1045 5324 1119 5366 cum
1150 5305 1353 5385 pertinentiis
1385 5305 1467 5378 suis,
1499 5301 1633 5384 plebem
1663 5300 1867 5364 Morecinam
1897 5317 1971 5360 cum

302 5390 455 5454 omnibus
478 5391 621 5455 ecclesiis
645 5393 687 5455 ad
710 5415 746 5456 se
768 5392 1014 5475 pertinentibus,
1039 5393 1173 5474 plebem
1195 5394 1299 5456 sancti
1314 5393 1438 5456 Albani
1455 5412 1529 5454 cum
1553 5402 1669 5467 castr0,
1694 5399 1792 5464 curte,
1817 5386 1970 5462 ecclesiis,

302 5479 498 5544 molendinis
521 5492 553 5544 et
575 5481 683 5564 sylvis,
714 5495 861 5546 montem
884 5482 1028 5545 Acutum
1061 5502 1135 5545 cum
1158 5482 1347 5546 Arimannis
1370 5490 1402 5544 et
1425 5481 1629 5563 pertinentiis
1652 5480 1727 5554 suis,
1759 5478 1971 5540 medietatem

302 5569 404 5633 sancti
436 5570 594 5653 Stephani
625 5593 699 5634 curn
731 5574 796 5635 suis
826 5572 1043 5654 pertinentiis,
1077 5579 1225 5648 castrum,
1256 5572 1346 5654 quod
1368 5582 1504 5634 vocatur
1526 5570 1691 5645 Altavilla,
1719 5587 1794 5632 cum
1825 5573 1916 5630 curte
1939 5577 1972 5630 et

303 5679 534 5688 ,-.-....-...-..-.
552 5683 558 5685 .
582 5681 667 5687 ...-......

460 5719 485 5780 a)
504 5681 640 5764 Levaldiso
662 5681 725 5781 Coit*
735 5714 770 5764 II.
842 5713 868 5778 b)
887 5713 1069 5763 Bredolensem
1087 5713 1123 5762 II.
1143 5751 1195 5758 .-.
1213 5713 1248 5780 .1)
1272 5714 1350 5780 Vergl.
1379 5707 1458 5778 Jaffe',
1477 5713 1535 5775 neg.
1554 5712 1630 5770 6782,
1646 5710 1702 5760 und
1717 5709 1796 5767 6722,
1816 5709 1885 5758 8967
