4142 6366
528 531 572 542 -
596 493 616 578 †
640 495 712 575 Ego
737 496 898 559 [acinctus
922 495 1081 559 diaconus
1105 494 1279 560 cardinalis
1302 504 1414 560 sancte
1438 493 1543 558 Marie
1567 496 1597 558 in
1622 489 1817 575 Cosmydyn
1842 513 1883 557 ss.

528 582 549 667 †
572 587 645 666 Ego
668 585 838 647 Rainerius
862 585 1017 648 diaconus
1041 587 1214 650 cardinalis
1238 587 1340 648 sancti
1358 585 1492 667 Georgii
1521 586 1564 647 ad
1579 584 1700 648 Velum
1728 605 1863 647 aureum
1887 605 1932 646 se.
1958 579 2004 667 (2)

528 675 548 753 †
572 672 645 754 Ego
670 670 823 736 Matheus
846 683 959 737 sancte
983 674 1087 738 Marie
1111 676 1206 739 Nove
1230 676 1389 738 diaconus
1413 673 1586 738 cardinalis
1609 695 1652 737 ss.
1677 671 1724 758 (1)

475 763 552 826 Dat.
575 762 726 838 viterbii,
751 783 811 845 per
834 783 966 826 manum
990 762 1129 840 Alberti,
1153 773 1266 828 sancte
1288 765 1439 827 Romane
1462 764 1600 828 ecclesie
1632 765 1805 846 presbiteri
1829 761 2006 826 cardinalis

315 860 350 915 et
365 852 556 916 cancellarii.
587 851 744 916 xv111Kl.
761 849 947 936 Septembr.
978 852 1160 918 indictione
1176 869 1261 918 xlm.
1292 853 1526 916 incarnationis
1547 854 1710 918 dominice
1726 874 1812 918 anno
1829 863 2005 916 MCLxxxl.

316 939 527 1005 Pontificatus
550 963 629 1005 vero
653 943 767 1006 domni
791 940 975 1006 Alexandri
1000 964 1087 1026 pape
1110 959 1150 1008 111
1172 965 1258 1007 anno
1282 957 1366 1006 xxti.

479 1056 522 1105 Or.
546 1056 579 1106 im
606 1056 720 1106 Archrbio
750 1057 884 1120 Capitolare
908 1056 945 1106 alie
973 1057 1045 1108 Sane
1069 1059 1214 1124 Ananim
1242 1059 1368 1123 Absclzrr'st
1391 1073 1445 1107 vom
1472 1060 1503 1108 12
1531 1057 1624 1123 Jahrb.
1656 1057 1699 1105 der
1733 1058 1804 1121 Jura
1829 1057 1856 1107 S.
1883 1054 2009 1106 Ambrosii

314 1127 362 1178 Nr.
381 1127 459 1189 2074,
479 1127 513 1176 im
530 1129 645 1177 Ardu'vr'o
663 1127 691 1177 di
708 1128 774 1176 Stolo
793 1143 823 1176 nu
841 1127 963 1177 Mniland.

479 1199 531 1260 Or,
558 1200 627 1265 Perg.
645 1200 705 1260 irat,
725 1201 760 1250 br.
781 1203 850 1262 o,56‚
869 1203 930 1266 lang
946 1201 1015 1260 0,57,
1042 1207 1118 1250 untm
1136 1203 1216 1260 onte
1239 1203 1429 1266 umgeschlagen,
1456 1200 1534 1250 durch
1558 1200 1615 1249 awti
1632 1200 1725 1249 Licher
1745 1199 1810 1264 gr'ng
1831 1199 1871 1248 die
1890 1199 2005 1258 Schnur,

314 1271 401 1322 welche
418 1271 463 1321 mit
480 1272 533 1320 dem
545 1271 671 1336 Bleisiegel
684 1273 801 1323 verlorm.
834 1271 945 1338 Fallung
961 1273 1006 1321 der
1022 1273 1121 1322 Bullen.
1152 1273 1289 1338 Ringkreur
1307 1274 1363 1321 und
1378 1275 1399 1322 E
1420 1273 1463 1321 dtr
1487 1271 1651 1336 blnerschnfl
1667 1271 1775 1321 scner'nen
1792 1287 1841 1320 von
1858 1273 2010 1320 schwererer

314 1343 396 1392 Hand
417 1344 591 1403 henuriikren,
618 1346 656 1392 als
681 1343 726 1392 das
748 1343 854 1409 Uebn'ge,
880 1345 918 1392 die
936 1343 1067 1409 Datimng
1088 1360 1144 1395 vom
1162 1345 1455 1409 Hauptktrperschrer'ber,
1481 1344 1526 1392 dur
1552 1347 1575 1392 Α
1593 1345 1686 1393 Alberts
1709 1343 1755 1392 mit
1778 1343 1914 1392 durzklercr
1931 1341 2009 1392 Dian

315 1416 476 1480 eingetragm.
513 1415 562 1465 Die
580 1415 762 1482 Zeugmsirnnen
778 1415 836 1464 sind
851 1417 898 1465 alle
914 1415 960 1464 mr't
971 1416 1076 1481 gleicher
1092 1419 1227 1467 schwarzer
1244 1417 1319 1466 Dinte
1340 1417 1395 1466 und
1418 1431 1465 1466 uon
1490 1415 1608 1465 dcrselben
1626 1415 1706 1464 Hand
1726 1415 1881 1480 ausggliihrt,
1906 1415 1949 1463 die
1976 1414 2011 1463 ὑπ’

314 1487 361 1535 den
378 1487 497 1538 einzelnen
514 1486 615 1537 Frrmen
633 1489 701 1536 ihren
719 1488 821 1536 Dreklm
838 1503 891 1537 nur
907 1487 987 1553 wenig
1002 1489 1158 1554 verleugnete.

1064 1775 1132 1850 Nr.
1160 1779 1249 1849 317.

318 1908 438 1972 Lucrns
455 1906 520 1971 III
530 1907 653 1970 nimmt
674 1905 729 1972 die
744 1904 1026 1994 Kollegiatkr'rcize
1042 1905 1111 1971 San
1127 1908 1274 1972 Martino
1296 1905 1337 1970 di
1356 1904 1455 1970 Siena
1481 1906 1515 1969 in
1538 1904 1772 1989 apostolisclzen
1796 1904 1919 1969 Sclzute
1942 1903 2013 1967 und

799 1997 951 2080 bestdtigt
965 1996 1038 2062 ihre
1054 1997 1293 2061 Besitntlu'c'mer
1307 1995 1376 2060 und
1390 1995 1517 2059 Rechte.

903 2114 986 2176 1181
1003 2110 1186 2176 November
1199 2115 1229 2176 5.
1262 2113 1412 2176 Lateran.

476 2249 597 2311 Lucius
622 2248 808 2331 episcopus,
832 2267 944 2311 servus
967 2267 1137 2312 servorum
1161 2249 1225 2323 dei,
1250 2248 1378 2312 dilectis
1401 2245 1474 2310 filiis
1497 2249 1709 2323 BERNARDO,
1738 2246 1841 2327 priori
1866 2245 2011 2310 ecclesie

316 2339 421 2401 sancti
437 2335 570 2400 Martini
587 2334 749 2413 Senensis,
774 2337 909 2418 eiusque
924 2337 1086 2414 fratribus
1110 2349 1178 2402 tam
1203 2337 1408 2421 presentibus
1433 2356 1532 2417 quam
1549 2337 1670 2412 suturis,
1694 2337 1886 2399 canonicam
1902 2339 2011 2398 vitam

316 2426 483 2510 professis,
507 2439 546 2488 ΙΝ
569 2439 646 2490 ΡΡΜ.
671 2423 740 2511 -Ι
762 2424 925 2508 Quotiens
948 2449 968 2490 a
991 2427 1087 2490 nobis
1111 2429 1243 2510 petitur,
1276 2427 1367 2509 quod
1400 2425 1546 2508 religioni
1578 2435 1611 2489 et
1640 2425 1806 2489 honestati
1831 2429 2012 2489 convenire

316 2517 528 2598 dignoscitur,
539 2517 649 2579 animo
663 2537 724 2579 nos
736 2516 832 2580 decet
844 2515 958 2579 libenti
972 2518 1162 2592 concedere,
1176 2527 1210 2580 et
1221 2517 1402 2599 petentium
1412 2516 1582 2579 desideriis
1591 2535 1771 2597 congruum
1782 2516 1915 2596 imperti
1924 2517 1964 2596 ⁴,ri
1985 2514 2013 2598 ι)

315 2604 515 2688 suffragium.
562 2606 758 2687 Eapropter,
790 2604 900 2668 dilecti
934 2609 965 2669 in
998 2607 1134 2670 domino
1167 2606 1231 2678 filii,
1264 2607 1380 2669 vestris
1408 2605 1499 2668 iustis
1522 2603 1802 2687 postulationibus
1825 2604 2014 2668 clementer

316 2695 487 2759 annuimus
526 2703 559 2758 et
583 2693 745 2776 prefatam
771 2694 942 2758 ecclesiam
965 2697 1068 2758 sancti
1093 2695 1223 2758 Martini
1247 2693 1411 2770 Senensis,
1441 2697 1473 2757 in
1504 2716 1569 2776 qua
1599 2695 1711 2757 divino
1735 2695 1815 2756 estis
1839 2693 2013 2774 obsequio

317 2785 505 2865 mancipati,
527 2783 589 2846 sub
613 2783 700 2847 beati
723 2784 810 2847 Petri
835 2793 867 2846 et
891 2793 1003 2848 nostra
1026 2787 1232 2868 protectione
1258 2785 1455 2866 suscipimus
1479 2792 1512 2846 et
1528 2786 1687 2866 presentis
1703 2783 1817 2865 scripti
1833 2783 2013 2864 privilegio

318 2875 570 2938 communimus.
617 2872 654 2936 ln
678 2873 790 2955 primis
814 2873 975 2954 siquidem
1000 2882 1190 2948 statuentes,
1222 2883 1257 2936 ut
1280 2875 1364 2936 ordo
1389 2875 1573 2948 canonicus
1605 2873 1659 2954 qui
1690 2872 1872 2935 secundum
1905 2873 2012 2934 deum

317 2971 351 3026 et
373 2962 461 3026 beati
478 2962 654 3044 Augustini
678 2962 825 3043 regulam
850 2972 949 3044 atque
973 2965 1211 3026 institutionem
1237 2964 1371 3025 fratrum
1396 2961 1532 3026 ecclesie
1556 2964 1660 3025 sancti
1677 2960 1820 3024 Fridiani
1836 2964 1868 3024 in
1885 2963 2012 3024 eadem

318 3051 458 3116 ecclesia
481 3053 645 3115 institutus
669 3071 742 3114 esse
766 3052 954 3126 dinoscitur,
980 3055 1147 3134 perpetuis
1171 3053 1295 3116 ibidem
1319 3052 1523 3135 temporibus
1547 3051 1778 3115 inviolabiliter
1801 3050 2013 3114 observetur.

317 3142 477 3217 Preterea‚
510 3160 735 3223 quascumque
766 3143 1001 3223 possessiones,
1033 3161 1240 3224 quecumque
1271 3143 1359 3205 bona
1392 3143 1508 3204 eadem
1533 3139 1672 3204 ecclesia
1702 3143 1734 3203 in
1766 3143 2012 3222 presentiarum

317 3233 401 3294 iuste
426 3239 460 3294 et
482 3232 640 3294 canonice
663 3231 815 3312 possidet
838 3240 894 3294 aut
924 3231 956 3294 in
980 3230 1122 3295 futurum
1147 3233 1361 3294 concessione
1385 3229 1586 3312 pontificum,
1610 3230 1782 3312 largitione
1815 3250 1935 3311 regum
1960 3228 2013 3292 vel

318 3321 512 3403 principum,
535 3318 703 3383 oblatione
734 3319 880 3383 fidelium
910 3339 968 3383 seu
992 3321 1061 3383 aliis
1085 3322 1177 3383 iustis
1201 3322 1319 3397 modis,
1344 3328 1512 3402 prestante
1535 3321 1680 3393 dominc,
1713 3321 1837 3400 poterit
1860 3320 2013 3402 adipisci,

318 3409 411 3472 firma
440 3409 538 3472 vobis
570 3412 752 3491 vestrisque
784 3409 1029 3473 successoribus
1061 3419 1094 3472 et
1124 3409 1244 3472 illibata
1275 3418 1496 3492 permaneant.
1550 3411 1585 3472 ln
1617 3409 1737 3488 quibus
1767 3406 1830 3470 hec
1863 3411 2014 3491 propriis

317 3499 472 3562 duximus
503 3500 722 3580 exprimenda
752 3498 934 3562 vocabulis:
972 3499 1082 3563 locum
1115 3502 1231 3581 ipsum,
1263 3501 1295 3562 in
1328 3519 1395 3578 quo
1425 3499 1554 3581 prefata
1584 3498 1722 3561 ecclesia
1745 3499 1807 3560 sita
1840 3506 1900 3570 est,
1936 3519 2014 3561 cum

318 3588 471 3651 omnibus
495 3587 698 3670 pertinentiis
728 3590 794 3650 suis
825 3597 858 3652 et
890 3589 1037 3651 terminis
1068 3586 1239 3670 parrochie
1265 3591 1366 3670 ipsius
1390 3588 1539 3664 ecclesie,
1562 3589 1619 3667 qui
1642 3589 1689 3649 sic
1712 3585 1933 3649 diffiniuntur:
1971 3607 2015 3650 ex

317 3685 412 3760 parte
437 3678 570 3741 mercati
593 3687 627 3739 et
643 3677 751 3760 campi
765 3676 856 3741 Azzo
879 3678 1075 3758 granaioluS,
1098 3676 1337 3740 Albertinellus
1353 3678 1549 3759 granaiolus,
1573 3675 1695 3740 exalia
1711 3684 1803 3757 parte
1820 3675 2014 3740 Brunethus

316 3767 453 3830 setarius
476 3775 512 3831 et
533 3773 639 3829 totum
670 3764 878 3843 suburbium,
911 3768 1001 3848 quod
1033 3768 1221 3830 extenditur
1254 3787 1358 3848 usque
1388 3767 1430 3828 ad
1463 3767 1598 3830 domurn
1623 3764 1770 3840 Turche,
1804 3772 1837 3828 et
1870 3786 1917 3829 ex
1950 3766 2014 3829 alia

316 3863 412 3939 parte
441 3865 492 3919 est
522 3857 681 3920 terminus
712 3856 831 3919 domus
864 3853 1028 3920 Sinibaldi
1048 3854 1094 3941 b),
1131 3856 1267 3920 exalia
1298 3863 1392 3937 parte
1424 3855 1507 3919 iilius
1538 3853 1735 3937 Augustini;
1767 3857 1851 3918 inter
1883 3876 1948 3918 vos
1981 3865 2015 3918 et

316 3945 489 4008 ecclesiam
514 3947 618 4009 sancti
642 3941 790 4008 Mauricii
815 3965 858 4008 ex
882 3966 944 4009 una
967 3955 1062 4029 parte
1086 3955 1136 4008 est
1159 3947 1315 4009 terminus
1339 3944 1509 4009 Rolandus
1526 3946 1751 4017 mattonarius,
1776 3963 1819 4006 ex
1833 3943 1896 4007 alia
1914 3953 2013 4027 parte

315 4034 463 4098 suburbii
488 4042 537 4098 est
560 4034 718 4098 terminus
744 4032 920 4116 Gregorius
944 4045 978 4098 et
1000 4036 1169 4099 cellarium
1194 4035 1384 4109 Cacianeve,
1416 4053 1460 4096 ex
1492 4043 1586 4118 parte
1610 4033 1756 4096 suburbii
1779 4040 1899 4110 strate;
1927 4036 2014 4098 inter

315 4144 375 4187 vos
399 4133 434 4186 et
457 4125 628 4188 ecclesiam
661 4125 765 4186 sancti
790 4123 924 4206 Georgii
949 4127 1107 4188 terminus
1138 4133 1189 4187 est
1218 4144 1262 4188 ex
1293 4144 1356 4188 una
1387 4133 1480 4205 parte
1511 4125 1631 4187 domus
1654 4123 1792 4187 Bandini
1817 4123 1936 4198 Brisci,
1970 4144 2012 4187 ex

316 4213 380 4276 alia
404 4222 497 4295 parte
520 4214 639 4276 domus
655 4211 795 4276 Conradi
812 4211 983 4290 Ardicase,
1007 4235 1050 4277 ex
1065 4216 1130 4278 alio
1147 4216 1255 4295 capite
1279 4221 1387 4276 vestre
1403 4213 1587 4294 parrochie,
1605 4215 1764 4276 intervos
1780 4220 1814 4276 et
1830 4213 2011 4277 ecclesiam

316 4305 419 4366 sancti
443 4302 556 4385 Vigilii
582 4311 632 4366 est
653 4305 812 4365 terminus
835 4301 955 4366 domus
979 4301 1084 4368 Rubei
1107 4301 1276 4376 Ubertelli,
1309 4323 1352 4366 ex
1382 4301 1446 4366 alia
1477 4311 1571 4385 parte
1602 4305 1760 4366 terminus
1784 4309 1834 4365 est
1858 4299 2010 4378 Scottus,

316 4391 398 4456 filius
421 4393 548 4468 Prandi,
580 4393 659 4455 item
691 4391 772 4456 alius
795 4394 952 4456 terminus
976 4394 1143 4455 cuiusdam
1176 4393 1331 4467 suburbii,
1364 4394 1454 4471 quod
1487 4401 1537 4456 est
1567 4395 1733 4455 intervos
1765 4400 1799 4455 et
1830 4390 2010 4455 ecclesiam

316 4484 420 4546 sancti
446 4480 603 4559 Mauricii,
628 4489 678 4544 est
701 4481 819 4544 domus
842 4482 985 4546 Rainerii
1009 4482 1145 4545 Palearii
1170 4491 1203 4544 et
1226 4491 1311 4544 terra
1335 4482 1493 4556 eiusdem,
1518 4484 1550 4544 in
1576 4500 1641 4561 qua
1657 4482 1826 4561 quondam
1842 4479 2011 4545 habitavit

318 4570 529 4635 Girarducius
554 4579 587 4634 et
611 4579 715 4633 mater
738 4571 815 4645 eius,
839 4570 1004 4652 hospitale
1029 4590 1161 4653 quoque
1183 4569 1209 4655 c)
1233 4571 1379 4635 eiusdem
1406 4571 1543 4634 ecclesie
1567 4591 1643 4634 cum
1668 4570 1817 4634 omnibus
1840 4573 1908 4633 suis
1934 4592 2010 4653 per·

316 4663 475 4736 tinentiis,
506 4661 733 4744 possessiones
764 4660 806 4722 de
830 4660 976 4737 Terzole,
1007 4662 1232 4743 possessiones
1263 4661 1307 4723 de
1331 4661 1472 4738 Cerreta,
1504 4657 1730 4724 molendinum
1753 4660 1796 4722 de
1819 4659 2008 4724 Ravalliolo

317 4771 390 4814 cum
412 4753 507 4814 vinea
530 4757 563 4812 et
587 4749 740 4811 omnibus
764 4751 969 4830 pertinentiis
992 4752 1067 4827 suis,
1093 4771 1241 4814 mansum
1266 4751 1308 4812 de
1325 4747 1463 4813 Osinina
1488 4771 1562 4814 cum
1580 4752 1702 4812 rustico
1719 4751 1751 4812 in
1767 4769 1806 4812 ea
1822 4749 2008 4825 habitante,

317 4839 542 4903 molendinum
568 4839 610 4901 de
626 4836 785 4902 Rivoloco
808 4859 882 4902 cum
907 4839 1058 4902 omnibus
1082 4839 1348 4921 possessionibus
1372 4847 1405 4903 et
1429 4841 1633 4921 pertinentiis
1650 4841 1723 4914 suis,
1745 4840 1886 4914 vineam,
1905 4859 2007 4921 quam

317 4930 438 4991 dimisit
460 4927 555 4991 vobis
579 4927 765 4990 Bernardus
788 4927 871 4990 filius
894 4924 1034 4992 Bandini
1059 4928 1153 5004 Zurli,
1184 4929 1322 4992 villanos
1356 4937 1389 4992 et
1419 4931 1666 5011 possessiones,
1698 4948 1779 5008 quas
1810 4926 1944 4991 habetis
1975 4929 2007 4990 in

317 5017 418 5100 plebe
448 5018 491 5080 de
522 5019 665 5080 Bozone.
720 5013 806 5079 Sane
837 5019 1003 5082 novalium
1037 5027 1237 5094 vestrorum,
1273 5037 1337 5100 que
1372 5019 1514 5100 propriis
1545 5017 1695 5082 manibus
1726 5025 1783 5080 aut
1815 5019 2006 5100 sumptibus

318 5106 432 5182 colitis,
455 5109 524 5170 sive
541 5106 583 5168 de
601 5107 806 5169 nutrimentis
823 5107 1010 5170 animalium
1035 5117 1218 5170 vestrorum
1243 5107 1349 5170 nullus
1366 5127 1384 5170 a
1400 5108 1496 5171 vobis
1513 5108 1659 5171 decimas
1675 5109 1807 5188 exigere
1825 5115 2006 5188 presumat

318 5195 400 5260 Cum
424 5204 535 5259 autem
559 5195 710 5278 generale
734 5196 943 5260 interdictum
973 5205 1059 5260 terre
1091 5197 1202 5274 fuerit,
1233 5196 1328 5260 liceat
1352 5196 1456 5272 vobis,
1488 5197 1605 5260 clausis
1636 5199 1747 5270 ianuis,
1780 5194 1924 5258 exclusis
1949 5217 2006 5260 ex-

317 5287 566 5349 communicatis
591 5293 623 5348 et
640 5285 830 5362 interdictis,
855 5307 920 5350 non
935 5286 1070 5370 pulsatis
1086 5288 1263 5368 campanis,
1287 5306 1464 5368 suppressa
1479 5307 1560 5350 voce
1577 5287 1687 5350 divina
1703 5284 1809 5349 officia
1827 5287 2005 5349 celebrare.

318 5374 575 5439 Concessionem
608 5375 781 5456 siquidem,
813 5395 911 5456 quam
936 5376 1074 5440 ecclesie
1095 5378 1200 5439 sancti
1224 5375 1367 5439 Fridiani
1392 5373 1574 5451 Odelricus,
1604 5377 1774 5456 quondam
1805 5375 2004 5457 prepositus,

318 5472 352 5528 et
379 5467 528 5527 canonici
551 5460 714 5526 Senenses
738 5466 827 5547 prius
859 5477 892 5528 et
924 5465 1138 5547 postmodum
1171 5465 1259 5529 bone
1291 5467 1450 5528 memorie
1473 5465 1648 5541 Ranerius,
1681 5465 1829 5528 eiusdem
1866 5465 2005 5527 civitatis

477 5765 501 5818 n)
522 5751 642 5815 impartiri
715 5750 741 5816 b)
761 5751 796 5799 ldi
814 5750 867 5814 artf
880 5753 965 5799 Rasnr
1037 5755 1061 5812 c)
1081 5748 1249 5814 naclrlrdglicir
1267 5749 1515 5817 twischmgeschol’en.
