4090 6358
286 550 330 562 --
353 512 373 598 †
397 517 471 598 Ego
494 516 657 580 lohannes
681 537 807 599 paparo
831 520 988 586 diaconus
1012 524 1185 587 cardinalis
1208 527 1312 589 sancti
1337 523 1475 591 Adriani
1499 550 1540 591 ss.
1567 529 1613 608 (1)

287 601 307 686 †
330 606 404 687 Ego
428 605 590 669 Iohannes
614 606 773 670 diaconus
796 611 968 674 cardinalis
991 621 1102 699 sancte
1126 614 1231 677 Marie
1254 635 1339 678 nove
1363 637 1403 679 ss.
1483 637 1486 644 ·

232 697 308 757 Dat
324 695 485 772 Laterani,
510 716 570 777 per
586 716 716 759 manum
734 698 907 776 GERARDI,
932 713 1043 789 sancte
1058 704 1209 788 Romane
1233 705 1370 792 ecclesie
1390 707 1560 787 presbiteri
1578 708 1750 770 cardinalis

58 806 99 848 ac
125 785 385 848 bibliothecarii.
424 799 476 848 1111
498 783 552 847 Kl.
576 785 696 847 Martii.
734 786 917 852 Indictione
941 803 999 854 v11.
1038 792 1273 856 iucarnationis
1304 795 1469 858 dominice
1491 816 1579 858 anno
1603 808 1749 860 Mchln.

57 875 284 940 Pontificatus
306 894 384 937 vero
410 875 523 937 domni
548 873 787 939 CELEST1N111
811 897 867 959 pp.
893 899 981 943 anno
1005 883 1123 962 primo,
1147 901 1191 926 ·-

235 989 278 1040 Or.
296 989 330 1038 im
348 989 422 1038 Arca.
446 987 580 1052 capitolare
597 1005 627 1037 ru
649 989 734 1038 Veroli.

232 1061 302 1127 Perg.
321 1061 382 1121 dol,
400 1059 437 1110 br.
457 1061 542 1120 0,566,
561 1062 621 1124 lang
637 1063 707 1120 0,75‚
726 1068 800 1111 unrrn
818 1063 1012 1124 0,026-0,032
1029 1066 1219 1132 umgrschlagen,
1238 1067 1316 1117 durch
1333 1068 1392 1118 nori
1402 1069 1495 1119 lother
1506 1071 1570 1137 girrg
1586 1073 1623 1120 dir
1642 1072 1748 1132 Sclmur,

57 1134 153 1184 welche
177 1133 223 1182 mit
248 1133 301 1182 dem
324 1132 452 1198 Bleisr'egel
470 1133 586 1181 oerlorers
623 1133 733 1199 Faltung
749 1135 793 1183 der
810 1135 905 1185 auam.
943 1136 1055 1186 Initialr:
1071 1139 1246 1204 eiagrknictres,
1264 1139 1364 1189 balmes
1380 1141 1436 1188 und
1450 1144 1572 1192 versiones
1590 1143 1619 1203 C,
1639 1145 1683 1194 mit
1700 1145 1749 1194 cirr-

53 1213 187 1272 gerentem
205 1205 236 1254 E.
274 1205 330 1254 Das
347 1202 369 1253 L
389 1205 449 1254 Leos
474 1205 501 1253 r'rr
525 1205 568 1254 der
590 1212 667 1254 ersten
691 1205 753 1255 Zeila
774 1205 806 1254 ist
823 1208 899 1256 beton!
921 1209 1013 1258 rde
1036 1211 1163 1276 cingerent.
1206 1209 1361 1278 Vererorgung
1382 1211 1429 1261 Nr.
1451 1215 1565 1274 4Proo,
1575 1216 1644 1280 su'llt
1661 1219 1748 1275 0,1?3.

59 1279 99 1327 Im
119 1276 270 1340 Korucrr'pte
287 1277 325 1326 die
342 1275 439 1326 Numen
457 1277 501 1325 der
518 1277 604 1340 Pdpste
621 1276 743 1343 halblang,
761 1277 799 1327 dir
818 1277 958 1344 Masirrkrln
975 1280 1039 1329 nach
1055 1282 1129 1331 crium
1144 1297 1243 1348 grossen
1262 1283 1355 1332 Pmtktr
1372 1285 1448 1332 betoni
1464 1285 1522 1335 oder
1538 1287 1688 1354 dopprllr'nigr,
1707 1305 1748 1336 om

58 1351 162 1400 meistm
182 1349 221 1412 S(i
240 1347 298 1413 qua)
316 1349 372 1396 und
388 1347 521 1412 Clunclis),
540 1364 558 1412 g
576 1348 621 1395 mit
637 1348 830 1414 Schlrr'ferrsattrl
842 1352 900 1400 oder
916 1352 1062 1403 Halsstrich.
1100 1354 1344 1410 Zeilerrroer'te0.021.
1381 1355 1430 1404 Die
1446 1356 1500 1406 drei
1515 1359 1570 1408 weit
1587 1360 1750 1409 auscinandrr

54 1424 185 1486 gestellten
203 1422 281 1470 Arnm
299 1420 346 1472 Nr.
368 1417 429 1468 Μ’
451 1419 574 1468 schlr'essen
592 1420 629 1468 die
652 1422 716 1470 letata
734 1420 802 1470 Zeila.
841 1424 903 1473 Rota
920 1424 967 1472 Nr.
985 1429 1005 1484 1,
1026 1425 1059 1473 im
1078 1426 1254 1475 Durctmesser
1265 1429 1334 1486 0,0d,
1355 1444 1403 1476 aon
1421 1427 1561 1478 derorum
1580 1431 1642 1480 Zeilr
1661 1434 1746 1491 0,011,

57 1509 114 1542 vom
137 1493 211 1543 Mora.
231 1494 318 1552 0‚255.
349 1491 520 1556 Monogramm
540 1491 588 1541 Nr.
608 1493 1010 1555 10,hoc10,055‚breit0,042.
1046 1497 1093 1546 Die
1114 1497 1252 1561 Urraschnfl
1272 1499 1363 1548 scheirrt
1378 1515 1427 1548 oon
1449 1505 1523 1549 etwas
1537 1503 1642 1567 gelberer
1658 1505 1749 1568 ergener

57 1567 138 1616 Dinte
158 1563 332 1614 kemetam.
352 1563 495 1629 Ringkreua,
515 1564 536 1612 Ε
555 1564 611 1612 und
619 1579 644 1612 ss
663 1565 707 1614 der
721 1565 883 1632 Ualersclrrist
899 1575 972 1616 unler
986 1567 1038 1616 rich
1052 1569 1145 1634 gleiche
1162 1569 1242 1618 Hand
1257 1571 1312 1619 und
1327 1571 1365 1620 ein
1382 1571 1447 1621 klein
1464 1573 1544 1637 werrig
1559 1575 1647 1623 andere
1666 1577 1746 1624 Diale.

57 1639 107 1686 Die
126 1637 263 1702 Dalimng
278 1635 441 1685 chrothardo
459 1636 533 1684 Dinle
550 1652 605 1685 vom
623 1635 808 1701 Houprkorper,
834 1638 893 1686 doch
912 1639 978 1688 wohl
992 1639 1029 1688 dr'e
1043 1641 1133 1705 gleiche
1153 1641 1238 1701 Hand,
1264 1641 1372 1692 Gerardi
1391 1643 1435 1692 mit
1453 1644 1585 1694 dunklerer
1601 1647 1676 1694 Dinte
1699 1647 1747 1696 ein·

54 1717 186 1831 getrang.
200 1707 407 1848 kojeugrnfirrrrm
431 1705 556 1758 rheilwate
577 1722 626 1758 von
649 1708 687 1759 eirr
713 1709 769 1759 und
792 1710 910 1760 dersrlben
933 1710 1018 1771 Hand,
1044 1712 1087 1760 der
1109 1721 1168 1763 erste
1185 1713 1285 1763 Drakon
1306 1714 1368 1764 steht
1390 1715 1443 1764 drer'
1461 1715 1540 1767 Zeilerr
1564 1717 1635 1782 tieser
1650 1719 1688 1766 als
1705 1718 1749 1766 der

57 1791 119 1834 mre
166 1782 200 1832 rZrc
246 1817 251 1828 .

825 2065 893 2140 Nr.
925 2067 986 2142 53.

63 2199 211 2266 Cb'lrstr'rr
227 2201 275 2266 II
291 2199 442 2282 bestc'r'tr'gt
461 2198 534 2262 dem
554 2197 683 2262 Kloster
697 2197 764 2261 San
786 2197 895 2262 Pietro
917 2196 958 2262 dr'
982 2197 1140 2263 Cremona
1160 2201 1248 2264 scine
1272 2201 1510 2268 Besr'tatlrrimer
1529 2205 1599 2269 und
1620 2205 1746 2285 Rachle,

333 2289 446 2368 wafrir
458 2310 492 2352 es
498 2287 648 2374 jdhrlr'cla
664 2291 708 2350 12
722 2287 856 2352 Denare
869 2309 913 2351 on
928 2288 983 2352 dr'e
1000 2287 1105 2353 Kurr'e
1118 2311 1159 2354 au
1174 2289 1350 2356 entrr'clrten
1364 2292 1425 2356 hat
1442 2295 1478 2378 ¹).

692 2405 777 2466 1144
792 2405 891 2468 Mdrz
905 2407 937 2468 3.
970 2404 1120 2468 Lateran.

227 2523 409 2588 Celestinus
424 2521 608 2603 episcopus,
633 2541 743 2584 servus
758 2541 924 2584 servorum
941 2522 1002 2598 dei,
1027 2521 1154 2585 dilectis
1170 2523 1243 2587 filiis
1259 2520 1408 2601 Alberto,
1426 2525 1539 2589 abbati
1557 2527 1744 2590 monasterii

59 2617 167 2677 sancti
184 2615 271 2677 Petri
295 2612 384 2695 apud
402 2611 607 2686 Cremonam,
631 2611 766 2692 eiusque
790 2609 949 2687 fratribus
974 2621 1041 2674 tam
1058 2613 1264 2692 presentibus
1288 2633 1386 2693 quam
1411 2614 1532 2692 futuris
1558 2617 1746 2698 regulariter

60 2703 310 2778 substituendis,
341 2703 374 2764 in
404 2709 609 2783 perpetuum.
661 2700 811 2783 Suscepti
842 2701 1008 2783 regiminis
1038 2721 1115 2763 cura
1145 2723 1206 2765 nos
1235 2714 1411 2779 ammonet,
1443 2725 1504 2786 pro
1535 2705 1744 2769 ecclesiarum

59 2801 147 2856 statu
175 2801 314 2875 paterna
337 2790 544 2854 solicitudine
576 2790 721 2870 cogitare
753 2811 876 2872 eosque
908 2797 1022 2852 contra
1050 2811 1226 2873 pravorum
1250 2791 1422 2855 hominum
1445 2797 1606 2875 nequitias
1630 2806 1744 2878 optate

61 2883 266 2946 defensionis
308 2880 462 2962 suffragio
494 2879 683 2954 conlo'vere,
725 2889 759 2942 ut
797 2881 1077 2960 quemadmodum
1119 2891 1229 2962 patres
1267 2883 1300 2944 in
1341 2882 1393 2944 dei
1431 2885 1557 2965 populo
1598 2885 1743 2961 dicimur,

61 2972 104 3034 ita
128 2993 191 3056 per
215 2972 268 3034 dei
291 2972 431 3053 gratiam
455 2989 560 3032 rerum
584 2968 754 3032 effectibus
777 2969 1041 3051 comprobemur.
1088 2970 1269 3050 Quocirca,
1301 2970 1411 3034 dilecti
1442 2973 1475 3035 in
1508 2973 1643 3036 domino
1676 2974 1742 3050 filii,

60 3063 177 3125 vestris
211 3062 303 3124 iustis
333 3058 612 3142 postulationibus
643 3058 827 3139 apostolica
857 3059 1061 3141 benignitate
1098 3060 1353 3123 accomodamus
1383 3081 1559 3140 assensum,
1591 3073 1624 3127 et
1654 3064 1742 3127 beati

60 3151 145 3214 Petri
172 3151 424 3224 monasterium,
457 3150 489 3211 in
521 3168 587 3228 quo
619 3147 730 3209 divino
763 3149 940 3230 mancipati
972 3150 1049 3211 estis
1081 3149 1251 3231 obsequi0,
1285 3170 1358 3212 cum
1383 3152 1536 3215 omnibus
1569 3152 1611 3215 ad
1635 3154 1742 3236 ipsum

59 3241 303 3322 pertinentibus
327 3239 369 3302 ad
394 3237 563 3319 exemplar
585 3237 855 3319 predecessorum
879 3248 1072 3314 nostrorum,
1103 3247 1215 3301 sancte
1249 3240 1484 3304 recordationis
1511 3241 1659 3324 Gregorii
1685 3255 1742 3320 Vn,

59 3331 211 3406 PascaliS,
236 3330 356 3393 Calixti
382 3338 414 3392 et
436 3326 627 3402 Innocentii,
651 3327 878 3390 Romanorum
902 3327 1104 3410 pontificum,
1135 3329 1318 3410 apostolice
1340 3330 1427 3396 sedis
1458 3331 1629 3412 privilegio
1654 3352 1742 3395 com-

61 3423 234 3483 munimus.
281 3419 479 3493 Statuentes,
504 3424 539 3478 ut
562 3437 786 3498 quascumque
809 3417 1043 3498 possessiones
1069 3438 1274 3499 quecumque
1297 3418 1388 3482 bona
1410 3420 1526 3482 eadem
1549 3421 1687 3484 ecclesia
1711 3423 1741 3484 in

60 3511 298 3592 presentiarum
324 3509 406 3571 iuste
430 3516 463 3569 et
486 3506 643 3569 canonice
667 3507 816 3587 possidet
840 3516 895 3568 aut
917 3506 946 3569 ei
971 3506 1124 3588 legitimis
1147 3507 1292 3570 fidelium
1324 3508 1556 3572 donationibus
1586 3512 1685 3573 etiarn
1709 3513 1742 3574 in

61 3599 203 3662 luturum
236 3598 450 3662 concessione
481 3595 684 3678 pontificum,
718 3595 911 3658 liberalitate
943 3615 1055 3677 regum
1085 3595 1136 3657 vel
1167 3597 1365 3678 principum,
1398 3598 1566 3662 oblatione
1596 3599 1741 3663 fidelium

61 3710 115 3752 seu
140 3689 212 3752 aliis
237 3688 329 3751 iustis
353 3686 461 3750 modis
484 3686 548 3748 deo
573 3684 719 3766 propitio
743 3686 864 3766 poterit
887 3685 1033 3767 adipisci,
1063 3684 1156 3747 firma
1178 3686 1273 3749 vobis
1296 3688 1476 3768 vestrisque
1500 3691 1741 3753 successoribus

62 3785 93 3840 et
117 3779 246 3842 illibata
269 3783 492 3860 permaneant.
539 3774 575 3835 In
600 3773 718 3854 quibus
742 3774 802 3836 hec
832 3775 974 3857 propriis
1005 3774 1157 3838 duximus
1179 3775 1348 3838 vocabulis
1380 3779 1585 3842 annotanda:
1625 3780 1740 3852 cellam

62 3869 215 3931 videlicet
238 3867 342 3929 sancti
358 3866 458 3941 Pauli,
483 3862 641 3945 capellam
666 3871 778 3926 sancte
795 3865 905 3940 Marie,
930 3866 1032 3926 sancti
1050 3863 1220 3928 Michaelis
1244 3873 1278 3927 et
1297 3867 1400 3928 sancti
1416 3865 1572 3944 Bassiani,
1597 3869 1741 3933 decimas

63 3957 102 4019 de
124 3957 329 4038 Aqualonga
358 3966 391 4018 et
422 3956 463 4017 de
487 3953 602 4018 Castro
631 3953 741 4015 veteri.
788 3953 942 4017 Obeunte
973 3974 1052 4016 vero
1076 3963 1117 4028 te,
1149 3975 1235 4016 nunc
1267 3954 1413 4017 eiusdem
1438 3956 1501 4018 loci
1533 3956 1663 4034 abbate,
1688 3960 1740 4022 vel

63 4053 189 4109 tuorum
216 4045 366 4127 quolibet
388 4061 611 4107 successorum
636 4043 741 4105 nullus
765 4043 810 4105 ibi
835 4043 982 4123 qualibet
1013 4044 1225 4125 surreptionis
1253 4045 1371 4106 astutia
1403 4065 1459 4107 seu
1482 4046 1638 4109 violentia
1668 4069 1739 4129 pre·

63 4145 213 4216 ponatur,
238 4135 300 4197 nisi
317 4153 414 4215 quem
439 4132 552 4195 fratres
576 4133 742 4194 communi
766 4152 927 4195 consensu
950 4142 1008 4194 aut
1023 4132 1155 4195 sratrum
1173 4153 1247 4214 pars
1263 4133 1388 4196 consilii
1409 4135 1546 4198 sanioris
1562 4137 1739 4200 secundum

64 4225 113 4287 dei
144 4227 299 4288 timorem
331 4233 364 4286 et
393 4223 481 4285 beati
511 4221 681 4285 Benedicti
713 4222 857 4303 regulam
888 4221 1060 4302 elegerint;
1094 4221 1215 4284 electus
1238 4228 1347 4285 autem
1380 4243 1400 4285 a
1426 4225 1579 4288 Romano
1610 4233 1738 4290 tantum

64 4315 221 4394 pontifice
237 4319 453 4376 consecretur.
485 4311 610 4375 Crisma
626 4331 766 4392 quoque,
792 4311 901 4373 oleum
924 4323 1084 4392 sanctum,
1108 4312 1370 4375 consecrationes
1394 4313 1542 4378 altarium
1558 4336 1615 4378 seu
1631 4315 1739 4379 basili-

64 4423 180 4479 carum,
197 4403 421 4466 ordinationes
433 4420 645 4464 monacorum
659 4400 710 4462 vel
723 4400 923 4476 clericorum,
941 4400 1048 4462 eidem
1066 4401 1262 4463 monasterio
1275 4403 1516 4482 pertinentium,
1530 4425 1549 4466 a
1562 4405 1738 4469 diocesano

65 4494 231 4575 accipietis
254 4493 422 4573 episcop0,
446 4493 472 4554 si
498 4491 630 4572 quidem
646 4490 784 4570 gratiam
808 4499 841 4552 et
864 4490 1130 4552 communionem
1152 4491 1333 4571 apostolice
1354 4491 1441 4554 sedis
1461 4493 1611 4556 habuerit
1634 4515 1738 4576 eaque

64 4585 160 4662 gratis
184 4591 219 4645 et
241 4583 311 4644 sine
334 4581 495 4663 pravitate
522 4580 617 4643 vobis
640 4578 779 4641 voluerit
809 4578 981 4657 exhibere;
1015 4578 1160 4661 alioquin
1184 4579 1391 4655 catholicum,
1423 4601 1520 4662 quem
1553 4583 1736 4660 malueritis,

65 4670 156 4734 liceat
178 4671 276 4734 vobis
298 4671 389 4733 adire
412 4671 599 4745 antistitem,
624 4677 658 4730 et
680 4668 722 4731 ab
747 4688 787 4731 eo
812 4669 1096 4730 consecrationum
1111 4679 1316 4732 sacramenta
1331 4671 1504 4752 suscipere.
1551 4673 1603 4734 De
1627 4683 1736 4736 cetero

65 4761 181 4824 nullam
206 4760 347 4842 amplius
370 4760 545 4841 episcopus
569 4759 601 4822 in
626 4757 745 4820 eodem
769 4759 966 4821 monasterio
983 4757 1104 4820 habeat
1124 4765 1324 4840 potestatem
1348 4779 1408 4822 nec
1428 4763 1735 4825 excommunicandi

66 4861 116 4913 aut
138 4850 356 4913 interdicendi
380 4857 435 4911 aut
458 4848 500 4911 ad
516 4848 682 4929 synodum
697 4847 847 4923 vocandi,
871 4847 955 4910 sicut
971 4867 990 4909 a
1005 4847 1140 4929 prefatis
1156 4848 1443 4929 predecessoribus
1459 4851 1577 4913 nostris
1593 4853 1738 4915 noscitur

66 4939 252 5003 institutum.
299 4939 506 5021 Sepulturam
530 4959 610 5000 sane
633 4937 778 4999 eiusdem
803 4937 867 4999 loci
899 4937 1034 4999 omnino
1066 4937 1202 5000 liberam
1225 4958 1296 5000 esse
1320 4938 1533 5016 decernimus,
1565 4951 1601 5003 ut
1624 4962 1737 5005 eorum

66 5028 230 5092 devotioni
261 5039 295 5092 et
323 5037 470 5092 extreme
499 5026 674 5101 voluntati,
711 5027 909 5107 quicumque
939 5047 975 5089 se
1005 5027 1070 5089 illic
1099 5027 1228 5109 sepeliri
1260 5027 1522 5106 deliberaverint,
1556 5031 1615 5093 nisi
1653 5030 1736 5095 forte

65 5119 335 5181 excommunicati
359 5119 431 5192 sint,
456 5118 562 5180 nullus
586 5117 734 5191 obsistat,
758 5116 981 5178 salvatamen
1005 5116 1127 5179 iustitia
1151 5117 1292 5179 matricis
1314 5117 1459 5181 ecclesie.
1504 5119 1561 5181 Ad
1585 5120 1735 5184 inditium

66 5217 169 5270 autem
198 5207 293 5270 huius
324 5229 343 5270 a
372 5208 450 5270 sede
480 5207 664 5289 apostolica
704 5216 862 5287 percepte
892 5205 1050 5269 libertatis
1090 5206 1265 5269 duodecim
1296 5206 1448 5270 denarios
1479 5208 1735 5274 Mediolanensis

66 5307 193 5361 monete
225 5295 321 5359 nobis
353 5297 536 5378 nostrisque
566 5295 808 5359 successoribus
847 5297 940 5359 annis
975 5297 1109 5378 singulis
1146 5295 1348 5378 persolvetis.
1395 5298 1610 5362 Decernimus
1646 5319 1734 5382 erg0,

67 5395 98 5448 ut
112 5387 189 5449 nulli
214 5385 349 5448 omnino
372 5384 542 5448 hominum
566 5386 670 5460 liceat,
696 5385 760 5447 iam
780 5389 811 5463 ²)
829 5385 952 5448 dictum
976 5387 1209 5449 monasterium
1232 5394 1355 5449 temere
1377 5387 1567 5468 perturbare
1590 5397 1646 5452 aut
1668 5391 1735 5452 eius

66 5476 285 5554 possessiones
308 5474 432 5539 auferre
454 5475 507 5538 vel
530 5474 655 5538 ablatas
679 5475 826 5551 retinere,
850 5475 992 5539 minuere
1019 5495 1076 5538 seu
1101 5474 1302 5557 quibuslibet
1326 5475 1484 5540 molestiis
1509 5477 1652 5560 fatigare,
1677 5480 1735 5542 sed

219 5673 244 5734 a)
263 5669 297 5718 in.
317 5709 367 5715 -„
387 5671 424 5736 .1)
446 5669 563 5721 Urkunde
580 5670 673 5720 Lua'us
692 5669 783 5733 llfltr
802 5669 885 5719 Oberto
902 5684 950 5719 orn
971 5669 1099 5730 Cremona,
1118 5671 1253 5736 Reprrrorr‘o
1270 5671 1340 5738 Dipl.
1362 5671 1496 5722 Cremonae
1509 5679 1535 5737 p.
1555 5672 1589 5722 38
1607 5672 1654 5723 Nr.
1674 5674 1733 5733 314,

60 5737 140 5802 faloch
156 5740 311 5808 er'rrgeordrrrt.
353 5741 430 5807 Vergl.
449 5741 486 5790 die
508 5741 568 5792 ort.
587 5757 642 5792 vom
662 5745 693 5791 14
712 5741 821 5792 lurum
839 5741 905 5792 1102
920 5742 1007 5793 τοιάδ
1026 5741 1099 5792 Μαίη
1118 5745 1194 5796 1144.

1483 5821 1525 5888 71
