4126 6366
324 319 390 398 366

322 504 532 594 secu]larisve
556 527 698 589 persona
726 526 846 589 aquam
870 526 930 589 per
952 513 1095 570 vestrum
1121 507 1355 570 monasterium
1380 503 1578 568 defluentem
1609 503 1744 578 auferre,
1775 503 1987 584 possessiones

322 595 375 660 vel
397 596 459 659 alia
483 597 571 660 bona
593 597 696 678 ipsius
712 592 889 682 [invadere]
911 605 966 660 aut
982 598 1076 659 vobis
1092 617 1150 660 seu
1167 595 1365 660 monasterio
1380 602 1490 658 vestro
1505 593 1695 657 violentiam
1711 593 1834 656 audeat
1849 595 1986 676 irrogare.

322 685 532 749 Auctoritate
548 705 682 767 quoque
698 687 895 769 presentium
913 686 954 749 ad
972 685 1143 768 exemplar
1159 687 1214 767 pie
1230 684 1465 748 recordationis
1482 682 1628 765 Gregorii
1645 702 1742 766 pape,
1757 683 1987 765 predecessoris

322 775 422 838 nostri
441 773 473 860 ¹),
497 775 673 838 districtius
695 773 890 851 inhibemus,
913 794 955 838 ne
978 775 1050 858 quis
1074 776 1117 838 de
1140 773 1309 838 laboribus
1333 775 1457 851 vestris,
1480 792 1563 853 quos
1584 792 1643 854 per
1658 791 1838 836 conversos
1853 772 1904 835 vel
1918 773 1988 837 alios

323 865 491 948 operarios
512 872 654 939 vestros,
685 864 837 927 animalia
867 873 901 927 et
928 867 1143 928 instrumenta
1165 871 1287 938 vestra,
1320 863 1350 925 in
1375 870 1467 925 curte
1488 863 1533 924 de
1556 859 1758 944 Crispellano
1792 860 1912 938 facitis,
1940 864 1989 927 ubi

322 955 440 1028 vineas,
473 957 563 1017 ortos
586 960 620 1016 et
642 961 761 1017 terram
786 953 916 1017 duobus
935 953 963 1040 ³)
987 956 1100 1018 aratris
1123 952 1297 1017 colendam
1326 951 1453 1015 habetis
1484 959 1518 1014 et
1548 951 1622 1033 plus
1654 951 1832 1026 modicum,
1863 953 1991 1016 avobis

322 1045 468 1106 decimas
492 1050 690 1126 extorquere
713 1051 888 1125 presumat.
932 1043 1020 1107 Nulli
1043 1063 1122 1126 ergo
1147 1044 1282 1106 omnino
1302 1040 1469 1104 hominum
1487 1041 1593 1116 liceat,
1617 1039 1702 1103 hanc
1718 1042 1872 1125 paginam
1889 1050 1992 1106 nostre

323 1133 562 1196 constitutionis
585 1152 643 1195 seu
667 1131 898 1215 prohibitionis
922 1133 1096 1215 infringere
1118 1132 1171 1195 vel
1193 1133 1223 1196 ei
1247 1151 1326 1195 ausu
1349 1133 1523 1195 temerario
1540 1133 1710 1194 contraire.
1749 1128 1784 1194 Si
1800 1132 1874 1212 quis
1889 1139 1992 1195 autem

322 1220 387 1285 hoc
417 1229 614 1304 attemptare
646 1225 898 1305 presumpserit,
930 1224 1188 1304 indignationem
1210 1219 1469 1308 {omnipotentis
1500 1221 1554 1284 dei
1585 1227 1619 1284 et
1650 1220 1824 1284 beatorum
1848 1221 1934 1284 Petri
1964 1230 1994 1283 et

321 1309 420 1387 Pauli,
442 1310 669 1394 apostolorum
686 1313 764 1388 eius,
787 1332 824 1375 se
838 1315 964 1375 noverit
980 1313 1191 1375 incursurum.
1210 1347 1252 1358 —
1269 1310 1344 1374 Dat.
1361 1310 1521 1386 Laterani,
1545 1325 1597 1375 1111
1612 1309 1667 1372 Kl.
1683 1309 1751 1374 Iun.
1789 1308 1994 1373 Pontificatus

322 1402 424 1464 nostri
448 1421 534 1464 anno
559 1403 676 1483 primo.

485 1516 527 1565 Or.
546 1516 602 1566 iord
615 1515 739 1582 Absclmfl
754 1531 810 1566 vom
830 1518 863 1564 14
884 1516 986 1580 Jahrb,
1005 1515 1032 1568 in
1059 1518 1104 1567 dm
1123 1517 1288 1568 Instmmma
1309 1513 1465 1566 donationum
1485 1515 1509 1564 S.
1533 1514 1600 1565 Perre·
1618 1514 1763 1565 Mutinense
1787 1514 1835 1564 Nr.
1861 1513 1931 1566 2123
1947 1515 1991 1580 fil.

322 1587 376 1648 188,
395 1587 428 1637 im
446 1588 561 1638 Ambivio
578 1589 606 1636 di
622 1589 736 1637 Stamene
754 1587 867 1638 Medma.

485 1659 537 1718 Or,
556 1659 591 1709 br.
611 1663 696 1721 0858,
721 1661 783 1726 lang
799 1661 885 1722 0,185,
910 1666 985 1710 mum
1003 1661 1064 1721 0,02
1088 1660 1280 1726 umgescltlngm,
1305 1675 1339 1708 an
1364 1659 1538 1724 ursperingliclr
1562 1674 1617 1707 rosa
1643 1658 1700 1706 med
1717 1658 1798 1724 gelber
1822 1656 1993 1707 Ser'doestinur

321 1732 398 1797 hdirgi
415 1731 459 1780 das
476 1731 606 1797 Bleelrr'egel,
625 1731 733 1798 Fallung
749 1733 794 1780 der
810 1731 912 1782 Brevem.
950 1732 998 1781 Die
1016 1732 1111 1797 Sclrerfl
1127 1733 1159 1781 ist
1174 1731 1299 1781 ther'lroer'se
1316 1731 1395 1781 durch
1413 1729 1575 1796 Feucerigeeir
1591 1730 1705 1779 mulcebar
1717 1729 1855 1796 geworden.

1068 1907 1134 1984 Nr.
1156 1911 1246 1984 420.

328 2035 472 2101 Clemens
504 2037 568 2100 III
586 2037 842 2122 benachre'chtigt
861 2040 924 2104 den
953 2040 1017 2105 Am
1044 2063 1105 2106 von
1129 2040 1197 2106 San
1213 2041 1381 2107 Saloatum
1403 2041 1442 2105 di
1456 2039 1590 2104 Settimo
1611 2039 1670 2120 (D.
1687 2036 1849 2117 Firenze),
1863 2038 1941 2103 dass
1959 2059 1993 2102 er

373 2126 437 2190 alle
456 2125 831 2211 Geiterentfremdungen,
846 2129 901 2194 die
916 2130 1016 2194 durcle
1033 2131 1147 2196 dessen
1174 2130 1359 2216 Vorgdnger
1367 2128 1558 2216 gescheleen,
1566 2131 1636 2210 fie'r
1649 2127 1801 2212 ungeilteg
1813 2127 1949 2192 erklr'ire.

950 2249 1035 2310 1188
1050 2246 1127 2310 Mai
1140 2249 1193 2310 30.
1223 2247 1373 2310 Lateran.

481 2357 633 2423 Clemens
657 2362 841 2444 episcopus,
865 2381 976 2425 servus
999 2383 1166 2427 servorum
1190 2364 1254 2438 dei,
1278 2361 1400 2427 dilecto
1424 2361 1490 2426 filio
1509 2359 1547 2446 b),
1571 2360 1684 2425 abbati
1699 2363 1805 2424 sancti
1821 2360 1990 2426 Salvatoris

321 2449 363 2511 de
387 2445 567 2533 Sepltimo,
600 2449 739 2513 salutem
770 2458 803 2515 et
833 2451 1050 2534 apostolicam
1082 2453 1358 2517 benedictionem.
1404 2449 1438 2514 Si
1470 2452 1604 2533 quando
1634 2451 1676 2514 ab
1706 2452 1890 2532 apostolica
1915 2454 1989 2517 sede

322 2538 505 2620 requiritur,
536 2539 626 2618 quod
660 2539 878 2604 ecclesiastice
910 2538 1050 2628 utillitati
1082 2542 1233 2626 proficiat
1264 2549 1298 2605 et
1320 2562 1340 2605 a
1366 2543 1496 2604 statutis
1527 2541 1692 2604 canonicis
1723 2561 1789 2604 non
1819 2543 1989 2618 discordet,

321 2629 502 2710 petentium
528 2628 694 2691 desideriis
717 2650 777 2694 nos
798 2632 950 2694 convenit
966 2632 1106 2714 prebere
1131 2651 1328 2696 consensum
1352 2649 1532 2711 eorumque
1547 2637 1624 2693 vota
1640 2629 1757 2693 effectu
1775 2641 1989 2713 prosequente

321 2715 496 2799 complere.
543 2715 615 2779 Hac
644 2719 754 2797 itaque
788 2722 913 2782 ratione
943 2721 1066 2784 inducti
1104 2729 1138 2784 et
1176 2725 1239 2785 tuis
1271 2721 1421 2803 precibus
1450 2720 1624 2802 benignius
1656 2729 1853 2796 annuentes,
1883 2743 1989 2785 omnes

321 2806 531 2869 alienationes
554 2804 596 2868 ab
619 2807 666 2869 R
691 2809 925 2888 predecessore
949 2818 1016 2886 tuo,
1040 2819 1116 2873 tunc
1140 2811 1332 2887 scismatico,
1357 2811 1388 2873 in
1420 2809 1652 2873 detrimentum
1676 2811 1863 2875 monasterii
1885 2813 1989 2886 laetas,

321 2895 515 2958 auctoritate
547 2894 730 2977 apostolica
760 2899 923 2962 irritamus
944 2897 979 2982 c).
1025 2898 1115 2963 Nulli
1139 2921 1219 2984 ergo
1242 2902 1377 2964 omnino
1401 2898 1568 2962 hominum
1595 2898 1701 2975 liceat,
1732 2897 1819 2964 hanc
1842 2903 1988 2984 paginam

321 2992 432 3048 nostre
462 2986 705 3049 constitutionis
734 2987 907 3070 infringere
938 2988 990 3051 vel
1020 2991 1050 3052 ei
1081 3010 1161 3053 ausu
1194 2991 1369 3054 temerario
1398 2989 1566 3053 contraire.
1618 2986 1654 3052 Si
1687 2991 1760 3069 quis
1789 2999 1899 3054 autem
1929 2989 1989 3054 hoc

321 3081 518 3156 attemptare
542 3079 792 3158 presumpserit,
824 3077 1083 3159 indignationem
1113 3079 1347 3163 omnipotentis
1377 3078 1431 3141 dei
1464 3086 1497 3142 et
1529 3078 1702 3143 beatorum
1726 3081 1814 3143 Petri
1844 3089 1878 3144 et
1899 3081 1988 3154 Pauli,

321 3162 545 3245 apostolorum
567 3159 571 3245 Ι
592 3166 670 3239 eius,
703 3185 738 3228 se
768 3167 895 3230 noverit
917 3168 1131 3232 incursurum.
1155 3205 1199 3217 -
1222 3169 1300 3232 Dat.
1324 3169 1485 3245 Laterani,
1508 3183 1547 3232 111
1570 3167 1624 3232 Kl.
1646 3166 1652 3254 1
1672 3167 1762 3233 Iunii.
1785 3169 1990 3234 Pontificatus

321 3253 423 3316 nostri
446 3272 531 3314 anno
555 3255 671 3335 primo.

484 3367 528 3417 Or.
548 3367 658 3429 (Cestello
679 3371 746 3421 1188
765 3369 834 3436 Mag.
853 3371 908 3439 30),
926 3371 960 3422 im
978 3372 1092 3422 Arcelaio
1109 3373 1136 3422 di
1152 3372 1219 3422 State
1235 3389 1266 3422 are
1284 3373 1390 3422 Florem.

484 3439 553 3504 Perg.
572 3439 632 3499 irat,
650 3441 685 3488 br.
706 3443 789 3502 o,167,
807 3444 867 3508 lang
887 3445 972 3505 0,125‚
991 3451 1067 3494 umen
1085 3446 1164 3505 0,018
1182 3447 1371 3512 umgescllagen,
1389 3446 1470 3497 durch
1487 3449 1504 3497 8
1523 3446 1615 3496 Licker
1626 3447 1685 3511 gelet
1701 3445 1738 3496 die
1755 3461 1811 3494 msa
1828 3446 1885 3495 und
1899 3446 1985 3497 dubl

317 3511 383 3576 gelbe
401 3509 585 3571 Seidenschemr,
605 3512 677 3563 deren
695 3513 820 3580 Bleisiegel
833 3516 950 3576 verlorm,
972 3517 1081 3582 Fallmeg
1097 3517 1140 3566 der
1158 3517 1259 3567 Breven.

1066 3693 1133 3769 Nr.
1154 3699 1245 3771 421.

326 3821 470 3887 Clemens
487 3822 553 3887 III
567 3822 757 3909 beaustragt
776 3826 838 3892 den
862 3826 1168 3912 Kardinalpriester
1198 3850 1260 3894 von
1274 3831 1321 3893 tit.
1338 3826 1372 3892 S.
1395 3827 1512 3891 Cecilie
1536 3827 1606 3891 und
1625 3827 1688 3892 den
1704 3826 1991 3892 Kardinaldriakon

320 3933 381 3977 von
396 3911 500 3978 Semta
516 3911 630 3976 Maria
658 3915 692 3977 in
719 3913 778 3980 Via
794 3917 886 3996 Lata,
916 3917 1019 3998 dafie'r
1046 3939 1087 3982 zu
1116 3938 1240 4002 surgen,
1269 3918 1348 3982 dass
1377 3918 1430 3981 ein
1461 3915 1597 3980 Richter
1626 3915 1821 3981 Sardiniem
1853 3917 1909 3982 dre
1936 3917 1990 3980 dm

497 4000 683 4068 Genuesern
698 4007 935 4070 vorentlraltene
950 4001 1044 4090 Bu'rg
1057 4006 1152 4071 Serla
1173 4007 1367 4092 derausgebe
1380 4007 1459 4070 oder
1476 4005 1718 4089 Gemegtlmung
1730 4007 1831 4070 lee'ste.

946 4125 1031 4187 1188
1046 4123 1125 4198 Jule‘
1138 4127 1188 4188 16.
1222 4123 1372 4187 Lateran.

480 4234 630 4299 Clemens
647 4237 831 4321 episcopus,
856 4259 968 4302 servus
988 4260 1155 4303 servorum
1172 4241 1235 4315 dei,
1259 4239 1388 4303 dilectis
1404 4239 1476 4303 filiis
1493 4235 1625 4326 P(etro),
1641 4239 1687 4302 tit
1702 4246 1815 4302 sancte
1831 4237 1990 4322 Cecilied)

321 4325 511 4408 presbitero,
532 4323 537 4409 Ι
558 4334 593 4388 et
614 4327 651 4388 B.
669 4324 702 4410 ²),
727 4335 839 4391 sancte
860 4329 962 4392 Marie
986 4331 1017 4391 in
1034 4328 1098 4393 Via
1122 4329 1188 4393 lata
1211 4329 1352 4393 diacono
1376 4328 1538 4406 cardinali,
1563 4329 1701 4393 salutem
1725 4336 1760 4391 et
1782 4329 1989 4412 apostolicam

320 4415 595 4478 benedictionem.
642 4414 761 4479 Dilecti
781 4414 786 4503 Ι
807 4417 863 4480 filii
895 4419 1010 4492 nostri,
1044 4419 1193 4482 consules
1216 4418 1407 4496 lanuenses,
1438 4439 1530 4482 suam
1562 4419 1604 4482 ad
1628 4439 1688 4482 nos
1711 4419 1949 4498 querimoniam
1966 4414 1990 4501 t)

320 4504 527 4568 destinarunt.
552 4506 643 4586 quod
667 4507 800 4585 quidam
825 4507 926 4570 iudex
942 4508 1091 4573 Sardinie
1114 4509 1283 4589 quoddam
1306 4508 1450 4590 ipsorum
1476 4515 1627 4582 castrum,
1652 4508 1742 4589 quod
1764 4507 1886 4571 dicitur
1901 4505 1989 4578 Seria,

321 4593 438 4656 iniuste
461 4592 589 4656 detinet
612 4600 646 4656 et
668 4595 806 4660 reddere
831 4598 1031 4662 contradicit
1076 4599 1223 4678 Ideoque
1246 4598 1436 4661 discretioni
1458 4606 1566 4661 vestre
1590 4617 1650 4680 per
1672 4596 1857 4679 apostolica
1879 4599 1990 4679 scripta

322 4683 525 4760 mandamus,
548 4691 709 4764 quatenus
734 4705 776 4749 ex
797 4693 890 4768 parte
906 4695 1016 4751 nostra
1032 4707 1090 4770 per
1106 4707 1274 4751 censuram
1291 4686 1552 4762 ecclesiasticam,
1575 4685 1706 4750 sublato
1725 4683 1753 4770 s)
1768 4685 1990 4769 appellationis

321 4770 508 4848 obstaculo,
546 4771 671 4836 faciatis
710 4794 783 4838 eum
815 4797 835 4840 a
867 4775 995 4858 prelato
1032 4796 1092 4840 suo
1124 4777 1278 4860 compelli
1308 4777 1351 4839 ad
1383 4784 1524 4839 castrum
1552 4771 1557 4862 l
1585 4775 1692 4858 ipsum
1716 4775 1784 4838 sine
1808 4775 1989 4840 difficultate

321 4861 526 4924 reddendum
549 4862 602 4925 vel
626 4862 755 4944 plenam
778 4864 935 4929 iusticiam
960 4866 1166 4931 exibendam.
1188 4901 1232 4913 -
1253 4863 1258 4952 Ι
1279 4865 1355 4928 Dat
1372 4865 1533 4942 Laterani,
1558 4880 1633 4930 xvn
1648 4863 1702 4928 Kl.
1719 4863 1874 4948 Augusti.
1918 4866 1989 4928 Poo-

320 4949 463 5014 tificatus
486 4951 587 5014 nostri
609 4971 695 5014 anno
715 4951 720 5038 Ι
740 4956 858 5036 primo.

484 5066 526 5116 Or.
546 5065 672 5126 (Memmie
701 5067 832 5133 Politicm),
859 5069 893 5120 r'm
916 5068 1031 5119 Ambivio
1048 5069 1075 5118 di
1091 5070 1166 5131 Staio,
1190 5069 1315 5136 Abschmfl
1338 5070 1382 5120 der
1404 5068 1564 5120 Miscellmua
1581 5070 1609 5119 dr*
1624 5069 1704 5120 Storr'a
1720 5069 1809 5136 Ligur.
1828 5069 1874 5119 IV
1885 5070 1952 5120 Aue
1968 5069 1987 5120 7.

316 5145 343 5204 p.
369 5139 406 5198 18,
425 5135 451 5187 in
469 5137 513 5186 der
530 5138 593 5186 Bibl.
616 5139 697 5188 Civica
714 5156 744 5188 su
766 5139 860 5191 Genua.

484 5209 553 5275 Perg.
571 5209 632 5268 ital,
651 5211 686 5260 br.
708 5211 793 5272 O,135,
812 5214 873 5278 lang
889 5213 976 5274 0,094,
996 5213 1042 5282 das
1057 5213 1256 5278 Umgescldagem
1272 5211 1452 5279 abgesrlrm'tlm,
1472 5213 1551 5264 durch
1568 5214 1625 5262 swei
1641 5213 1733 5264 Lame
1751 5211 1815 5280 ging
1840 5214 1878 5262 die
1896 5215 1987 5269 Scin,

321 5283 407 5332 welche
424 5281 469 5331 mit
485 5281 538 5330 dem
557 5281 682 5348 Bleisiegel
694 5285 809 5333 verloren.
841 5283 951 5350 Fallung
966 5285 1025 5334 cavei
1040 5287 1095 5334 mal
1107 5285 1151 5335 der
1168 5285 1252 5350 Longe
1269 5286 1340 5344 nach,
1358 5285 1427 5334 donn
1445 5285 1489 5334 der
1505 5285 1586 5350 Strerjf
1598 5285 1625 5334 r'n
1642 5285 1687 5333 der
1703 5283 1783 5336 Mme.
1814 5285 1865 5336 Die
1876 5285 1987 5348 Daren,

321 5371 377 5404 war
393 5370 423 5402 su
440 5355 743 5404 raumverschwendm'sca
759 5356 887 5422 begonmn,
906 5372 1035 5423 wesauegm
1052 5357 1134 5422 primo
1152 5374 1186 5408 un
1205 5357 1250 5408 den
1267 5357 1374 5422 Ansang
1389 5356 1455 5406 einer
1471 5371 1548 5407 naun
1567 5356 1629 5406 Zer'le
1642 5364 1729 5423 gesetzt
1744 5358 1842 5408 merda
1860 5365 1948 5408 nemete

323 5479 548 5487 ——-———-

482 5525 506 5580 a)
530 5521 666 5573 Tmilwme
683 5523 734 5587 eus
748 5524 834 5572 Rasur
903 5525 930 5588 b)
950 5523 1065 5575 swbchen
1082 5523 1136 5573 filio
1160 5523 1216 5574 und
1238 5523 1323 5573 abbati
1341 5524 1424 5572 Reum
1447 5537 1496 5571 von
1514 5522 1574 5583 0,01
1593 5523 1753 5589 suegelassen
1843 5527 1869 5585 c)
1888 5525 1926 5574 irn'
1948 5521 1990 5586 “if

322 5596 407 5644 Rasur
488 5594 516 5661 d)
536 5593 558 5644 C
576 5596 629 5660 auf
640 5596 725 5645 Reum
806 5599 831 5662 e)
850 5611 880 5646 os
899 5611 947 5662 que
970 5596 1024 5661 auf
1035 5598 1121 5645 Rmrer
1190 5595 1276 5662 r')sub
1294 5601 1357 5644 sato.
1377 5631 1430 5639 -
1449 5597 1486 5657 .1)
1509 5593 1627 5645 verume
1647 5611 1704 5646 vom
1723 5599 1759 5646 24
1777 5597 1910 5648 usmete
1925 5596 1985 5646 1187.

322 5666 412 5788 λῇ
424 5665 654 5790 mpmdilrler
676 5665 804 5732 vorliegen,
830 5667 1043 5718 Kardinaldiakm
1068 5683 1116 5718 vm
1142 5667 1221 5717 δαηία
1248 5665 1334 5716 Maria
1359 5666 1385 5716 in
1414 5663 1460 5714 Via
1482 5667 1534 5716 laea
1560 5683 1616 5716 war
1642 5667 1777 5734 Seffredus,
1804 5683 1853 5718 von
1871 5669 1897 5718 S.
1915 5665 1986 5718 reme
