4126 6356
304 283 367 350 144

300 469 399 541 atque
423 457 579 521 canonice
602 455 723 538 poterit
746 452 892 534 adipisci,
924 453 1017 516 firma
1039 453 1099 517 tibi
1124 451 1252 534 tuisque
1274 451 1515 515 successoribus
1539 461 1572 514 et
1594 449 1719 514 illibata
1742 459 1976 533 permaneant.

300 550 336 612 In
360 547 477 629 quibus
500 547 562 634 hec
584 544 723 626 propriis
748 543 899 606 duximus
915 544 1130 624 exprimenda
1144 542 1328 624 vocabulis:
1360 542 1483 604 Lacum
1501 541 1654 603 videlicet
1669 560 1743 602 cum
1764 542 1977 622 pertinentiis

301 639 374 712 suis,
404 636 588 711 Astianum,
620 633 869 706 Mundezanum‚
899 633 1073 695 Paternum
1105 652 1177 694 cum
1203 633 1405 713 pertinentiis
1436 631 1509 705 suiS,
1541 631 1715 706 Pastinam,
1748 630 1864 694 Casale
1898 649 1977 692 cum

300 725 503 808 pertinentiis
517 725 591 798 suis,
616 722 744 804 Criptas
759 720 917 797 Anselmi,
935 720 1115 784 Canianum
1138 741 1212 783 cum
1236 721 1439 802 pertinentiis
1459 740 1580 796 eorum,
1597 715 1737 801 Valllem
1755 720 1797 782 de
1812 716 1978 805 Lutr]ana

301 836 375 878 cum
391 813 543 877 affinibus
559 812 632 887 suis,
649 811 819 883 ecclesiam
836 820 947 896 sancte
960 812 1062 897 Marie
1078 812 1110 873 in
1126 811 1238 883 ParicI,
1255 810 1425 872 ecclesiam
1441 811 1545 872 sancti
1561 809 1683 890 Angeli
1700 808 1742 871 de
1757 810 1882 872 Forma
1899 829 1977 870 cum

300 905 387 968 silvis
410 913 444 965 et
466 902 632 965 territoriis
655 901 729 976 suis,
757 900 928 962 ecclesiam
944 910 1056 987 sancte
1073 901 1174 986 MarIe
1191 899 1233 961 de
1249 899 1384 976 Masena
1399 918 1474 961 cum
1490 899 1693 979 pertinentiis
1709 900 1774 960 suis
1790 909 1824 961 et
1840 899 1977 961 duobus

301 993 512 1068 molendinis,
545 991 715 1054 ecclesiam
746 1001 858 1051 sancte
888 988 1014 1064 Crucis,
1046 990 1149 1051 sancti
1177 987 1337 1069 Stephani
1370 998 1403 1050 et
1432 989 1535 1050 sancti
1559 988 1628 1050 Viti
1660 1007 1733 1050 cum
1763 988 1978 1068 pertinentiis

302 1102 423 1156 earum,
457 1080 628 1143 ecclesiam
651 1088 763 1164 sancte
787 1079 890 1165 Marii,¹
913 1079 1068 1164 rotunde,
1098 1079 1269 1141 ecclesIam
1292 1088 1478 1140 sanctorum
1503 1077 1621 1164 Cosmc
1654 1087 1686 1139 et
1710 1077 1865 1139 Damiani
1901 1097 1978 1138 cum

301 1171 504 1252 pertinentiis
533 1170 613 1244 suIS,
645 1168 815 1231 ecclesiam
845 1168 947 1230 sancti
978 1165 1193 1248 Archangeli,
1227 1167 1399 1229 ecclesiam
1427 1167 1530 1228 sancti
1561 1166 1754 1242 Eleutherii,
1799 1166 1978 1229 ecclesiam

301 1261 402 1323 sancti
425 1259 579 1322 Iohannis
603 1259 635 1318 in
659 1257 819 1319 territorio
836 1258 1075 1332 Frusinonensi‚
1100 1276 1163 1342 que
1187 1258 1278 1318 iuxta
1293 1255 1414 1320 flumen
1431 1255 1551 1318 Cosam
1567 1256 1629 1318 sita
1645 1265 1702 1330 est,
1727 1275 1802 1317 cum
1818 1256 1978 1318 omnibus

302 1350 344 1412 ad
368 1350 473 1431 ipsam
497 1346 735 1429 pcrtinentibus
758 1355 889 1408 etcum
912 1345 1008 1408 casali
1040 1347 1176 1427 integro,
1210 1346 1381 1409 ecclesiam
1411 1355 1523 1430 sancte
1547 1345 1649 1430 Marie
1680 1345 1712 1407 in
1737 1345 1868 1408 Murata
1901 1364 1978 1407 cum

302 1438 505 1519 pertinentiis
528 1437 601 1511 suis,
626 1436 732 1498 lacum
755 1436 797 1497 de
821 1435 976 1498 Maniano
1000 1456 1074 1497 cum
1097 1437 1162 1498 suis
1185 1436 1389 1516 pertinentiis
1412 1445 1446 1497 et
1466 1455 1539 1496 cum
1556 1435 1585 1495 ei
1602 1435 1763 1496 adiacenti
1780 1432 1977 1509 hereditate,

301 1528 472 1590 ecclesiam
495 1527 598 1588 sancti
620 1524 748 1587 Nicolai
772 1533 805 1586 et
827 1525 930 1586 sancti
954 1525 1071 1605 Moyse
1094 1535 1128 1587 et
1151 1524 1307 1606 quicquid
1332 1525 1364 1586 In
1388 1524 1548 1586 territorio
1565 1523 1705 1585 Turricis
1725 1543 1785 1604 per
1808 1523 1978 1586 autentica

300 1627 461 1679 cartarum
492 1615 694 1676 monimenta
725 1613 833 1675 eidem
861 1614 1021 1676 Berulane
1052 1614 1187 1676 ecclesie
1219 1614 1381 1695 pertinere
1412 1614 1628 1693 cognoscitur.
1675 1611 1842 1692 Quicquid
1874 1613 1977 1675 etiam

302 1707 343 1768 de
375 1725 434 1767 suo
466 1705 533 1766 iure
557 1723 576 1764 a
598 1702 671 1765 filiis
694 1703 866 1784 Peregrini,
897 1703 1011 1766 Girino
1044 1703 1204 1779 videlicet,
1239 1703 1324 1764 Miro
1355 1713 1389 1765 et
1411 1701 1496 1778 Zita‚
1527 1703 1712 1783 Peregrino,
1747 1703 1874 1765 Ottone
1900 1710 1936 1762 et
1959 1721 1979 1762 a

301 1793 445 1857 Iohanne
469 1792 629 1874 Capharo,
662 1812 682 1852 a
704 1792 853 1854 Daciano
876 1802 909 1854 et
932 1813 1033 1856 uxore
1056 1795 1124 1855 eius
1148 1793 1260 1867 Maria,
1289 1813 1309 1853 a
1332 1791 1491 1868 Tebaldo,
1524 1802 1667 1872 cognato
1697 1792 1797 1871 ipsius
1825 1791 1979 1863 DacianI,

302 1895 334 1946 et
358 1905 377 1945 a
399 1882 589 1958 Benedict0,
622 1880 688 1943 filio
712 1879 858 1952 Baronis,
889 1891 923 1944 et
953 1902 1054 1945 uxore
1085 1883 1152 1944 eius
1176 1893 1209 1944 et
1231 1881 1399 1958 Landone,
1432 1880 1498 1943 filio
1526 1879 1676 1961 Ardingi,
1709 1890 1743 1943 et
1773 1899 1877 1942 uxore
1910 1880 1978 1941 eins

302 1973 496 2054 acquisitum
526 1981 590 2046 est,
622 1969 750 2032 firmum
781 1981 815 2032 et
844 1970 1031 2034 inviolabile
1056 1972 1152 2034 vobis
1183 1981 1405 2045 conservetur,
1438 1970 1527 2032 salva
1557 1969 1756 2031 omnimodis
1788 1970 1914 2031 iustitia
1946 1979 1979 2030 et

303 2063 447 2136 servitio,
483 2060 573 2141 quod
604 2079 646 2122 ex
678 2060 804 2140 integro
835 2060 985 2146 Romane
1016 2060 1155 2122 debetur
1184 2061 1328 2146 ecclesie.
1382 2059 1576 2124 Universam
1607 2069 1756 2139 preterea
1778 2058 1979 2120 Berulanam

302 2151 509 2233 parrochiam
539 2159 606 2211 tam
637 2148 713 2224 tibi,
752 2168 850 2230 quam
883 2151 945 2212 tuis
977 2150 1217 2212 successoribus
1250 2148 1429 2229 regendam
1459 2169 1497 2210 ac
1526 2147 1781 2228 disponendam,
1814 2147 1978 2228 largiente

304 2241 376 2315 de0,
401 2239 611 2302 concedimus
634 2247 667 2299 et
690 2237 929 2300 confirmamus.
977 2238 1085 2320 Ipsam
1117 2237 1270 2301 videlicet
1291 2237 1486 2300 Berulanam
1519 2238 1684 2299 civitatem
1716 2257 1790 2299 cum
1820 2237 1979 2300 omnibus

304 2329 528 2392 adiacentibus
558 2327 710 2402 ecclesiis
744 2328 829 2390 Intus
852 2328 903 2389 vel
927 2327 1013 2402 forIs,
1047 2329 1262 2390 Frusinonem
1295 2346 1369 2389 cum
1396 2327 1549 2389 omnibus
1573 2326 1797 2388 adiacentibus
1820 2326 1978 2398 ecclesiis,

304 2419 464 2500 oppidum
496 2416 638 2478 Turricis
669 2436 743 2478 cum
776 2417 920 2480 ecclesiis
952 2418 1032 2492 suis,
1068 2417 1170 2498 Ripas
1201 2437 1275 2478 cum
1306 2417 1450 2478 ecclesiis
1481 2417 1546 2478 suis
1577 2427 1609 2477 et
1640 2416 1838 2478 monasterio
1872 2415 1977 2478 sancti

303 2508 457 2582 Silvestri,
488 2505 590 2568 Posen
622 2526 696 2568 cum
727 2506 872 2569 ecclesiis
894 2517 1006 2591 sancte
1031 2504 1142 2592 Marie,
1174 2506 1276 2569 sancti
1301 2506 1385 2567 Petri
1418 2515 1451 2567 et
1480 2512 1593 2591 sancte
1616 2503 1778 2591 Columbe
1809 2514 1842 2567 et
1872 2505 1977 2567 sancti

304 2595 464 2659 Antonini
489 2604 521 2657 et
543 2594 696 2657 omnibus
720 2595 799 2658 aliis.
845 2596 1058 2658 Harenariam
1082 2616 1155 2658 cum
1180 2595 1324 2658 ecclesiis
1347 2595 1412 2656 suis
1436 2604 1469 2657 et
1496 2595 1694 2656 monasterio
1725 2604 1837 2678 sancte
1864 2594 1976 2678 Μῆτίς,

305 2686 454 2750 Castrum
485 2705 558 2746 cum
589 2684 726 2746 ecclesia
758 2686 861 2746 sancti
884 2685 969 2748 Petri
1001 2695 1034 2747 et
1065 2696 1175 2772 sancte
1200 2684 1304 2770 Olive,
1328 2685 1431 2746 sancti
1456 2681 1591 2746 Andree
1623 2694 1657 2746 et
1679 2685 1781 2747 sancti
1806 2681 1977 2764 Stephani,

305 2777 409 2838 sancti
424 2773 593 2836 Benedicti
611 2784 644 2835 et
659 2775 857 2836 monasterio
874 2774 976 2836 sancti
992 2774 1113 2856 Angcli
1131 2775 1172 2836 de
1189 2774 1348 2836 Merulata
1364 2783 1397 2835 et
1412 2773 1515 2836 sancti
1532 2773 1660 2836 NIcolai
1677 2784 1710 2834 et
1726 2774 1881 2835 omnibus
1897 2772 1976 2846 aliis,

306 2866 455 2927 Montem
471 2863 598 2944 nigrum
622 2883 695 2924 cum
719 2862 863 2925 ecclesiis
886 2865 958 2938 suis,
983 2863 1207 2926 Fabrateriarn
1231 2882 1305 2924 cum
1328 2861 1456 2937 finibus,
1474 2863 1677 2942 pertinentiis
1693 2868 1726 2924 et
1742 2862 1889 2924 ecclesiis
1913 2861 1977 2923 suis

306 2955 391 3017 intus
413 2952 465 3015 vel
490 2951 575 3027 soris,
601 2950 805 3032 Ceperanum
828 2972 902 3014 cum
925 2953 1063 3038 ecclesia
1085 2963 1196 3039 sancte
1214 2952 1324 3038 Mane,
1348 2952 1451 3014 sancti
1474 2950 1667 3026 Paterniani,
1691 2953 1794 3013 sancti
1812 2949 1978 3024 Iohannis,

305 3043 408 3105 sancti
424 3040 567 3116 Andree,
591 3041 694 3103 sancti
711 3041 831 3122 Magni,
856 3043 959 3104 sancti
975 3041 1112 3118 Nicolai,
1137 3042 1240 3104 sancti
1261 3040 1368 3116 Blasii,
1393 3051 1504 3126 sancte
1522 3040 1654 3128 Marine,
1678 3041 1781 3102 sancti
1798 3039 1922 3121 Angeli
1946 3050 1979 3101 et

307 3130 460 3194 omnibus
483 3129 561 3204 aliis,
586 3128 769 3192 Cannetum
792 3151 865 3193 cum
889 3132 1047 3194 canonica
1070 3132 1173 3193 sancti
1189 3131 1275 3192 Petri
1292 3140 1324 3192 et
1340 3130 1477 3192 ecclesia
1492 3131 1595 3192 sancti
1611 3128 1773 3205 Iohannis,
1799 3128 1980 3192 Castellum

306 3241 437 3300 novum,
460 3218 757 3300 Strangulagallum
775 3219 802 3300 a)
827 3240 900 3282 cum
924 3221 1068 3283 ecclesiis
1083 3221 1156 3296 suis,
1175 3219 1352 3301 CarpInum
1367 3239 1441 3281 curn
1458 3218 1602 3281 ecclesiis
1617 3219 1691 3294 suis,
1708 3229 1857 3281 montem
1873 3219 1978 3280 sancti

305 3310 460 3373 Iohannis
483 3327 556 3370 cum
581 3308 726 3370 eiusdem
749 3309 890 3372 nominis
907 3310 1113 3384 monasteri0‚
1139 3309 1310 3372 ecclesiam
1330 3319 1441 3393 sancte
1456 3308 1666 3382 Pudentiane,
1684 3308 1857 3370 ecclesiam
1874 3307 1979 3370 sancti

306 3399 391 3460 Petri
416 3398 457 3460 de
476 3397 650 3473 Harenula,
674 3397 845 3461 ecclesiam
867 3400 970 3460 sancti
988 3398 1115 3461 Nicolai
1141 3399 1182 3460 de
1206 3397 1362 3473 Civitella,
1388 3397 1558 3460 ecclesiam
1582 3407 1693 3481 sancte
1711 3392 1837 3482 M[arie,
1863 3391 1979 3480 sanctiI

307 3487 436 3569 AngeII,
459 3487 562 3550 sancti
579 3484 668 3549 Pauli
692 3497 725 3549 et
740 3488 892 3550 omnibus
916 3489 994 3564 aliis,
1011 3487 1179 3550 Babucum
1203 3507 1277 3550 cum
1301 3487 1438 3550 ecclesia
1461 3487 1564 3548 sancti
1580 3485 1710 3567 Angeli,
1735 3499 1847 3573 sancte
1866 3484 1979 3570 Marie,

307 3577 410 3640 sancti
425 3577 520 3653 Petri,
543 3577 646 3639 sancti
662 3576 773 3639 Leucii
790 3587 824 3640 et
839 3578 992 3640 omnibus
1009 3577 1088 3640 aliis.
1129 3578 1200 3664 Hec
1217 3578 1328 3658 itaque
1344 3577 1456 3638 omnia
1472 3585 1526 3637 tue
1543 3585 1738 3656 tuorumque
1753 3593 1979 3638 successorum

309 3666 515 3747 dispositioni
539 3675 699 3747 perpetuo
723 3665 857 3734 subesse
890 3687 1068 3730 censemus,
1113 3668 1150 3729 In
1181 3661 1392 3750 mo[nasterio
1415 3656 1615 3749 sanctorum]
1648 3664 1802 3727 Iohannis
1826 3677 1861 3728 et
1891 3663 1980 3727 Pauli

308 3755 465 3837 quicquid
488 3753 531 3817 ad
554 3756 724 3836 antiquum
742 3754 773 3839 b)
794 3755 945 3818 Berulani
969 3757 1117 3838 episcopi
1141 3757 1190 3818 ius
1207 3755 1396 3837 episcopale
1416 3751 1443 3838 ε)
1468 3753 1626 3816 canonice
1642 3755 1792 3835 pertinet,
1817 3755 1981 3836 integrum

307 3845 402 3908 vobis
432 3853 592 3926 perpetuo
623 3845 743 3906 servari
773 3847 950 3922 sancImus,
990 3845 1079 3908 salva
1109 3846 1259 3907 nimirum
1290 3847 1323 3906 In
1355 3843 1507 3906 omnibus
1545 3853 1655 3929 nostre
1686 3855 1798 3931 sancte
1828 3845 1980 3926 Romane

309 3934 443 4021 ecclesie
475 3934 662 3996 reverentia.
708 3934 765 3996 Ad
796 3934 856 4021 hec
886 3955 945 4016 per
982 3935 1142 4016 presentis
1181 3934 1341 4016 privilegii
1372 3933 1527 4014 paginam
1566 3932 1749 4014 apostOIIca
1787 3935 1980 3996 auctoritate

309 4025 521 4098 decernImus,
545 4033 581 4084 ut
603 4023 680 4084 nulli
705 4024 840 4085 omnino
865 4023 1035 4086 hominum
1058 4025 1161 4100 liceat,
1186 4023 1326 4086 candem
1349 4023 1520 4085 ecclesiam
1545 4069 1552 4083 .
1578 4069 1584 4082 .
1610 4071 1615 4084 .
1640 4034 1882 4099 conserventur,
1915 4033 1980 4084 tam

308 4115 431 4190 vestris,
460 4132 559 4194 quam
583 4110 773 4175 clericorum
797 4123 829 4174 et
852 4133 1033 4195 pauperum
1056 4113 1166 4176 usibus
1190 4112 1389 4175 omnimodis
1413 4111 1590 4193 profutura.
1637 4111 1671 4175 Si
1697 4132 1761 4192 qua
1784 4113 1884 4194 igitur
1907 4160 1915 4173 .
1941 4155 1979 4171 ..

310 4203 442 4267 Cunctis
466 4211 576 4264 autem
595 4199 624 4277 d)
650 4249 656 4263 .
682 4248 687 4262 .
713 4251 719 4263 .
744 4202 920 4264 inveniant.
966 4201 1043 4264 Am.
1068 4203 1157 4265 A·m.
1181 4201 1257 4264 Am.
1281 4235 1325 4246 —

522 4289 576 4370 (R)
600 4290 673 4371 Ego
697 4289 890 4354 Anastasius
913 4291 1074 4378 catholice
1097 4291 1232 4378 ecclesie
1256 4291 1431 4372 episcopus
1454 4311 1495 4352 ss.
1521 4289 1583 4367 (M)

523 4413 559 4424 -
588 4375 608 4460 †
631 4380 704 4461 Ego
728 4379 1000 4462 GG.(Gregorius)
1023 4382 1184 4463 presbiter
1207 4379 1378 4442 cardinalis
1401 4380 1449 4443 tit.
1474 4379 1592 4442 Calixti
1616 4399 1657 4441 ss.

523 4464 543 4549 †
566 4468 639 4548 Ego
663 4468 773 4533 Guido
796 4470 957 4551 presbiter
979 4471 1151 4533 cardinalis
1174 4471 1222 4532 tit.
1247 4470 1350 4531 sancti
1374 4468 1549 4550 Grisogoni
1570 4465 1596 4552 e)
1620 4489 1661 4530 ss.

522 4555 542 4636 †
564 4557 638 4637 Ego
662 4557 827 4622 Hubertus
850 4560 1011 4640 presbiter
1033 4558 1205 4622 cardinalis
1227 4559 1275 4622 tit.
1300 4568 1411 4621 sancte
1434 4558 1591 4620 Praxedis
1614 4577 1654 4620 ss.

523 4640 544 4725 †
567 4645 640 4727 Ego
663 4647 853 4711 Maniredus
876 4649 1037 4730 presbiter
1059 4648 1232 4712 cardinalis
1255 4649 1303 4710 tit.
1328 4657 1440 4711 sancte
1464 4647 1584 4710 Savine
1607 4667 1648 4710 ss.

523 4733 544 4815 †
566 4735 638 4816 Ego
662 4735 833 4800 Aribertus
856 4737 1017 4818 presbiter
1040 4737 1211 4801 cardinalis
1235 4737 1282 4800 tit.
1306 4747 1418 4800 sancte
1441 4736 1617 4799 Anastasio
1641 4757 1681 4798 ss.
1705 4731 1754 4818 (1)

524 4819 544 4904 †
568 4821 640 4904 Ego
664 4825 821 4889 Iordanus
844 4827 1005 4907 presbiter
1028 4827 1199 4890 cardinalis
1224 4827 1270 4888 tit.
1294 4836 1478 4889 sanctarum
1501 4825 1650 4911 Susanne
1680 4835 1714 4888 et
1736 4823 1918 4886 Felicitatis
1941 4841 1977 4883 ss.

523 4912 543 4990 †
567 4913 640 4993 Ego
665 4915 865 4978 Octavianus
888 4917 1049 4997 presbiter
1072 4915 1243 4980 cardInalis
1267 4916 1314 4978 tit.
1339 4924 1451 4977 sancte
1475 4913 1594 4978 Cecilie
1617 4935 1658 4977 ss.
1682 4911 1730 4996 (2)

525 4997 546 5082 t
568 5002 642 5082 Ego
666 5001 803 5067 Cencius
827 5005 988 5086 presbiter
1010 5006 1182 5068 cardinalis
1204 5006 1253 5067 tit.
1277 5006 1380 5067 sancti
1403 5004 1569 5066 Laurentii
1594 5005 1627 5065 in
1650 5004 1776 5066 Lucina
1798 5022 1840 5064 ss.

525 5085 546 5170 t
568 5091 642 5172 Ego
665 5090 825 5156 Henricus
848 5094 1010 5175 presbiter
1033 5094 1205 5158 cardinalis
1229 5095 1276 5156 tit.
1301 5100 1487 5156 sanctorum
1511 5094 1608 5156 Nerei
1633 5103 1665 5156 et
1688 5091 1830 5155 Achillei
1854 5111 1895 5154 ss.

525 5211 569 5224 -
591 5181 611 5259 †
634 5182 706 5262 Ego
731 5183 831 5246 Oddo
856 5181 1012 5246 diaconus
1036 5183 1208 5247 cardinalis
1231 5184 1334 5246 sancti
1358 5181 1491 5264 Georgii
1515 5183 1558 5244 ad
1581 5183 1699 5245 Velum
1716 5179 1724 5258 ll
1741 5199 1875 5243 aureum
1898 5199 1937 5242 ss.

525 5269 546 5346 †
568 5270 641 5351 Ego
663 5271 825 5335 Rodulsus
849 5273 1006 5336 diaconus
1029 5273 1199 5337 cardinalis
1222 5280 1335 5334 sancte
1358 5273 1458 5335 Lucie
1482 5272 1514 5334 in
1538 5271 1642 5354 Septa
1665 5271 1743 5334 solis
1766 5291 1808 5332 ss.

526 5354 545 5442 †
569 5357 641 5440 Ego
665 5360 841 5442 Gregorius
865 5361 1022 5426 diaconus
1046 5361 1217 5426 cardinalis
1240 5360 1343 5424 sancti
1367 5359 1487 5442 Angeli
1512 5382 1553 5423 ss.

673 5521 733 5528 —.-

472 5581 497 5640 a)
516 5577 731 5644 Srangulagallum
802 5582 829 5645 b)
848 5582 893 5631 das
909 5581 1018 5631 awriten
1044 5583 1097 5648 auf
1114 5585 1199 5632 lr'asur
1269 5589 1292 5646 c)
1312 5583 1378 5631 nicht
1393 5581 1480 5640 sicher,
1505 5581 1621 5630 ur'clleiclr
1641 5579 1703 5630 aui-h
1731 5580 1841 5629 ecclesie
1913 5579 1939 5644 dp
1955 5591 1976 5625 m

314 5648 439 5697 arerradir!
455 5650 510 5698 und
524 5653 562 5698 als
578 5651 807 5702 Abbreviaturslricli
826 5654 964 5718 iibergcsetzt
1035 5657 1059 5721 e)
1078 5655 1191 5704 mistim
1210 5654 1346 5718 Grisogoni
1364 5655 1420 5704 und
1435 5671 1459 5702 ss
1479 5655 1562 5702 lr’nsur
1578 5670 1625 5701 nou
1644 5655 1723 5712 0,016
1742 5652 1833 5717 Ldnge.
