4142 6366
342 331 407 420 296

1081 526 1149 604 Nr.
1178 534 1266 605 323.

341 657 459 722 Lucius
474 656 540 722 III
558 657 675 722 nimmt
694 659 756 722 das
770 656 906 724 Kloster
928 661 1099 726 Fucecclrio
1116 662 1173 742 (D.
1192 663 1313 740 Lucra)
1329 661 1363 724 in
1383 657 1613 743 apostolisclren
1628 659 1747 726 Schutz
1771 657 1844 724 und
1862 659 2010 742 bestettigr

901 751 988 814 seine
1006 751 1109 816 Gelter
1121 751 1194 815 und
1209 751 1442 815 Gereclrtsame.

915 869 1002 932 1182
1018 867 1201 932 November
1214 870 1244 929 8.
1285 865 1424 930 Velletri.

497 979 617 1042 Lucius
640 981 824 1063 episcopus,
848 1003 959 1046 servus
980 1005 1147 1047 servorum
1173 985 1234 1061 dei,
1260 984 1385 1047 dilectis
1402 983 1475 1046 filiis
1491 983 1660 1064 Gregorio,
1685 982 1799 1045 abbati
1815 981 2010 1046 Ficeclensis

339 1068 536 1145 monasterii,
561 1070 695 1153 eiusque
718 1071 878 1148 fratribus,
908 1080 977 1136 tam
1000 1073 1207 1155 presentibus
1231 1093 1328 1155 quarn
1361 1074 1483 1148 futuris,
1517 1073 1697 1154 regularem
1720 1073 1822 1134 vitam
1845 1071 2008 1153 professis,

339 1159 372 1222 in
404 1169 607 1240 perpetuum.
657 1160 751 1222 Licet
782 1163 928 1226 omnium
958 1164 1167 1226 ecclesiarum
1199 1183 1275 1226 cura
1305 1172 1339 1225 et
1367 1161 1552 1224 sollicitudo
1575 1207 1712 1224 .....
1737 1161 1884 1224 iniuncto
1919 1161 2010 1224 nobis

339 1248 544 1330 apostolatus
567 1248 678 1311 officio
702 1249 911 1314 sollicitudini
935 1262 1046 1315 nostre
1062 1254 1238 1329 immineat,
1264 1251 1325 1315 illis
1344 1260 1463 1327 tamen,
1489 1271 1553 1332 que
1568 1251 1741 1332 specialius
1758 1271 1796 1312 ac
1813 1249 2011 1312 familiariter

339 1337 382 1400 ad
405 1339 546 1400 Romani
570 1338 736 1418 pontificis
760 1340 1000 1404 ordinationem
1024 1353 1173 1424 spectare
1202 1350 1386 1414 noscuntur,
1420 1341 1570 1422 ampliori
1594 1359 1654 1402 nos
1677 1340 1841 1415 convenit,
1870 1339 2011 1402 caritatis

338 1428 448 1490 studio
471 1427 649 1489 imminere.
680 1428 874 1509 Eapropter‚
890 1430 999 1494 dilecti
1016 1433 1048 1494 in
1065 1432 1201 1494 domino
1218 1431 1283 1506 filii,
1307 1431 1421 1493 vestris
1436 1431 1527 1492 iustis
1543 1429 1820 1510 postulationibus
1836 1429 2012 1491 clementer

339 1518 511 1580 annuimus
550 1525 584 1579 et
616 1518 849 1580 monasterium
873 1521 976 1583 sancti
1000 1519 1193 1596 Salvatoris,
1226 1521 1349 1601 inquo
1379 1519 1490 1582 divino
1523 1518 1701 1600 mancipati
1733 1519 1810 1580 estis
1841 1518 2011 1598 obsequio,

338 1605 382 1668 ad
405 1605 575 1688 exemplar
597 1607 865 1686 predecessorum
897 1620 1091 1687 nostrorum,
1124 1611 1178 1692 qui
1211 1609 1343 1672 inferius
1373 1607 1628 1683 subscribuntur,
1660 1607 1720 1670 sub
1753 1607 1842 1670 beati
1866 1607 1955 1669 Petri
1982 1618 2012 1668 et

339 1704 451 1759 nostra
478 1696 685 1777 protectione
722 1697 916 1778 suscipimus
949 1711 981 1764 et
1004 1701 1163 1781 presentis
1186 1699 1299 1779 scripti
1323 1697 1494 1779 privilegio
1519 1697 1768 1760 communimus.
1814 1695 2010 1770 Statuentes,

339 1794 383 1861 ut,
407 1804 628 1866 quascumque
652 1787 883 1866 possessiones,
908 1807 1113 1871 quecumque
1137 1789 1227 1852 bona
1251 1788 1335 1850 idem
1359 1787 1592 1850 monasterium
1615 1785 1648 1848 in
1672 1785 1910 1867 presentiarum
1933 1785 2011 1848 iuste

338 1883 372 1937 et
395 1875 553 1937 canonice
584 1873 732 1955 possidet
756 1887 812 1939 aut
835 1878 868 1940 in
903 1877 1045 1941 futurum
1069 1879 1279 1941 concessione
1303 1876 1506 1958 pontificum,
1530 1875 1703 1957 largitione
1722 1895 1834 1956 regum
1851 1874 1906 1938 vel
1929 1875 2010 1956 prin·

339 1964 457 2045 cipum,
482 1962 651 2026 oblatione
683 1964 828 2028 fidelium
851 1987 908 2029 seu
924 1967 994 2031 aliis
1010 1969 1101 2031 iustis
1118 1967 1234 2043 modis,
1259 1973 1425 2049 prestante
1442 1965 1587 2040 domin0,
1612 1965 1733 2046 poterit
1749 1964 1899 2045 adipisci,
1923 1963 2012 2026 firma

337 2053 433 2115 vobis
454 2053 636 2135 vestrisque
659 2055 900 2119 successoribus
924 2064 957 2119 et
981 2057 1106 2121 illibata
1128 2067 1352 2139 permaneant.
1375 2054 1413 2116 In
1438 2054 1556 2137 quibus
1579 2049 1665 2137 (hec)
1696 2053 1837 2135 propriis
1860 2054 2012 2116 duximus

338 2141 554 2224 exprimenda
576 2143 753 2206 vocabulis:
777 2143 1008 2226 baptismalem
1032 2146 1203 2210 ecclesiam
1227 2145 1315 2209 beati
1332 2143 1485 2208 Iohannis
1502 2142 1702 2225 evangeliste
1718 2163 1792 2206 cum
1809 2140 2012 2224 pertinentiis

337 2233 412 2308 suis,
437 2232 596 2312 capellam
621 2232 662 2295 de
678 2232 826 2310 Catian0,
850 2235 1012 2316 capellam
1036 2237 1078 2299 de
1094 2235 1285 2312 conflentis,
1307 2233 1468 2315 capellam
1493 2233 1535 2296 de
1557 2232 1700 2296 Petriolo
1723 2239 1756 2294 et
1780 2233 2013 2295 monasterium

338 2321 381 2383 de
413 2319 600 2402 Cappian0,
632 2332 781 2402 preterea
811 2325 1022 2388 concordiam
1055 2326 1123 2388 sive
1155 2325 1423 2387 constitutionem
1454 2322 1537 2385 inter
1568 2332 1791 2385 antecessores
1821 2332 1952 2385 vestros
1983 2331 2013 2384 et

337 2409 470 2491 plebem
503 2410 607 2473 sancti
635 2411 767 2475 Genesii
797 2431 896 2494 super
925 2415 1097 2478 ecclesiam
1129 2416 1170 2477 de
1193 2414 1416 2495 Grimagneto,
1449 2432 1469 2473 a
1499 2411 1732 2493 predecessore
1755 2419 1878 2484 nostro,
1914 2410 2012 2474 felicis

339 2499 495 2561 memorie
519 2519 607 2581 pape
631 2499 770 2575 Calixt0,
796 2502 915 2564 factam
945 2513 979 2566 et
1000 2505 1049 2566 sui
1072 2503 1184 2585 scripti
1209 2503 1331 2585 pagina
1355 2502 1552 2574 roboratam,
1584 2500 1666 2562 sicut
1689 2499 1722 2563 in
1746 2501 1816 2562 eius
1840 2501 2010 2581 priuilegio

339 2588 528 2650 distinctum
543 2598 600 2664 est,
616 2589 713 2653 vobis
728 2591 957 2656 nichilominus
973 2592 1212 2656 confirmamus.
1243 2591 1331 2656 Sane
1341 2592 1529 2673 prediorum
1542 2589 1611 2651 sive
1623 2588 1819 2652 allodionrm
1831 2601 2011 2652 vestrorum

337 2677 489 2750 decimas,
513 2698 534 2739 a
560 2679 649 2742 bone
672 2681 830 2743 memorie
854 2679 926 2744 Cot.
945 2678 977 2766 l),
1009 2683 1191 2746 Lucanensi
1222 2683 1390 2763 episcopo,
1420 2679 1516 2742 vobis
1540 2677 1689 2752 indultas,
1712 2679 1809 2742 vobis
1830 2679 2012 2760 vestrisque

337 2767 577 2830 successoribus
592 2769 662 2830 sine
679 2769 851 2850 questione
865 2771 974 2852 aliqua
990 2790 1181 2852 permanere
1197 2772 1368 2834 sancimus.
1404 2767 1575 2833 Sancimus
1593 2768 1701 2843 etiam,
1726 2777 1761 2829 ut
1777 2787 1838 2831 nec
1854 2767 2011 2849 episcopo

337 2876 397 2918 nec
420 2855 671 2938 archiepiscopo
695 2859 846 2940 cuiquam
871 2869 927 2922 aut
949 2880 1063 2923 eorum
1086 2861 1240 2923 ministris
1262 2858 1366 2934 liceat,
1395 2858 1503 2920 locum
1528 2857 1635 2938 ipsum
1659 2867 1715 2919 aut
1738 2857 1807 2918 eius
1831 2857 2011 2920 monachos

337 2964 398 3008 nec
421 2945 607 3009 adiacentes
630 2946 784 3010 ecclesias
808 2949 850 3011 de
865 2947 942 3012 Sala
963 2948 1137 3013 Marthana
1159 2970 1233 3013 cunr
1257 2948 1390 3031 capellis
1413 2947 1487 3022 suis,
1510 2946 1562 3008 vel
1586 2945 1794 3026 presbiteros,
1825 2947 1869 3008 ab
1895 2945 2012 3009 abbate

338 3032 383 3096 ibi
407 3035 609 3110 constitutos,
641 3043 751 3117 preter
772 3038 914 3100 Romani
946 3038 1112 3119 pontificis
1143 3039 1377 3102 conscientiam
1408 3035 1694 3099 excommunicare
1724 3045 1780 3097 aut
1811 3035 2010 3097 interdicere

338 3122 470 3199 Crisrna,
495 3123 604 3187 oleum
620 3133 777 3202 sanctum,
802 3129 1065 3191 consecrationes
1081 3129 1231 3192 altarium
1251 3149 1307 3190 seu
1323 3126 1539 3198 basilicarum,
1563 3123 1785 3186 ordinationes
1801 3143 2010 3187 monacorum

337 3211 405 3275 sive
437 3213 642 3288 clericorum,
674 3215 729 3297 qui
760 3215 803 3278 ad
834 3236 945 3280 sacros
976 3217 1107 3280 ordines
1131 3217 1248 3280 luerint
1279 3215 1513 3299 promovendi,
1545 3233 1565 3276 a
1593 3233 1802 3294 quocumque
1826 3214 2010 3287 malueritis,

337 3299 500 3364 catholico
525 3301 707 3384 suscipietis
730 3305 899 3386 episcopo.
946 3305 1154 3389 Sepulturam
1179 3327 1312 3389 quoque
1335 3306 1436 3386 ipsius
1460 3303 1523 3366 loci
1546 3300 1683 3365 liberam
1707 3322 1778 3365 esse
1798 3302 2010 3376 decernimus,

337 3401 374 3454 ut
396 3411 516 3468 eorum,
547 3391 601 3473 qui
625 3413 660 3454 se
685 3391 749 3455 illic
771 3394 900 3475 sepeliri
926 3395 1185 3472 deliberaverint,
1220 3395 1388 3458 devotioni
1413 3400 1447 3455 et
1469 3402 1614 3456 extreme
1637 3391 1807 3465 voluntati,
1836 3392 1900 3454 nisi
1936 3392 2011 3455 lorte

338 3480 611 3544 excommunicati
636 3489 669 3544 et
692 3482 855 3546 interdicti
880 3485 952 3560 sint,
984 3485 1089 3548 nullus
1122 3485 1269 3560 obsistat,
1300 3485 1523 3547 salvatamen
1546 3481 1668 3543 iustitia
1701 3481 1845 3543 matricis
1868 3481 2010 3544 ecclesie

338 3570 493 3634 Obeunte
514 3589 592 3632 vero
615 3576 657 3646 te,
689 3591 775 3634 nunc
799 3573 946 3636 eiusdem
969 3574 1033 3637 loci
1064 3575 1193 3650 abbate,
1224 3573 1276 3636 vel
1306 3583 1436 3636 tuorum
1466 3569 1614 3652 quolibet
1643 3588 1877 3644 successorum,
1912 3569 2011 3632 nullus

338 3659 384 3722 ibi
406 3658 553 3738 qualibet
579 3659 801 3740 subreptionis
832 3663 949 3726 astutia
980 3683 1037 3727 seu
1060 3665 1218 3727 violentia
1240 3671 1448 3744 preponatur,
1480 3660 1541 3722 nisi
1573 3677 1673 3739 quem·
1703 3660 1816 3722 fratres
1847 3659 2010 3722 communi

338 3768 506 3824 consensu,
536 3748 588 3811 vel
612 3747 747 3812 fratrum
769 3771 846 3831 pars
870 3753 995 3815 consilii
1030 3754 1168 3816 sanioris
1198 3753 1377 3815 secundum
1408 3749 1460 3812 dei
1492 3749 1645 3810 timorem
1674 3758 1707 3810 et
1729 3747 1818 3810 beati
1843 3747 2010 3811 Benedicti

338 3837 483 3919 regulam
507 3837 708 3919 providerint
732 3839 935 3921 eligendum3
982 3842 1104 3905 electus
1127 3853 1237 3905 autem
1261 3842 1302 3904 ad
1326 3842 1514 3904 Romanurn
1543 3835 1737 3919 pontificem
1768 3837 2010 3900 benedicendus

338 3927 482 3990 accedat.
528 3927 630 3989 Porro
668 3948 729 3990 nec
767 3930 987 3994 ecclesiastica
1018 3932 1212 3994 secularisve
1244 3939 1392 4012 potestas
1424 3946 1523 4009 super
1554 3925 1663 3988 locum
1693 3927 1800 4008 ipsum
1823 3926 2009 3990 violentiam

338 4027 394 4079 aut
424 4015 606 4078 dominium
637 4036 788 4080 exercere
819 4029 1001 4101 presumat,
1034 4030 1070 4083 ut
1102 4022 1192 4083 iuxta
1223 4020 1491 4102 predecessorum
1525 4025 1709 4077 nostrorum
1739 4015 1891 4097 Gregorii
1916 4030 1965 4078 vn
1979 4013 2009 4098 ¹),

337 4105 463 4169 Urbani
487 4117 513 4168 11
529 4101 569 4188 ²),
600 4105 742 4168 Pascalis
758 4103 796 4191 ⁹),
830 4107 949 4171 Calixti
967 4107 1000 4193 ²),
1032 4110 1170 4192 Eugenii
1188 4106 1222 4195 ³),
1253 4108 1418 4172 Anastasii
1438 4102 1472 4189 ²),
1502 4103 1642 4167 Adriani
1660 4102 1685 4189 ⁹)
1716 4114 1749 4167 et
1777 4103 1963 4168 Alexandri
1979 4101 2008 4187 ¹),

337 4191 560 4257 Romanorum
584 4194 786 4275 pontificum,
810 4199 1068 4273 constitutiones,
1099 4200 1141 4263 ab
1166 4199 1313 4261 omnium
1336 4196 1506 4260 hominurn
1531 4194 1608 4274 iugo
1631 4193 1722 4270 liber,
1745 4193 1807 4254 sub
1832 4194 2009 4274 apostolice

336 4284 424 4346 sedis
447 4293 574 4346 tantum
597 4282 664 4346 iure
687 4304 726 4346 ac
750 4285 875 4348 ditione
906 4295 1097 4368 permaneat
1119 4289 1228 4369 sitque
1250 4307 1381 4368 semper
1403 4285 1472 4347 eius
1494 4282 1569 4345 filiis
1592 4283 1705 4364 refugii
1729 4293 1845 4363 portus
1861 4289 1896 4345 et
1913 4283 2008 4345 domi-

337 4372 445 4435 cilium
475 4373 671 4448 securitatis,
703 4383 738 4435 ut
769 4394 811 4436 ex
843 4396 884 4437 eo
913 4377 1073 4456 proximis
1105 4388 1138 4440 et
1169 4377 1274 4438 forma
1296 4376 1449 4438 virtutum
1483 4381 1516 4434 et
1547 4372 1655 4435 lumen
1684 4371 1839 4452 effulgeat
1862 4372 2007 4435 caritatis

337 4461 552 4524 Decernimus
575 4481 662 4543 ergo,
694 4468 729 4523 ut
752 4463 830 4525 nulli
855 4466 991 4527 omnino
1014 4464 1184 4528 hominurn
1215 4465 1320 4538 liceat,
1353 4463 1517 4546 prelatum
1547 4462 1812 4524 monasterium.
1838 4509 1845 4524 .
1871 4510 1878 4523 .
1905 4462 2009 4524 usibus

338 4551 536 4613 omnimodis
568 4550 752 4630 profutura,
792 4552 882 4614 salva
912 4555 1093 4635 apostolice
1124 4555 1211 4618 sedis
1243 4555 1445 4617 auctoritate.
1500 4548 1535 4613 Si
1567 4570 1631 4632 qua
1660 4552 1819 4633 igitur..
1846 4599 1852 4612 .
1882 4549 2009 4614 Cunctis

338 4649 447 4702 autem
472 4687 478 4701 .
504 4687 510 4700 .
534 4686 542 4700 .
566 4639 742 4702 inveniant.
788 4640 907 4704 Amen.
930 4642 1021 4706 Am.
1045 4641 1165 4708 Amen.

550 4727 603 4807 (R)
627 4729 700 4810 Ego
724 4728 843 4793 Lucius
867 4730 1028 4796 catholice
1052 4734 1188 4796 ecclesie
1212 4735 1388 4815 episcopus
1411 4751 1452 4794 ss.
1478 4730 1541 4808 (M)

549 4814 570 4896 †
593 4815 664 4899 Ego
688 4817 878 4883 Theodinus
901 4822 1087 4885 Portuensis
1112 4833 1144 4886 et
1167 4834 1279 4884 sancte
1302 4821 1420 4884 Rufine
1444 4819 1620 4900 episcopus
1643 4837 1683 4879 ss.

549 4940 592 4950 —
615 4902 636 4987 †
659 4906 732 4988 Ego
756 4907 917 4972 lohannes
940 4912 986 4973 tit.
1011 4914 1113 4974 sancti
1138 4911 1241 4974 Marci
1266 4909 1427 4993 presbiter
1450 4905 1620 4970 cardinalis
1642 4925 1684 4967 ss.

549 4995 570 5070 †
593 4995 666 5076 Ego
689 4996 857 5062 Arduinus
881 5000 1042 5082 presbiter
1065 5001 1237 5064 cardinalis
1262 5001 1310 5061 tit.
1335 4999 1440 5061 sancti
1463 4994 1575 5059 Crucis
1598 4995 1631 5056 in
1654 4993 1828 5057 Ierusalem
1853 5015 1896 5057 ss.

551 5081 571 5164 †
594 5084 667 5166 Ego
690 5085 861 5150 Laborans
885 5090 1045 5170 presbiter
1068 5091 1240 5152 cardinalis
1256 5097 1369 5151 sancte
1386 5087 1488 5148 Marie
1504 5085 1741 5147 Transtiberim
1763 5084 1812 5145 tit.
1830 5081 1950 5146 Calixti
1969 5099 2003 5142 ss.

550 5207 593 5218 —
616 5170 637 5255 †
659 5174 733 5254 Ego
756 5175 926 5240 Rainerius
950 5178 1108 5241 diaconus
1132 5178 1304 5241 cardinalis
1328 5175 1431 5239 sancti
1454 5174 1588 5254 Georgii
1612 5173 1655 5236 ad
1671 5173 1791 5236 Velum
1815 5191 1948 5235 aureum
1968 5188 2002 5230 ss

497 5259 573 5324 Dat.
590 5259 734 5338 Velletri,
760 5285 819 5346 per
834 5285 966 5329 manum
982 5267 1121 5341 Alberti,
1145 5277 1257 5330 sancte
1274 5267 1425 5328 Romane
1441 5263 1579 5326 ecclesie
1594 5262 1765 5345 presbiteri
1791 5261 1962 5324 cardinalis
1975 5267 2003 5318 et

338 5347 529 5410 cancellarii.
569 5364 605 5412 vr
621 5350 697 5414 Idus
712 5352 918 5418 Novembris.
949 5357 1132 5419 Indictione
1147 5357 1261 5437 prima.
1294 5354 1530 5417 Incarnationis
1547 5351 1708 5415 dominice
1723 5371 1813 5414 anno
1829 5357 2002 5412 Mcmxtl·

337 5436 550 5500 Pontificatus
572 5460 651 5502 vero
676 5441 787 5504 domni
811 5443 903 5508 Lucii
927 5464 1014 5526 pape
1037 5460 1076 5507 111
1100 5465 1187 5507 anno
1211 5445 1367 5507 secundo.

497 5552 621 5616 Abrchrrfl
640 5553 671 5606 G.
696 5555 763 5603 VIII
775 5558 827 5607 143
840 5565 867 5622 p.
889 5561 947 5618 1711,
967 5559 993 5608 r'n
1011 5560 1054 5609 der
1071 5559 1134 5608 Bibl.
1158 5557 1278 5623 chigiano
1296 5575 1326 5606 ru
1344 5561 1414 5607 Rom.

339 5639 419 5648 ...—--
461 5643 558 5648 --.—.
595 5643 759 5652 ——-—.

501 5679 524 5734 1)
549 5673 621 5724 Wr'rd
639 5675 798 5743 Godffredus)
815 5679 873 5738 rein,
892 5679 996 5744 Bisthos
1006 5696 1054 5730 von
1072 5681 1162 5738 Lucra,
1181 5695 1202 5728 c.
1222 5679 1289 5728 1089
1312 5696 1366 5730 -c.
1385 5679 1460 5729 1098.
1540 5678 1567 5744 2)
1586 5675 1682 5726 Screirv
1698 5673 1765 5723 nicar
1781 5674 1890 5724 nautea
1907 5689 1936 5720 ru
1952 5665 2001 5718 seir·

340 5750 366 5808 3)
390 5744 505 5795 ortunae
522 5761 576 5794 vem
596 5751 611 5795 1
634 5747 702 5825 me'
722 5751 791 5799 1152.
