4126 6366
1681 347 1746 436 369

816 535 883 615 Nr.
909 540 999 616 425.

55 663 220 732 clamem
236 665 301 733 III
311 666 471 754 bewillzgt
490 667 564 731 dem
580 667 680 734 Prior
694 670 790 734 Peter
811 693 871 736 von
888 670 955 736 San
972 672 1137 736 Leonardo
1154 671 1213 754 (D.
1230 670 1389 756 Sapunto),
1402 674 1473 753 aus
1489 674 1592 738 etitem
1612 673 1745 738 Grund-

131 757 243 821 stttcke
258 759 292 821 in
307 759 425 838 Lam,
439 757 574 822 welches
589 779 626 821 er
638 780 679 822 zu
694 759 801 844 Eigen
815 761 872 826 des
886 761 963 826 hez'l.
980 761 1096 826 Petrus
1110 763 1235 842 nimmt,
1249 762 1320 826 eine
1336 759 1460 826 Kirclzc
1473 784 1514 826 zu
1528 764 1674 829 erbauen.

684 878 768 939 1189
784 877 882 942 Mltra
896 880 945 941 18.
976 877 1132 941 Lateran.

230 988 399 1054 CLEMENS
422 990 605 1073 episcopus,
635 1011 746 1055 servus
776 1013 944 1057 servorum
972 993 1035 1070 dei,
1067 993 1190 1058 dilecto
1215 993 1282 1057 filio
1306 991 1430 1080 P(etro)
1450 994 1486 1081 a),
1519 996 1617 1077 priori
1641 999 1744 1058 sancti

52 1077 250 1156 Leonardi,
285 1075 424 1143 salutem
456 1087 489 1144 et
518 1081 736 1163 apostolicam
769 1082 1039 1146 benedictionem.
1067 1079 1072 1168 Ι
1102 1081 1263 1165 Quotiens
1295 1105 1315 1147 a
1345 1083 1441 1147 nobis
1473 1087 1612 1167 petitur,
1652 1086 1744 1164 quod

42 1165 232 1232 'honestati
257 1176 289 1232 et
312 1167 459 1251 religioni
490 1172 665 1233 convenire
694 1171 887 1249 dinoscitur,
917 1175 1026 1235 animo
1056 1192 1116 1235 nos
1147 1173 1242 1237 decet
1262 1171 1290 1258 b)
1322 1173 1447 1257 lilbenti
1478 1175 1667 1237 concedere
1712 1182 1745 1238 et

51 1260 251 1339 petentium
274 1258 444 1322 desideriis
468 1278 647 1341 congruum
671 1259 859 1343 suffragium
885 1260 1049 1344 impertiri.
1095 1262 1290 1346 Eapropter,
1323 1263 1441 1327 dilecte
1472 1263 1501 1326 in
1534 1265 1669 1326 domino
1693 1262 1744 1339 fili,

51 1349 130 1410 tuis
154 1349 247 1411 iustis
270 1347 546 1430 postulationibus
569 1357 664 1430 grato
688 1359 919 1414 concurrentes
943 1370 1093 1426 assensu,
1126 1352 1264 1414 fundum
1296 1351 1377 1428 loci,
1411 1354 1467 1433 qui
1492 1353 1611 1416 dicitur
1632 1353 1744 1429 Lama,

53 1437 104 1498 de
133 1457 233 1500 manu
264 1445 321 1501 tua
351 1439 547 1520 recipientes
586 1437 648 1501 sub
680 1459 778 1503 censu
809 1442 903 1504 unius
936 1439 1018 1504 libre
1049 1459 1124 1504 cere
1156 1443 1188 1504 in
1218 1442 1453 1524 proprietatem
1485 1441 1574 1505 beati
1596 1444 1682 1506 Petri
1712 1451 1746 1506 et

53 1535 225 1603 nostram,
248 1527 385 1590 liberam
408 1528 469 1590 tibi
492 1528 703 1591 concedimus
727 1528 916 1593 facultatem
947 1533 1017 1594 sine
1040 1530 1220 1610 preludicio
1244 1532 1421 1595 vicinarum
1446 1531 1655 1595 ecclesiarum
1684 1531 1744 1595 tibi

54 1615 243 1680 ecelesiam
272 1616 497 1693 construendi,
536 1635 616 1696 que,
648 1616 850 1704 mediantefi)
881 1620 1021 1683 ecclesia
1052 1620 1155 1682 sancti
1185 1620 1365 1696 Leonardi,
1395 1619 1472 1683 nulli
1502 1622 1564 1683 nisi
1594 1621 1745 1685 Romane

54 1705 208 1769 ecclesie
230 1705 352 1769 debeat
375 1706 584 1789 respondere.
630 1705 716 1769 Nulli
738 1727 818 1790 ergo
842 1711 977 1772 omnino
1008 1707 1178 1772 hominum
1207 1709 1320 1786 liceat,
1351 1708 1434 1772 hanc
1459 1710 1610 1792 paginam
1634 1719 1744 1774 nostre

54 1794 326 1858 confirmationis
349 1795 522 1877 infringere
545 1794 597 1858 vel
620 1797 649 1860 ei
672 1817 751 1860 ausu
775 1797 949 1862 temerario
973 1801 1144 1862 contraire.
1190 1798 1225 1863 Si
1249 1799 1320 1879 quis
1340 1805 1450 1862 autem
1466 1795 1532 1862 hoc
1548 1808 1745 1882 attemptare

55 1887 314 1966 presumpserit,
336 1885 593 1967 indignationem
618 1887 853 1968 omnipotentis
883 1889 938 1950 dei
969 1897 1003 1952 et
1026 1889 1197 1953 beatorum
1222 1886 1309 1950 Petri
1341 1895 1374 1950 et
1396 1887 1495 1964 Pauli,
1517 1889 1744 1971 apostolorum

55 1976 145 2050 eius,
176 1993 213 2038 se
250 1972 390 2058 nolverit
421 1975 631 2038 incursurum.
663 2011 707 2021 —
735 1974 810 2038 Dat.
841 1977 1007 2054 Laterani,
1038 1993 1087 2042 xv
1114 1976 1168 2039 Kl.
1192 1976 1353 2063 Aprile).
1400 1975 1612 2042 Pontificatus
1642 1979 1744 2043 nostri

56 2083 154 2128 anno
178 2065 335 2128 secundo.
1080 2099 1085 2106 ·

232 2179 275 2231 Or.
295 2179 451 2245 (Pergamon
467 2179 495 2229 di
515 2179 590 2230 Curia
607 2181 662 2229 eccl.
682 2179 701 2229 l
702 2187 719 2249 Ι,
738 2179 771 2230 im
788 2179 902 2232 Archfvr'o
920 2181 947 2230 di
963 2181 1030 2230 Statu
1046 2197 1077 2230 zu
1093 2181 1190 2246 ll'eapael.

814 2465 880 2541 Nr.
906 2471 996 2544 426.

64 2595 218 2662 Clemens
235 2597 300 2662 III
310 2598 428 2662 nimmt
441 2599 503 2662 das
520 2595 652 2662 Kloster
670 2596 840 2662 Casanova
856 2598 915 2668 (D.
941 2597 1070 2683 Terina)
1088 2599 1122 2662 in
1136 2595 1365 2682 apostolcschen
1381 2597 1500 2664 Schutz
1514 2600 1584 2664 und
1595 2599 1746 2686 bestdtigt

604 2687 692 2751 scine
710 2687 944 2752 Besitathtlmer
957 2688 1026 2753 und
1037 2689 1159 2754 Recta
1176 2690 1213 2774 ι).

683 2805 766 2868 1189
782 2802 880 2868 Mlira
893 2806 950 2868 23.
983 2804 1134 2868 Lateran.

228 2917 379 2983 Clemens
411 2921 604 3002 episcopus,
632 2939 744 2984 servus
771 2940 939 2985 servorum
970 2919 1042 2996 dei,
1072 2919 1199 2984 dilectis
1230 2920 1306 2985 filiis
1330 2919 1456 2996 Mauro,
1488 2919 1600 2984 abbati
1630 2929 1744 2984 sancte

64 3003 172 3069 Marie
194 3007 239 3071 de
262 3008 345 3072 Casa
368 3029 461 3084 nova,
484 3011 620 3090 eiusque
644 3009 805 3086 fratribus,
837 3017 904 3073 tam
928 3008 1132 3092 presentibus
1156 3029 1254 3090 quam
1285 3009 1409 3086 futuris,
1440 3009 1623 3092 regularem
1645 3011 1744 3074 vitam

64 3094 235 3176 professis,
258 3112 297 3161 nv
320 3109 397 3162 ΡΡΜ.
421 3135 464 3146 -
485 3094 490 3182 Ι
510 3098 712 3180 Religiosam
735 3099 834 3162 vitam
863 3098 1058 3181 eligentibus
1089 3099 1309 3183 apostolicum
1340 3101 1494 3164 convenit
1524 3099 1641 3162 adesse
1673 3120 1745 3182 pre-

64 3184 198 3262 sidium,
228 3207 269 3250 ne
292 3187 377 3251 forte
400 3187 577 3252 cuiuslibet
599 3189 792 3252 temeritatis
815 3188 959 3252 incursus
981 3197 1038 3252 aut
1061 3208 1119 3252 eos
1142 3210 1162 3252 a
1185 3191 1359 3273 proposito
1391 3195 1523 3252 revocet
1553 3197 1609 3252 aut
1637 3190 1746 3264 robur,

65 3275 162 3354 quod
185 3275 280 3353 absit,
312 3297 404 3341 sacre
426 3275 590 3360 religionis
613 3277 774 3360 infringat.
795 3274 800 3363 Ι
821 3277 1024 3360 Eapropter,
1057 3279 1169 3342 dilecti
1200 3281 1231 3342 in
1256 3279 1392 3342 domino
1415 3276 1489 3353 filii,
1519 3277 1633 3342 vestris
1656 3277 1747 3341 iustis

65 3365 351 3448 postulationibus
381 3365 559 3431 clementer
586 3368 756 3430 annuimus
802 3376 837 3429 et
865 3366 1029 3450 prefatum
1060 3370 1293 3432 monasterium
1325 3375 1438 3431 sancte
1462 3367 1566 3431 Marie
1597 3367 1640 3431 de
1664 3367 1748 3431 Casa

65 3475 169 3530 nova,
201 3455 232 3518 in
264 3476 331 3538 quo
362 3457 472 3520 divino
495 3459 573 3520 estis
604 3456 766 3539 obsequio
799 3457 988 3538 mancipati,
1018 3456 1080 3520 sub
1104 3456 1191 3520 beati
1215 3456 1302 3521 Petri
1336 3465 1369 3521 et
1399 3465 1511 3520 nostra
1541 3459 1749 3540 protectione

63 3545 264 3628 suscipimus
288 3553 321 3610 et
344 3546 502 3630 presentis
524 3547 637 3628 scripti
665 3546 833 3628 privilegio
857 3548 1107 3610 communimus.
1152 3547 1187 3609 ln
1219 3548 1332 3629 primis
1363 3546 1524 3626 siquidem
1555 3553 1745 3620 statuentes,

63 3643 103 3698 ut
126 3635 213 3698 ordo
228 3637 437 3710 monasticus,
460 3635 514 3717 qui
536 3634 715 3699 secundum
739 3635 837 3698 deum
862 3644 897 3698 et
918 3634 1007 3698 beati
1022 3635 1193 3699 Benedicti
1217 3635 1361 3719 regulam
1385 3643 1485 3717 atque
1507 3635 1745 3699 institutionem

64 3722 331 3788 Cisterciensium
355 3724 488 3788 fratrum
512 3724 545 3787 in
569 3726 687 3788 eodem
710 3724 785 3788 loco
809 3725 975 3787 institutus
999 3743 1072 3788 esse
1094 3723 1280 3800 dinoscitur,
1311 3725 1479 3808 perpetuis
1509 3723 1632 3788 ibidem
1663 3732 1745 3788 tem·

63 3813 207 3896 poribus
228 3813 459 3878 inviolabiliter
482 3812 683 3878 observetur.
730 3812 891 3890 Preterea,
914 3831 1139 3896 quascumque
1163 3814 1398 3897 possessiones,
1426 3832 1634 3895 quecumque
1656 3812 1745 3876 bona

62 3902 156 3966 idem
189 3905 425 3968 monasterium
455 3905 540 3967 iuste
570 3911 604 3966 et
634 3905 790 3966 canonice
822 3903 970 3986 possidet
1001 3911 1057 3966 aut
1086 3905 1118 3966 in
1141 3903 1283 3968 futurum
1307 3905 1520 3966 concessione
1543 3901 1744 3986 pontificum,

63 3991 238 4074 largitione
270 4012 384 4076 regum
413 3992 465 4056 vel
496 3992 694 4076 principum,
729 3991 898 4056 oblatione
927 3992 1073 4056 fidelium
1104 4013 1163 4056 seu
1194 3992 1265 4057 aliis
1295 3994 1387 4056 iustis
1418 3993 1545 4068 modis,
1575 3999 1745 4075 prestante

64 4081 221 4156 domino,
254 4085 376 4166 poterit
405 4081 559 4166 adipisci,
591 4080 683 4144 firma
705 4080 801 4144 vobis
824 4083 1006 4162 vestrisque
1036 4081 1279 4146 successoribus
1312 4090 1346 4145 et
1374 4080 1498 4144 illibata
1521 4088 1744 4164 permaneant.

63 4171 103 4234 ln
134 4171 253 4253 quibus
291 4170 353 4236 hec
383 4173 523 4255 propriis
556 4166 733 4257 du[ximus]
769 4171 986 4253 exprimenda
1016 4171 1202 4236 vocabulis:
1241 4170 1406 4235 abbatiam
1439 4167 1521 4234 Case
1551 4190 1636 4234 nove
1669 4191 1742 4234 cum

64 4260 223 4324 omnibus
251 4263 453 4345 pertinentiis
484 4261 568 4338 suis,
591 4261 768 4343 grangiam,
793 4279 857 4342 que
881 4267 931 4323 est
953 4263 1046 4324 iuxta
1068 4260 1243 4339 abbatiam,
1268 4281 1341 4324 cum
1367 4259 1519 4324 omnibus
1542 4260 1744 4343 pertinentiis

63 4351 142 4426 suis,
172 4351 338 4433 grangiam
362 4349 501 4414 Balcher
522 4370 597 4414 cum
620 4351 824 4432 pertinentiis
852 4349 926 4426 suis,
957 4350 1124 4433 grangiam
1148 4349 1307 4414 Silvarole
1340 4370 1413 4412 cum
1445 4350 1648 4433 pertinentiis
1670 4350 1744 4425 suis,

63 4441 236 4522 grangiam
260 4438 407 4504 Cevoleti
437 4460 512 4503 cum
544 4439 747 4522 pertinentiis
768 4441 844 4515 suis,
873 4442 1042 4522 grangiam
1066 4439 1213 4504 Fontane
1232 4439 1262 4526 d)
1293 4459 1407 4522 sparse
1437 4459 1511 4502 cum
1545 4439 1743 4522 pertinentiis

63 4530 142 4606 suis,
174 4531 343 4612 grangiam
367 4528 484 4592 Rivole
507 4529 551 4592 de
573 4526 663 4591 Alba
687 4548 760 4591 cum
785 4530 990 4610 pertinentiis
1013 4529 1086 4604 suis,
1118 4531 1286 4612 grangiam
1318 4530 1415 4592 turris
1442 4549 1516 4592 cum
1540 4529 1743 4611 pertinentiis

63 4619 145 4694 suis,
178 4619 314 4683 domum
346 4619 483 4683 Caracte
513 4619 556 4681 de
579 4616 650 4680 Ker
680 4637 753 4680 cum
785 4617 988 4700 pertinentiis
1018 4619 1092 4681 suis.
1138 4616 1225 4681 Sane
1254 4616 1404 4681 laborum
1428 4626 1628 4694 vestrorum,
1659 4636 1743 4697 quos

64 4708 210 4790 propriis
234 4708 384 4772 manibus
406 4715 463 4771 aut
485 4707 670 4790 sumptibus
694 4704 807 4782 colitis,
837 4709 906 4770 sive
930 4706 972 4770 de
995 4709 1201 4771 nutrimentis
1223 4705 1409 4770 animalium
1433 4714 1618 4770 vestrorum
1641 4705 1743 4768 nullus

64 4816 85 4859 a
107 4797 203 4860 vobis
233 4797 378 4862 decimas
408 4798 542 4879 exigere
564 4795 617 4859 vel
647 4804 846 4878 extorquere
876 4805 1051 4878 presumat
1097 4797 1209 4860 Liceat
1239 4815 1373 4878 quoque
1394 4795 1500 4872 vobiS,
1531 4794 1668 4859 clericos
1691 4794 1743 4858 vel

64 4885 168 4950 laicos
192 4905 211 4949 e
232 4887 346 4951 seculo
368 4887 538 4969 fugientes,
562 4885 684 4948 liberos
708 4893 742 4949 et
763 4883 942 4962 absolutos,
965 4887 1008 4948 ad
1033 4887 1277 4950 conversionem
1302 4894 1444 4949 vestram
1468 4885 1612 4968 recipere
1629 4893 1662 4947 et
1685 4904 1742 4948 eos

62 4975 133 5040 sine
156 4977 414 5041 contradictione
435 4975 545 5057 aliqua
568 4975 716 5038 retinere.
761 4973 976 5038 Prohibemus
1000 4977 1141 5058 insuper,
1166 4995 1207 5038 ne
1231 4973 1286 5038 ulli
1309 4973 1443 5039 fratrum
1461 4983 1643 5038 vestrorum
1664 4981 1742 5055 post

64 5065 185 5130 factam
209 5068 242 5130 in
265 5066 384 5131 eodem
408 5066 484 5130 loco
508 5063 747 5146 professionem
777 5063 823 5126 fas
854 5064 911 5140 sit,
942 5064 1010 5128 sine
1040 5063 1170 5128 abbatis
1200 5067 1249 5128 sui
1281 5062 1411 5128 licentia
1442 5065 1486 5128 de
1516 5064 1635 5128 eodem
1666 5062 1741 5127 loco

64 5155 245 5220 discedere.
297 5155 534 5220 Discedentem
565 5173 643 5217 vero
675 5153 800 5233 absque
830 5156 1053 5217 communium
1085 5153 1264 5217 litterarum
1298 5155 1449 5218 cautione
1486 5152 1592 5217 nullus
1622 5152 1742 5215 audeat

63 5247 214 5322 retinere,
246 5246 336 5327 quod
360 5246 388 5308 si
412 5244 483 5327 quis
506 5263 564 5307 eos
587 5242 674 5306 forte
697 5242 834 5306 retinere
857 5244 1103 5326 presumpserit,
1134 5242 1232 5307 liceat
1254 5241 1358 5318 vobis,
1382 5245 1414 5306 in
1444 5243 1533 5326 ipsos
1561 5240 1740 5306 monachos

63 5342 191 5398 vestros
212 5335 282 5398 sive
305 5353 481 5399 conversos
504 5333 700 5397 sententiam
724 5331 906 5413 regularem
927 5351 971 5396 ex
987 5340 1099 5396 nostra
1114 5333 1306 5396 auctoritate
1322 5331 1478 5414 proferre.
1515 5332 1591 5395 Paci
1608 5349 1741 5411 quoque

63 5433 97 5488 et
126 5422 352 5504 tranquillitati
382 5431 491 5488 vestre
522 5429 659 5505 paterna
689 5420 909 5484 sollicitudine
940 5421 1113 5504 providere
1136 5419 1299 5496 volentes,
1335 5421 1527 5485 auctoritate
1557 5419 1741 5504 apostolica

62 5511 294 5596 prohibemus,
325 5533 365 5577 ne
398 5512 481 5576 infra
511 5511 674 5574 clausuras
703 5509 851 5574 locorum
879 5529 936 5575 seu
960 5513 1166 5594 grangiarum
1190 5519 1369 5574 vestrarum
1393 5508 1475 5574 ullus
1505 5510 1650 5593 rapinam
1674 5509 1741 5574 sive

145 5646 327 5654 --.-———-·

223 5709 249 5770 ι)
275 5706 346 5757 Wold
360 5707 405 5757 mz'!
420 5707 525 5756 anderer
541 5705 617 5755 Dinte
633 5705 784 5771 eingetragm
853 5705 881 5764 b)
900 5719 930 5754 ee
948 5704 1001 5769 uus
1013 5705 1099 5752 Rusur
1176 5704 1200 5769 c)
1219 5703 1343 5754 theffwtise
1360 5703 1412 5768 arcs
1426 5705 1510 5754 ll'nsur
1581 5702 1608 5768 dr·
1627 5717 1643 5751 o
1662 5702 1740 5751 durch

63 5779 201 5830 Abneklur
217 5795 264 5828 uus
281 5793 296 5828 u
314 5779 455 5844 hergestellt.
474 5819 499 5824 -
511 5818 527 5824 -
547 5780 583 5846 .t)
608 5777 683 5842 l'ergl.
702 5777 739 5825 die
761 5775 878 5826 Urkunde
895 5792 949 5825 vom
971 5780 983 5824 l
1004 5774 1076 5824 Md'n
1100 5777 1170 5825 1139.

113 5891 134 5920 v.
150 5875 444 5927 strunt-flantem,
461 5876 518 5918 Aeta
531 5875 575 5916 111.
1507 5869 1541 5922 47
