4090 6358
1690 341 1730 412 45

61 518 229 602 largitione
252 536 367 600 regum
389 515 442 579 vel
464 515 659 598 principum,
693 512 862 580 oblatione
892 513 1037 580 fidelium
1060 535 1118 580 seu
1149 517 1219 580 aliis
1241 517 1332 581 iustis
1355 517 1464 582 modis
1496 518 1559 582 deo
1587 520 1733 602 propitio

60 608 206 691 poteritis
229 607 377 689 adipisci,
402 605 496 668 firma
518 605 614 668 vobis
636 605 818 685 vestrisque
833 606 1075 670 successoribus
1091 615 1124 671 et
1143 607 1269 670 illibata
1283 618 1508 689 permaneant.
1554 609 1592 672 In
1615 609 1734 691 quibus

61 699 120 761 hec
143 697 284 780 propriis
308 696 460 760 duximus
484 693 701 776 exprimenda
723 694 910 759 vocabulis:
950 705 1100 777 quartam
1129 705 1257 778 partem
1289 696 1489 761 decimarum
1520 707 1553 762 et
1584 709 1735 780 quartam
1786 690 1788 700 ’

61 798 185 870 partem
208 787 343 873 antique
365 784 583 868 possessionis
605 784 708 866 ipsius
732 783 880 862 ecclesie,
914 784 1109 862 oblationes,
1134 805 1198 872 que
1221 786 1254 849 in
1284 786 1356 868 ipsa
1379 786 1517 851 ecclesia
1540 809 1561 850 a
1583 788 1734 854 fidelibus

62 876 244 939 offeruntur.
292 875 594 943 Commutationem
618 893 751 954 quoque
774 882 866 949 terre,
899 894 963 961 que
986 875 1078 938 iuxta
1101 875 1240 938 eandem
1264 874 1436 938 ecclesiam
1457 877 1521 940 sita
1544 887 1602 954 est,
1634 896 1734 959 quam

60 987 118 1050 pro
134 965 324 1048 plantandis
339 965 442 1028 vineis
459 983 533 1027 cum
557 963 723 1026 canonicis
746 965 879 1027 maioris
900 964 1161 1037 Terdonensis1)
1185 964 1322 1028 ecclesie
1344 964 1581 1030 rationabiliter
1604 966 1733 1044 lecistis,

61 1065 162 1119 ratam
177 1074 311 1118 manere
335 1073 514 1118 censemus.
560 1051 647 1117 Sane
671 1051 821 1115 laborum
836 1063 1027 1130 vestrorum,
1052 1073 1135 1136 quos
1154 1054 1296 1136 propriis
1312 1054 1463 1119 manibus
1479 1065 1535 1120 aut
1549 1057 1734 1137 sumptibus

61 1144 172 1222 colitis,
202 1145 272 1208 sive
302 1144 344 1207 de
375 1143 578 1206 nutrimentis
611 1151 793 1205 vestrorum
827 1143 1032 1220 animalium,
1072 1143 1178 1206 nullus
1215 1144 1350 1207 omnino
1386 1144 1520 1208 clericus
1552 1145 1604 1208 vel
1634 1145 1734 1209 laicus

61 1235 202 1298 decimas
225 1255 245 1296 a
267 1234 363 1297 vobis
387 1233 519 1314 exigere
542 1241 716 1313 presumat.
764 1232 917 1296 Obeunte
940 1253 1019 1295 vero
1043 1243 1084 1309 te,
1113 1251 1200 1297 nunc
1223 1232 1369 1296 eiusdem
1391 1234 1455 1297 loci
1479 1236 1658 1317 preposito,
1681 1233 1734 1298 vel

60 1335 187 1387 tuorum
211 1323 361 1405 quolibet
383 1340 617 1398 successorum,
649 1319 754 1383 nullus
782 1321 828 1384 ibi
853 1322 1000 1403 qualibet
1023 1323 1235 1404 surreptionis
1258 1323 1378 1386 astutia
1407 1323 1460 1386 vel
1482 1323 1639 1388 violentia
1662 1345 1733 1406 pre·

61 1423 208 1496 ponatur,
239 1414 299 1476 sed
332 1412 428 1475 liceat
457 1411 563 1486 vobis,
596 1411 762 1473 communi
793 1411 929 1474 consilio
952 1411 1004 1474 vel
1034 1413 1119 1493 parti
1144 1412 1270 1475 consilii
1302 1412 1439 1476 sanioris
1471 1414 1651 1476 secundum
1680 1413 1732 1477 dei

60 1504 208 1566 timorem
236 1510 271 1566 et
300 1501 389 1565 beati
412 1499 589 1583 Augustini
625 1499 771 1581 regulam
802 1500 929 1580 absque
960 1500 1055 1564 ullius
1085 1502 1346 1565 contradictione
1376 1503 1582 1584 prepositum
1605 1503 1732 1586 eligere.

60 1593 272 1655 Decernimus
296 1611 384 1672 ergo,
417 1600 452 1653 ut
482 1589 559 1652 nulli
590 1589 726 1651 omnino
749 1586 921 1652 hominurn
944 1591 1048 1668 liceat,
1080 1591 1145 1654 iam
1170 1591 1292 1654 dictam
1315 1590 1487 1655 ecclesiam
1517 1601 1639 1656 temere
1662 1613 1733 1675 per·

61 1681 188 1745 turbare
217 1690 275 1744 aut
305 1681 374 1744 eius
404 1680 630 1764 possessipnes
662 1679 787 1754 auferre
817 1678 869 1742 vel
902 1679 1029 1744 ablatas
1060 1681 1214 1758 retinere,
1255 1682 1400 1744 minuere
1437 1701 1495 1744 seu
1534 1682 1734 1764 quibuslibet

61 1770 214 1834 molestiis
238 1771 384 1852 fatigare,
415 1769 474 1832 sed
497 1769 610 1833 omnia
633 1769 760 1850 integra
783 1780 1015 1833 conserventur
1037 1790 1159 1846 eorum,
1191 1791 1252 1852 pro
1277 1791 1416 1852 quorum
1438 1771 1678 1853 gubernatione
1701 1780 1735 1834 et

60 1861 295 1924 sustentatione
327 1879 485 1922 concessa
516 1866 608 1934 sunt,
642 1858 753 1920 usibus
786 1858 987 1922 omnimodis
1016 1858 1201 1942 profutura,
1233 1860 1324 1923 salva
1346 1860 1568 1924 Terdonensis
1598 1859 1733 1924 ecclesie

61 1951 217 2014 canonica
239 1949 362 2014 iustitia
385 1958 419 2012 et
437 1947 467 2028 a)
492 1947 673 2030 apostolice
696 1948 784 2010 sedis
800 1949 989 2012 reverentia.
1035 1948 1070 2012 Si
1095 1969 1160 2031 qua
1176 1950 1273 2031 igitur
1288 1950 1320 2012 in
1341 1950 1483 2014 futurum
1514 1950 1735 2014 ecclesiastica

61 2039 250 2103 secularisve
273 2059 424 2121 persona,
448 2037 533 2101 hanc
556 2046 667 2100 nostre
688 2037 930 2114 constitutionis
946 2038 1103 2120 paginam
1126 2040 1240 2116 sciens,
1265 2049 1379 2102 contra
1395 2059 1469 2103 eam
1486 2048 1608 2103 temere
1623 2041 1734 2104 venire

61 2129 281 2210 temptaverit,
317 2127 463 2191 secundo
498 2129 637 2190 tertiove
667 2127 885 2203 commonita,
917 2128 944 2191 si
975 2147 1042 2190 non
1072 2128 1296 2191 satisfactione
1327 2149 1472 2211 congrua
1502 2129 1733 2206 emendaverit,

61 2220 230 2301 potestatis
248 2215 281 2300 b)
318 2217 520 2299 honorisque
550 2218 598 2279 sui
632 2215 792 2298 dignitate
824 2226 932 2279 careat
969 2237 1124 2298 reamque
1156 2239 1191 2281 se
1226 2218 1337 2280 divino
1369 2218 1489 2282 iudicio
1521 2219 1660 2282 existere
1692 2219 1734 2281 de

61 2319 246 2390 perpetrata
269 2307 441 2389 iniquitate
473 2315 662 2388 cognoscat,
693 2315 726 2368 et
749 2326 768 2368 a
791 2307 1010 2369 sacratissimo
1035 2325 1174 2389 corpore
1205 2326 1244 2369 ac
1273 2308 1431 2389 sanguine
1456 2307 1508 2370 dei
1539 2317 1572 2370 et
1600 2307 1733 2384 domini,

62 2398 276 2479 redemptoris
299 2397 402 2461 nostri
425 2397 497 2459 lesu
522 2395 651 2471 Christi,
682 2395 879 2472 alienafiat,
911 2406 1010 2477 atque
1033 2397 1065 2459 in
1099 2407 1246 2460 extremo
1270 2398 1422 2460 examine
1450 2396 1595 2460 districte
1618 2397 1734 2460 ultioni

62 2486 232 2550 subiaceat.
280 2485 413 2552 Cunctis
446 2493 564 2562 autern,
597 2486 706 2548 eidem
736 2486 811 2547 loco
842 2485 926 2548 iusta
948 2486 1162 2562 servantibus,
1190 2481 1196 2571 l
1223 2486 1266 2550 sit
1295 2506 1364 2568 pax
1387 2486 1511 2550 domini
1536 2487 1638 2549 nostri
1661 2486 1733 2550 Iesu

63 2575 184 2654 Christi,
218 2576 372 2659 quatinus
395 2574 504 2639 ethic
529 2574 668 2638 fructum
691 2574 780 2637 bone
808 2574 946 2637 actionis
977 2575 1161 2656 percipiant
1193 2585 1227 2639 et
1259 2575 1348 2657 apud
1380 2576 1562 2640 districtum
1591 2575 1733 2639 iudicem

63 2666 184 2747 premia
206 2677 318 2730 eterne
340 2666 433 2747 pacis
456 2665 632 2727 inveniant.
677 2662 797 2727 Amen.
820 2698 862 2710 -
887 2663 977 2726 A·m.
1002 2663 1078 2727 Am.
1101 2699 1146 2710 -

272 2755 333 2830 (Rl
357 2755 431 2836 Ego
455 2753 637 2818 Celestinus
661 2751 823 2840 catholice
846 2753 983 2840 ecclesie
1006 2753 1182 2837 episcopus
1205 2776 1245 2818 ss.
1271 2756 1339 2836 (M)

270 2845 291 2924 †
314 2845 388 2926 Ego
412 2843 582 2907 Conradus
605 2841 797 2907 Sabinensis
821 2843 997 2925 episcopus
1020 2863 1060 2906 ss.

270 2936 291 3013 †
314 2934 388 3016 Ego
412 2931 654 2996 Theodewinus
677 2942 790 2995 sancte
812 2931 932 2995 Rufine
955 2933 1131 3014 episcopus
1153 2953 1194 2996 ss.
1289 2985 1293 2996 .

270 3024 291 3102 †
314 3023 388 3105 Ego
411 3021 586 3086 Albericus
608 3022 795 3085 Hostiensis
818 3022 994 3104 episcopus
1017 3042 1059 3085 ss.

271 3108 292 3195 †
315 3113 388 3195 Ego
412 3110 600 3194 Stephanus
623 3111 832 3174 Prenestinus
855 3112 1032 3194 episcopus
1055 3132 1096 3174 ss.
1121 3112 1134 3184 i
1139 3113 1173 3192 5)

270 3237 315 3248 -
338 3200 358 3285 's
382 3203 456 3284 Ego
480 3201 585 3265 Goizo
609 3200 772 3284 presbiter
794 3200 967 3264 cardinalis
991 3202 1039 3264 tit.
1063 3211 1176 3266 sancte
1200 3201 1320 3265 Cecilie
1343 3223 1385 3266 ss,

271 3289 291 3374 's
314 3292 388 3373 Ego
412 3289 560 3354 Thomas
583 3291 745 3372 presbiter
768 3289 942 3354 cardinalis
965 3291 1012 3355 tit.
1036 3289 1172 3355 Vestine
1195 3311 1237 3354 ss.
1261 3289 1359 3374 (1¹12)

271 3376 292 3463 †
315 3383 389 3464 Ego
413 3381 526 3444 Petrus
550 3380 723 3444 cardinalis
746 3380 908 3462 presbiter
931 3380 979 3443 tit.
1002 3389 1115 3467 sancte
1137 3380 1286 3467 Susanne
1309 3402 1350 3444 ss.
1374 3376 1387 3460 i
1411 3380 1434 3462 ).

271 3465 292 3553 †
316 3472 390 3553 Ego
413 3470 523 3534 Guido
547 3469 709 3552 presbiter
732 3469 905 3533 cardinalis
928 3471 977 3533 tit.
1000 3471 1104 3532 sancti
1120 3471 1286 3534 Laurentii
1311 3471 1343 3532 in
1366 3470 1512 3534 Damaso
1527 3493 1569 3535 ss.
1587 3474 1651 3550 (1¹l
1667 3473 1689 3552 ).

270 3594 315 3606 -
338 3558 358 3643 's
382 3560 456 3642 Ego
480 3559 657 3641 Gregorius
682 3559 839 3622 diaconus
863 3559 1036 3623 cardinalis
1058 3570 1245 3623 sanctorum
1269 3558 1374 3640 Sergii
1398 3569 1432 3623 et
1454 3560 1557 3624 Bachi
1580 3584 1621 3626 ss.

270 3651 291 3728 †
314 3650 388 3732 Ego
412 3650 495 3713 Otto
519 3649 677 3712 diaconus
700 3648 873 3734 cardinalis
896 3650 999 3712 sancti
1023 3647 1156 3731 Georgii
1180 3648 1223 3712 ad
1245 3646 1364 3711 Velum
1389 3669 1522 3713 aureum
1544 3672 1585 3716 ss.

270 3739 291 3818 †
313 3739 388 3821 Ego
411 3737 521 3802 Guido
546 3737 703 3802 diaconus
726 3737 900 3801 cardinalis
923 3748 1111 3802 sanctorum
1134 3738 1254 3802 Cosme
1277 3748 1311 3801 et
1332 3739 1487 3802 Damiani
1510 3761 1552 3804 ss.

270 3830 291 3908 †
314 3829 388 3910 Ego
411 3826 576 3892 Gerardus
600 3827 758 3890 diaconus
781 3827 955 3890 cardinalis
978 3838 1090 3913 sancte
1114 3828 1217 3913 Marie
1241 3829 1273 3890 in
1297 3827 1462 3891 Domnica
1483 3850 1525 3893 ss.

270 3920 291 3998 †
314 3919 388 3999 Ego
411 3915 574 3980 Iohannes
598 3936 724 3999 paparo
750 3917 907 3980 diaconus
931 3916 1103 3980 cardinalis
1126 3917 1229 3980 sancti
1253 3916 1391 3980 Adriani
1416 3939 1456 3981 ss.

271 4004 291 4090 †
314 4008 388 4089 Ego
413 4006 590 4089 Gregorius
615 4007 773 4069 diaconus
796 4006 968 4069 cardinalis
991 4007 1095 4069 sancti
1118 4006 1239 4088 Angeli
1261 4027 1302 4070 sa.

270 4099 291 4177 †
314 4097 387 4178 Ego
411 4097 511 4179 Hugo
535 4096 686 4159 Romane
710 4096 847 4159 ecclesie
871 4094 1028 4158 diaconus
1052 4097 1085 4158 in
1115 4105 1229 4158 sancta
1250 4095 1353 4158 Lucia
1380 4095 1413 4158 in
1436 4096 1596 4180 Horphea
1618 4118 1659 4160 ss.
1686 4100 1732 4178 (3)

216 4187 294 4250 Dat
317 4187 479 4262 Laterani,
511 4207 571 4268 per
601 4205 734 4248 manum
758 4184 937 4262 GERARDI,
968 4196 1081 4248 sancte
1111 4185 1262 4249 Romane
1294 4184 1431 4249 ecclesie
1461 4187 1635 4269 presbiteri
1666 4207 1732 4250 car·

66 4275 173 4340 dinalis
212 4296 251 4339 ac
287 4269 538 4340 bibliothecarii.
591 4289 654 4337 xvl
678 4272 739 4352 ΙΚΙ.
772 4275 891 4338 Martii.
951 4273 1134 4338 Indictione
1172 4286 1231 4338 vll.
1292 4273 1528 4339 Incamationis
1567 4276 1733 4341 dominice

65 4383 143 4429 anno
167 4377 315 4427 MCXLIH.
362 4365 575 4429 Pontificatus
598 4384 676 4427 vero
701 4365 815 4428 domni
841 4363 995 4428 Celestini
1019 4377 1125 4448 pp.11
1148 4384 1235 4426 anno
1259 4364 1377 4446 primo.

220 4479 263 4528 Or.
282 4478 390 4540 (Vestro.
409 4479 437 4527 di
456 4479 569 4538 Tariona,
589 4477 671 4528 Mam
690 4481 704 4527 1
722 4479 765 4528 Nr
782 4480 815 4544 1),
835 4477 868 4527 im
886 4477 1001 4529 Archivio
1017 4477 1046 4526 di
1062 4478 1128 4527 Statu
1146 4493 1175 4525 su
1196 4475 1285 4528 Turris.

218 4551 287 4616 Pcrg.
301 4549 361 4612 ital,
379 4551 415 4599 br.
429 4552 515 4610 0,465,
533 4552 594 4615 lang
605 4552 692 4611 0‚665,
711 4557 785 4600 umen
804 4551 885 4612 0,023
902 4548 1092 4615 umgeschlagm,
1115 4548 1194 4598 durch
1210 4548 1269 4599 arvei
1284 4549 1377 4600 Licher
1389 4549 1453 4616 ging
1468 4548 1505 4600 die
1523 4549 1628 4612 Schmrr,
1647 4551 1734 4601 welche

66 4621 104 4670 rrr't
118 4623 169 4670 dem
197 4623 322 4688 Blertr'cgel
345 4617 460 4672 verlor'en.
497 4623 603 4688 Faltrmg
631 4623 675 4672 der
692 4623 787 4674 Bulleu.
828 4621 941 4671 Initialc:
967 4619 1136 4686 eingekm'cktes
1161 4621 1370 4686 hervorgetobaus
1393 4621 1426 4684 C,
1455 4621 1500 4670 rm't
1521 4621 1677 4688 eringesetatem
1701 4624 1732 4672 E.

66 4693 107 4741 Die
133 4694 351 4744 therluchsrahm
368 4695 412 4743 der
433 4701 509 4744 erslm
533 4693 596 4742 Zeile
619 4694 886 4760 mammengedrargr,
914 4692 1055 4743 Celestinus
1073 4693 1106 4742 im
1124 4708 1153 4743 ns
1178 4694 1317 4759 abgekic'nt,
1343 4693 1380 4742 die
1401 4693 1549 4759 Oberliingm
1566 4693 1633 4743 kun.
1677 4695 1733 4745 Ver·

65 4764 166 4831 rnr'grrng
182 4765 230 4816 Nr.
240 4765 302 4826 41³¹,
320 4765 400 4831 wenig
415 4766 492 4816 beton!
506 4765 563 4814 und
576 4765 657 4830 krrapp
674 4768 735 4828 0‚oa
745 4765 859 4831 frillerrd.
896 4764 1037 4830 Masinkeln
1054 4764 1088 4814 im
1099 4764 1240 4828 Konscn'pte
1257 4766 1340 4825 belant,
1358 4781 1399 4814 am
1412 4764 1523 4814 Schlusse
1540 4767 1614 4831 lr'flers
1629 4759 1734 4832 hegmde

65 4837 163 4898 ΚΜΔ-ε,
189 4837 227 4887 dic
249 4837 497 4904 Verbindmgsbarkm
519 4851 567 4886 von
586 4843 608 4886 st
633 4837 729 4886 undet
753 4837 857 4887 ar'rmlr'clr
880 4837 948 4898 kun,
973 4835 1053 4902 gmi!
1070 4835 1263 4902 Scharyemarrel.
1299 4839 1377 4886 Amen
1400 4837 1448 4888 Nr.
1467 4834 1520 4888 ὄχ’.
1556 4838 1619 4887 Rota
1640 4838 1687 4887 Nr.
1709 4841 1733 4896 1,
1797 4863 1799 4866 ·

65 4907 94 4955 im
110 4909 283 4958 Durchmesser
299 4911 384 4970 0,Οό6,
409 4925 458 4958 von
475 4909 519 4958 der
540 4910 620 4958 blaten
639 4908 702 4958 Zer'le
719 4910 807 4969 0,009.
845 4907 1014 4976 Monogramm
1033 4907 1081 4960 Nr.
1104 4911 1138 4970 1⁰,
1165 4909 1200 4959 br.
1220 4907 1304 4969 0,031,
1326 4907 1386 4956 koch
1404 4910 1491 4972 0,046,
1515 4925 1564 4958 von
1586 4908 1630 4960 der
1653 4911 1734 4959 lemen

66 4979 121 5028 Zeile
145 4997 165 5031 c.
184 4982 271 5040 0,018.
307 4981 451 5047 Ringkreua,
470 4981 492 5030 Ε
510 4981 566 5030 und
580 4995 606 5029 ss
628 4980 665 5030 bei
691 4981 781 5030 wn'tem
807 4980 891 5030 bellare
914 4981 990 5031 Diale
1017 4981 1055 5029 alr
1081 4979 1119 5029 die
1144 4979 1318 5043 (interscrn‘st,
1344 4979 1431 5029 welche
1455 4995 1504 5029 von
1531 4979 1574 5030 dtr
1591 4981 1667 5030 Dintr
1693 4982 1734 5031 des

65 5051 208 5117 Kmm'ptes
230 5052 353 5113 tamn,
370 5054 430 5119 jane
451 5052 530 5102 Theile
552 5052 616 5102 auch
638 5052 767 5102 schwerere
784 5051 869 5102 Hand
910 5051 1046 5117 Umsclm'ft
1061 5057 1135 5100 cervas
1158 5051 1272 5100 dunelm
1290 5049 1366 5102 Dinte
1387 5053 1427 5100 alr
1450 5051 1495 5102 das
1512 5052 1666 5118 Rbrgkrem
1690 5051 1736 5102 mit

64 5123 168 5174 laam
187 5125 266 5192 gleich
287 5125 378 5174 scla'nr
401 5125 437 5174 nir
454 5125 530 5174 Dinia
552 5126 596 5174 der
619 5124 748 5192 Datinmg
763 5141 793 5174 m
811 5123 867 5184 sna,
894 5123 953 5174 doch
970 5123 1077 5174 leickterr
1093 5122 1178 5186 Hand,
1203 5122 1320 5173 vielleicht
1332 5122 1423 5190 gleiche
1446 5121 1492 5172 mat
1512 5124 1566 5174 dem
1583 5125 1732 5189 Kmmpte,

65 5194 162 5245 Gerardi
178 5212 227 5246 von
245 5196 375 5246 morer
391 5195 468 5246 Dinte
483 5197 638 5264 eingctragen.
676 5197 724 5246 Die
742 5197 922 5264 Zargmfirnmr
946 5195 1038 5246 rvnrm
1055 5197 1103 5245 alle
1120 5211 1168 5244 von
1181 5195 1286 5262 gleicker
1303 5195 1407 5248 duniler
1422 5195 1499 5248 Dina
1516 5195 1566 5261 her,
1589 5197 1616 5246 in
1633 5197 1733 5264 wrtsem

64 5281 107 5314 von
117 5267 221 5334 gleicher
237 5267 322 5328 Hand,
341 5270 402 5317 Irim
417 5268 467 5317 sich
484 5269 552 5318 nieht
566 5267 720 5319 mischeiden.

215 5501 240 5563 a)
258 5497 318 5548 steht
333 5497 392 5547 awti
408 5499 463 5548 rnal
530 5499 557 5567 b)
576 5497 701 5550 theilweise
717 5507 765 5566 arcs
782 5501 872 5551 Rasur.
890 5537 942 5546 -.
961 5499 997 5565 .1)
1021 5497 1133 5551 Terrena.
