4090 6358
447 487 519 568 Ego
543 485 705 550 Paschalis
728 487 905 570 episcopus
929 485 1111 549 catholicae
1135 485 1272 550 eclesiae
1294 486 1482 570 subscripsi.

447 573 520 657 Ego
545 574 653 639 Guido
677 575 870 639 Viennensis
893 577 1070 658 episcopus
1093 575 1280 658 subscripsi.

442 665 520 746 Ego
542 664 726 728 Hostiensis
751 667 927 748 episcopus
951 662 1026 727 huic
1049 664 1171 727 iudicio
1195 666 1382 749 subscripsi.

446 753 519 836 Ego
544 754 623 817 Milo
646 756 872 818 Praenestinus
896 755 1073 836 episcopus
1096 754 1285 837 subscripsi.

446 841 568 905 Datum
592 842 729 919 Romae,
760 865 819 927 per
850 863 981 906 manum
1004 841 1166 920 Iohannis,
1196 853 1327 908 sanctae
1357 844 1527 906 Romanae
1550 843 1707 907 ecclesiae
1731 843 1862 906 diaconi
1894 862 1962 904 car·

287 930 411 994 dinalis
458 931 604 996 x11Kal.
633 933 767 1014 Aprilis
819 933 999 996 Indictione
1031 948 1062 995 rc
1112 933 1348 998 Incarnationis
1380 933 1563 996 dominicae
1593 953 1679 996 anno
1703 945 1803 994 Meni.
1856 932 1962 995 Ponti·

288 1019 400 1083 ficatus
424 1029 531 1084 autem
557 1022 670 1086 domni
694 1021 857 1085 Paschalis
880 1037 906 1085 11
930 1042 1016 1104 pape
1041 1037 1088 1086 111.

444 1135 567 1202 Absckn'fl
583 1139 628 1186 der
648 1138 707 1186 Call.
728 1135 830 1186 Moreau
848 1138 901 1186 875
910 1137 964 1202 fol.
977 1139 1019 1198 60,
1038 1138 1064 1186 in
1083 1137 1126 1186 der
1143 1137 1205 1187 Br'bl.
1225 1137 1354 1186 Nationale
1371 1153 1401 1186 ru
1421 1137 1501 1187 Paris.

1042 1449 1109 1524 Nr.
1141 1452 1203 1526 28.

287 1581 458 1646 Paschalis
481 1581 524 1646 II
547 1582 696 1663 bestdtrgt
717 1582 778 1645 der
805 1580 1043 1684 Kongregation
1069 1583 1229 1735 vonKliecll
1246 1583 1306 1665 (D.
1336 1582 1461 1668 Rauen)
1488 1582 1565 1644 drei
1589 1601 1649 1644 non
1676 1576 1849 1660 Bisclzbsen
1876 1580 1964 1642 iiber·

968 1694 1104 1736 wzesene
1162 1695 1209 1736 rrc
1232 1694 1279 1736 en.

901 1790 987 1851 1102
1002 1787 1104 1872 April
1116 1791 1167 1852 18.
1200 1789 1349 1852 Lateran.

449 1919 612 1984 Paschalis
645 1922 837 2003 episcopus,
876 1942 988 1986 servus
1019 1945 1186 1987 servorum
1220 1924 1288 1998 dei,
1325 1921 1452 1986 dilectis
1484 1919 1565 1997 filiis
1599 1919 1763 1984 Willelmo
1786 1919 1901 1983 abbati
1935 1928 1968 1982 et

288 2011 455 2073 universae
487 2013 734 2092 congregationi
765 2011 937 2075 Beccensis
969 2017 1173 2090 monasterii,
1204 2012 1341 2076 salutem
1375 2019 1408 2075 et
1438 2010 1655 2092 apostolicam
1689 2010 1966 2073 benedictionem.

286 2097 504 2182 Apostolicae
526 2101 614 2162 sedis
638 2100 778 2181 dignitas
802 2101 911 2183 exigit,
942 2123 1001 2184 per
1025 2106 1189 2166 universas
1212 2102 1264 2166 dei
1290 2100 1444 2165 ecclesias
1475 2107 1565 2162 recta
1596 2099 1772 2182 disponere
1805 2106 1847 2174 et,
1880 2115 1967 2178 quae

286 2188 329 2251 ab
352 2189 422 2252 aliis
446 2197 534 2253 recte
557 2189 716 2272 disposita
739 2198 821 2266 sunt,
845 2191 1046 2256 confirmare.
1078 2191 1290 2275 Significastis
1313 2190 1474 2271 siquidem
1498 2189 1603 2264 nobis,
1621 2187 1823 2263 venerabiles
1840 2187 1967 2263 iratres,

286 2276 496 2354 Willelmum,
528 2277 829 2360 Rothomagensem
848 2281 887 2356 ¹),
919 2281 1062 2357 lvonem,
1094 2282 1329 2346 Camotensem
1347 2280 1389 2362 ²),
1421 2277 1614 2355 Goffridum,
1646 2278 1859 2341 Parisiensem
1899 2279 1968 2360 epi·

286 2387 407 2450 scopos
425 2368 458 2446 ³),
481 2367 622 2451 singulas
646 2370 678 2431 in
701 2368 881 2451 parrochiis
904 2373 970 2433 suis
994 2371 1147 2435 ecclesias
1170 2381 1281 2435 vestro
1304 2370 1502 2434 monasterio
1527 2370 1559 2431 in
1589 2366 1742 2431 salarium
1766 2366 1963 2430 contulisse:

285 2457 437 2520 videlicet
460 2459 492 2520 in
515 2456 776 2540 Rothomagensi
800 2457 955 2522 ecclesias
978 2463 1081 2524 sancti
1107 2461 1194 2524 Petri
1218 2462 1260 2524 de
1284 2467 1386 2543 ponte
1409 2458 1504 2534 Isara,
1532 2458 1563 2520 in
1587 2455 1780 2520 Carnotensi
1805 2455 1965 2519 ecclesias

286 2547 389 2609 sancti
420 2545 540 2610 Nicasii
573 2547 615 2610 de
646 2547 814 2624 Mellento,
848 2551 879 2612 in
912 2549 1081 2614 Parisiensi
1112 2551 1265 2614 ecclesias
1297 2556 1428 2612 sanctae
1451 2547 1643 2610 Honorinae
1673 2545 1715 2608 de
1745 2544 1966 2608 Confluentio.

286 2634 330 2696 Et
352 2657 411 2698 nos
435 2637 531 2717 igitur
555 2637 687 2716 quidem
712 2646 823 2700 nostra
845 2638 876 2701 in
900 2647 1067 2722 posterum
1092 2642 1311 2722 providentes
1337 2638 1470 2701 easdem
1496 2635 1652 2700 ecclesias
1668 2635 1763 2698 vobis
1778 2637 1967 2715 vestrisque

285 2726 527 2789 successoribus
550 2726 788 2802 confirmamus,
810 2735 854 2806 ut,
877 2729 961 2791 sicut
976 2729 1019 2792 ab
1034 2729 1157 2793 eisdem
1182 2729 1346 2812 episcopis
1362 2727 1556 2809 dispositum
1572 2733 1630 2801 est,
1653 2743 1787 2808 semper
1809 2727 1842 2788 in
1865 2725 1968 2788 vestri

287 2817 474 2879 monasterii
505 2817 715 2897 possessione
746 2826 967 2899 permaneant.
1013 2816 1048 2882 Si
1078 2820 1148 2901 quis
1179 2828 1288 2882 autem
1319 2819 1494 2881 temerario
1525 2835 1605 2878 ausu
1642 2815 1776 2877 easdem
1808 2812 1968 2878 ecclesias

285 2924 305 2966 a
328 2907 517 2968 monasterii
540 2906 637 2968 vestri
660 2925 799 2987 corpore
822 2906 1002 2970 distrahere
1024 2929 1063 2971 ac
1091 2929 1244 2991 separare
1275 2907 1539 2991 praesumpserit,
1571 2904 1660 2968 beati
1684 2904 1770 2966 Petri
1794 2904 1908 2987 gladio
1935 2912 1969 2966 et

286 2995 489 3076 apostolicae
512 2996 614 3077 ipsius
638 2993 794 3058 ecclesiae
817 2995 941 3059 ultione
965 2996 1137 3079 plectatur.

446 3083 569 3147 Datum
600 3084 763 3160 Laterani,
794 3098 856 3147 xlv
880 3083 1041 3150 Calendas
1065 3088 1152 3150 Maii.
1203 3087 1433 3152 incarnationis
1465 3085 1630 3148 dominice
1661 3105 1746 3147 anno
1770 3095 1867 3146 Mclv.
1917 3081 1970 3144 ln·

287 3171 430 3236 dictione
453 3189 486 3238 x.
532 3173 743 3237 Pontificatus
767 3183 877 3238 autem
901 3176 1016 3239 domni
1040 3177 1203 3240 Paschalis
1227 3196 1314 3260 pape
1337 3192 1384 3240 111.

445 3277 570 3354 ArscrnJr
586 3289 626 3337 aas
643 3289 701 3338 MS.
719 3289 761 3338 rar.
785 3291 868 3339 11111
878 3291 929 3354 sor.
950 3293 1010 3351 110,
1029 3291 1055 3340 in
1073 3293 1117 3342 der
1134 3293 1196 3342 11111.
1215 3291 1391 3340 matronalem
1410 3291 1489 3341 Paris.

445 3359 494 3409 Dr'c
515 3361 630 3410 Urkundc
643 3359 728 3425 gehdrt
744 3360 851 3427 offendar
869 3376 915 3411 cur
935 3362 1032 3427 Gmppe
1050 3365 1094 3413 der
1111 3365 1264 3422 Halblrrllm,
1283 3377 1354 3412 avenn
1371 3363 1409 3411 die
1421 3361 1554 3428 pepsrlicte
1576 3360 1739 3426 Umersrlm'jt
1755 3359 1822 3410 nicht
1837 3365 1900 3408 elwa
1913 3374 1970 3407 vom

286 3429 437 3482 Absctreiler
453 3435 608 3498 weggelassm
622 3433 660 3483 111.

1041 3639 1107 3715 Ν1.
1139 3644 1201 3715 29.

287 3766 456 3833 Paschalis
471 3768 516 3832 II
527 3767 645 3834 nrinrnt
657 3770 719 3834 dar
740 3769 872 3834 Kloster
886 3771 1080 3854 Petersberg
1093 3770 1152 3855 (D.
1170 3773 1273 3852 Melz)
1294 3771 1328 3836 r'n
1348 3729 1580 3856 apostolisclren
1596 3769 1714 3834 Schutz
1729 3768 1798 3832 und
1810 3765 1971 3854 bestdtigt

288 3856 357 3921 ilem
372 3859 459 3921 seine
474 3859 716 3924 Brsz'tztlnlmer
729 3861 798 3924 und
811 3861 938 3940 Rachle,
953 3863 1064 3941 woszir
1076 3884 1110 3925 es
1117 3860 1264 3946 jiilrrlr'clr
1281 3863 1372 3925 einen
1393 3860 1582 3925 Golddrnar
1600 3860 1678 3924 oder
1691 3858 1755 3922 alle
1770 3859 1843 3922 vr'er
1857 3858 1970 3933 Jahre

520 3947 610 4015 ez'rren
628 3948 808 4033 Byzanzr'er
820 3971 863 4013 an
878 3950 940 4014 den
958 3949 1262 4015 Lateranensr'sclzen
1278 3951 1395 4014 Palast
1407 3968 1447 4014 zu
1462 3949 1638 4012 entrichten
1652 3949 1719 4012 hat.

697 4066 782 4128 1102
797 4063 899 4148 April
909 4069 965 4129 20.
1002 4067 1148 4131 Porticus
1162 4087 1222 4130 von
1238 4065 1272 4132 S.
1290 4067 1385 4130 Peter
1397 4087 1437 4130 ru
1454 4066 1546 4130 Rom.
1702 4055 1706 4068 ’

448 4197 612 4262 Paschalis
636 4201 827 4282 episcopus,
858 4221 970 4264 servus
999 4221 1167 4266 servorum
1198 4203 1261 4280 dei,
1293 4201 1418 4265 dilectis
1448 4201 1480 4263 in
1513 4197 1643 4264 Christo
1674 4199 1754 4275 filiis,
1783 4195 1971 4263 Guacelino

289 4289 402 4353 abbati
431 4297 465 4352 et
494 4288 562 4350 eius
593 4287 743 4351 fratribus
774 4291 806 4351 in
837 4299 958 4367 monte,
990 4312 1087 4373 quem
1120 4313 1181 4354 nos
1211 4292 1313 4356 sancti
1337 4291 1422 4354 Petri
1439 4291 1465 4372 ⁴)
1497 4290 1742 4367 nominavimus,
1774 4289 1971 4353 canonicam

288 4380 387 4443 vitam
411 4376 576 4461 professis,
600 4398 781 4460 eorumque
806 4380 1049 4444 successoribus
1078 4382 1268 4464 regulariter
1299 4381 1544 4465 promovendis
1572 4381 1604 4442 in
1629 4386 1834 4462 perpetuum.
1880 4378 1972 4442 Reli·

288 4470 389 4550 giosis
412 4467 583 4531 desideriis
607 4467 739 4550 dignum
772 4476 834 4544 est,
858 4468 986 4533 facilem
1018 4472 1177 4554 praebere
1207 4490 1385 4547 assensum,
1426 4476 1462 4532 ut
1500 4468 1605 4532 fidelis
1643 4470 1783 4533 devocio
1824 4468 1972 4532 celerem

218 4563 222 4574 ’
288 4559 447 4621 sorciatur
471 4555 635 4620 effectum.
683 4555 824 4621 Proinde
854 4579 914 4621 nos
942 4563 1066 4636 vestris,
1097 4560 1257 4625 karissimi
1288 4561 1354 4634 filii,
1387 4559 1539 4641 precibus
1570 4567 1759 4634 annuentes
1791 4557 1971 4622 ecclesiam

288 4655 440 4723 vestram,
464 4646 552 4710 beati
583 4644 667 4710 Petri
691 4647 821 4710 nomine
849 4645 891 4711 ab
916 4647 1064 4712 Mathildi
1088 4649 1238 4733 singulari
1262 4651 1351 4714 beati
1375 4649 1462 4712 Petri
1486 4647 1552 4711 filia
1580 4649 1759 4712 institutam
1776 4647 1802 4732 ⁵)
1833 4649 1866 4711 in
1890 4647 1974 4711 loco

290 4735 535 4811 Scandalmont‚
567 4755 665 4816 quam
698 4757 758 4799 nos
788 4739 891 4800 sancti
919 4738 1005 4801 Petri
1036 4748 1183 4803 montem
1215 4739 1462 4812 nominavimus,
1495 4737 1557 4801 sub
1589 4739 1658 4802 iure
1687 4759 1727 4802 ac
1758 4739 1974 4822 protectione

288 4826 374 4890 beati
397 4827 484 4890 Petri
508 4845 547 4887 ac
570 4833 681 4888 sancte
709 4828 811 4908 ipsius
833 4828 923 4890 sedis
954 4830 1138 4911 apostolice
1169 4830 1355 4912 specialiter
1385 4827 1624 4891 confovendam
1655 4829 1860 4910 suscipimus.
1908 4827 1976 4890 Per

289 4916 450 4999 presentis
480 4916 578 4996 igitur
609 4914 766 4997 privilegii
796 4917 951 5000 paginam
980 4919 1163 5000 apostolica
1193 4920 1388 4982 auctoritate
1417 4918 1597 4994 statuimus
1628 4926 1663 4980 ut
1694 4936 1845 4999 quaeque
1878 4916 1975 4980 dona

290 5025 437 5086 quasque
461 5005 684 5086 possessiones
708 5007 825 5069 eadem
850 5007 1018 5070 comitissa
1040 5017 1148 5072 vestre
1178 5008 1317 5072 contulit
1340 5006 1478 5070 ecclesie
1508 5005 1561 5069 vel
1592 5008 1623 5070 in
1646 5007 1798 5082 futurum,
1830 5005 1975 5071 domino

289 5095 474 5178 inspirante,
506 5091 686 5169 contulerit,
718 5096 874 5176 quicquid
909 5097 1008 5159 etiam
1032 5096 1145 5161 fideles
1170 5098 1309 5177 quilibet
1338 5098 1371 5159 in
1396 5115 1592 5178 quocunque
1615 5097 1810 5180 episcopatu
1842 5095 1885 5158 de
1910 5117 1976 5160 suo

290 5186 359 5248 iure
382 5204 444 5267 pro
467 5203 598 5245 suarum
631 5184 810 5248 animarum
841 5184 945 5247 salute
978 5185 1134 5270 deinceps
1166 5186 1353 5260 obtulerint,
1384 5185 1540 5266 quicquid
1575 5195 1725 5268 preterea
1755 5185 1977 5250 concessione

290 5271 491 5356 pontificum,
514 5271 708 5336 liberalitate
732 5276 916 5357 principum
941 5275 1026 5339 iuste
1049 5277 1273 5360 canoniceque
1289 5277 1439 5359 poteritis
1454 5274 1597 5358 adipisci,
1621 5275 1714 5338 firma
1729 5275 1824 5339 vobis
1840 5278 1977 5338 vestris·

291 5382 356 5443 que
379 5362 618 5426 successoribus
642 5371 676 5425 et
699 5362 822 5428 illibata
845 5374 1068 5446 permaneant.
1115 5365 1330 5429 Decernimus
1354 5383 1496 5445 quoque,
1527 5373 1561 5426 ut
1585 5364 1663 5428 nulli
1687 5367 1822 5428 omnino
1845 5363 1977 5429 homini

453 5561 477 5622 1)
503 5558 615 5606 Wilkelm
644 5554 805 5616 111111111-111111,Ι
834 5557 978 5622 Enbr'rclros
995 5575 1043 5607 von
1065 5562 1160 5620 Reum,
1188 5562 1373 5612 1079—1110.
1520 5563 1545 5625 2)
1571 5561 1630 5626 Jno,
1658 5560 1763 5624 Bisrhos
1780 5575 1827 5610 von
1849 5559 1977 5620 Chortres

290 5631 513 5766 ἕωθᾮῑῇἰέξᾶὸρο
557 5633 584 5693 3)
607 5630 729 5694 Goltsrird
744 5647 791 5679 von
810 5631 937 5695 Boulogru,
957 5632 1138 5682 root-1095.
1217 5637 1244 5695 4)
1264 5633 1531 5684 St.·Pr'erre-du·Mont.
1605 5636 1631 5697 5)
1651 5631 1769 5682 Mathilde
1784 5648 1831 5680 non
1854 5631 1978 5693 Tascius·
