4090 6358
294 365 316 426 4

296 545 491 619 patrumque
513 538 705 600 traditiones
735 535 894 598 almorum
915 534 958 618 a),
1005 533 1169 618 Optamus
1199 535 1405 598 sanctitatem
1431 541 1572 596 vestram
1603 533 1635 596 in
1660 531 1790 597 Christo
1822 554 1906 596 nunc
1938 541 1972 595 et

295 645 428 709 semper
452 627 536 690 bene
560 627 677 690 valere.

453 741 577 805 Abschnst
591 756 646 791 vom
665 743 697 792 10
717 739 818 806 Jahrb,
838 740 952 791 Kanones
969 740 1011 789 des
1028 755 1105 806 sogen.
1118 741 1206 806 Ir'otger
1223 755 1270 789 uon
1286 740 1310 789 Τ
1307 739 1356 790 rier
1364 740 1414 805 Μ.
1429 739 1471 798 79,
1489 737 1515 786 in
1534 737 1577 786 der
1592 737 1724 787 Biblzhtiek
1741 753 1771 787 su
1796 739 1971 804 Wolfenbiiltel.

1063 1025 1129 1100 Nu.
1160 1029 1196 1100 4.

297 1175 448 1239 Benedici
462 1175 527 1238 III
549 1175 688 1240 schreibt
709 1197 752 1240 an
769 1176 915 1257 Bisclzof
934 1174 1207 1329 S‘²²⁰⁷'²⁰²²..sd²²⁰⁷²
1225 1173 1393 1240 Konstanz
1417 1175 1499 1239 tiber
1524 1175 1577 1238 die
1600 1174 1700 1238 Busse
1724 1175 1811 1238 eines
1827 1175 1973 1239 Bruder-

1057 1285 1128 1328 mor
1150 1285 1210 1329 ers.

1041 1400 1226 1462 655-858.

384 1533 590 1608 Benedictus,
607 1551 719 1596 servus
730 1552 896 1596 servorum
907 1535 971 1610 dei,
987 1533 1248 1597 reverentissimo
1258 1554 1296 1596 ac
1308 1533 1513 1596 sanctissimo
1523 1529 1703 1606 Salomoni,
1714 1533 1973 1597 Constantiensis

297 1622 454 1685 ecelesiae
478 1623 638 1704 episcopo
659 1623 695 1694 ¹).
743 1621 895 1685 Caritatis
919 1631 994 1686 tuae
1018 1623 1254 1686 fraternitatem
1277 1621 1420 1685 almificis
1443 1630 1631 1684 sanctorum
1656 1630 1784 1704 patrum
1810 1624 1974 1685 cernimus

297 1710 422 1792 regulis,
447 1721 482 1773 ut
505 1711 666 1774 condecet
684 1711 714 1791 b)
739 1712 882 1785 obedire,
906 1713 1061 1794 quociens
1084 1720 1215 1775 nostrae
1237 1710 1421 1792 apostolice
1445 1710 1523 1786 sedi,
1547 1731 1611 1792 que
1635 1719 1734 1794 caput
1758 1719 1792 1774 et
1816 1715 1973 1794 magistra

297 1803 442 1863 omnium
466 1800 677 1863 ecelesiarum
702 1801 756 1863 dei
779 1802 933 1876 consistit,
957 1800 1008 1864 illa
1033 1809 1217 1865 reverenter
1232 1801 1353 1883 dirigis,
1376 1801 1419 1863 de
1435 1800 1552 1880 quibus
1568 1803 1709 1882 graviter
1729 1799 1829 1883 lapsis
1844 1803 1973 1881 absque

297 1890 364 1952 eins
388 1889 522 1952 oraculo
546 1909 610 1951 non
635 1891 794 1970 presumis
817 1891 1000 1954 subvenire.
1048 1889 1133 1952 Huic
1157 1892 1254 1972 igitur
1276 1893 1345 1952 viro
1370 1889 1413 1952 ill.
1434 1888 1463 1970 c)
1487 1909 1617 1962 nomen,
1642 1891 1697 1972 qui
1720 1891 1852 1954 fratrem
1876 1912 1971 1954 suum

296 1979 424 2054 occidit,
447 1978 576 2041 salubre
600 1980 822 2060 poenitentiae
845 1979 1000 2044 collirium
1021 1979 1052 2057 d)
1077 1980 1207 2042 inferius
1230 1987 1421 2042 annotatum
1439 1980 1667 2060 imposuimus,
1692 1999 1759 2060 quo
1776 1982 1845 2043 eius
1862 1983 1973 2044 cordis

298 2066 382 2130 oculi
405 2066 579 2130 lucidiores
604 2070 755 2142 existant,
786 2077 819 2131 et
843 2072 931 2152 regni
956 2071 1088 2152 superni
1113 2071 1223 2150 potius
1247 2070 1372 2150 premia
1397 2075 1618 2148 consequatur
1640 2077 1740 2149 atque
1770 2071 1973 2152 poenitendo

297 2177 427 2219 amaros
443 2157 558 2219 inferni
576 2160 735 2220 cruciatus
753 2159 891 2222 evadere
907 2162 1020 2241 possit.
1060 2159 1214 2221 iubemus
1231 2161 1355 2240 quippe
1372 2166 1405 2220 et
1420 2165 1606 2220 sanctorum
1625 2166 1755 2240 patrum
1771 2161 1973 2223 institutione

298 2246 371 2308 freti
393 2246 587 2308 iudicamus:
626 2249 733 2329 ipsum
758 2247 954 2311 fratricidam
979 2269 1045 2311 uno
1069 2269 1154 2311 anno
1177 2249 1261 2310 inter
1284 2247 1454 2310 audientes
1479 2248 1548 2309 sine
1579 2267 1719 2330 corpore
1752 2257 1785 2311 et
1814 2251 1974 2332 sanguine

298 2336 422 2398 domini
447 2337 478 2397 in
503 2336 647 2398 ecclesiis
671 2357 773 2410 orare,
798 2338 857 2399 nisi
882 2337 966 2400 sorte
989 2337 1122 2401 ultimus
1144 2337 1229 2400 vitae
1258 2335 1340 2398 illius
1363 2336 1487 2398 venerit
1510 2336 1589 2410 dies,
1622 2357 1689 2418 quo
1722 2337 1750 2399 ei
1783 2341 1973 2401 communio

299 2425 449 2506 neganda
472 2445 536 2487 non
561 2432 619 2487 est.
663 2427 740 2506 lpso
764 2447 848 2488 anno
873 2435 906 2488 et
929 2436 1084 2507 quattuor
1106 2427 1175 2490 aliis
1191 2446 1210 2487 a
1227 2444 1323 2488 carne
1339 2432 1373 2488 et
1387 2427 1462 2488 vino
1481 2433 1514 2487 et
1530 2427 1619 2488 omni
1637 2435 1734 2490 cocto
1750 2426 1972 2509 pulmentario

298 2535 334 2577 se
356 2513 534 2590 abstineat,
557 2515 704 2597 exceptis
727 2514 819 2578 sestis
842 2516 959 2578 diebus
982 2524 1081 2596 atque
1105 2516 1288 2590 dominicis,
1317 2522 1351 2577 et
1373 2535 1392 2578 a
1415 2513 1538 2596 pascha
1561 2533 1665 2594 usque
1688 2517 1729 2578 ad
1755 2524 1973 2598 pentecosten

299 2612 332 2667 et
366 2603 533 2666 nativitate
568 2605 692 2667 domini
728 2612 827 2685 atque
861 2605 1017 2668 nataliciis
1052 2605 1287 2688 apostolorum.
1345 2602 1429 2666 Aliis
1463 2623 1541 2667 vero
1576 2603 1707 2668 duobus
1741 2609 1832 2668 annis
1868 2607 1973 2669 tribus

297 2701 424 2756 tantum
448 2693 573 2768 diebus,
604 2693 635 2755 id
659 2703 709 2756 est
731 2695 884 2770 secunda,
907 2709 959 2758 1111
982 2703 1016 2757 et
1039 2709 1077 2758 VI
1101 2695 1177 2756 seria
1200 2693 1396 2777 supradictis
1426 2693 1505 2755 cibis
1529 2695 1657 2756 ieiunet.
1704 2693 1809 2758 Huius
1832 2715 1975 2778 namque

299 2781 498 2864 penitentiae
532 2783 668 2844 modum
703 2781 744 2845 illi
778 2783 907 2866 prelato
942 2786 1021 2858 viro,
1056 2786 1111 2864 qui
1146 2784 1187 2846 ad
1220 2791 1410 2846 sanctorum
1442 2783 1670 2865 apostolorum
1700 2784 1785 2846 Petri
1817 2805 1855 2848 ac
1883 2785 1975 2848 Pauli

298 2871 410 2935 limina
439 2874 644 2953 properavit,
675 2872 927 2936 misericorditer
959 2875 1129 2956 imponere
1160 2873 1372 2935 decrevimus
1419 2869 1569 2935 Uxorem
1601 2893 1679 2936 vero
1710 2893 1803 2936 suam
1837 2874 1976 2957 recipiat

299 2963 463 3040 armisque
486 2963 645 3043 asumptis
669 2963 807 3037 incedat,
832 2963 1031 3045 propriaque
1061 2963 1089 3025 ei
1118 2962 1214 3025 liceat
1237 2961 1408 3043 possidere
1432 2961 1529 3036 bona,
1558 2963 1676 3043 quibus
1700 2961 1875 3026 elemosine
1898 2964 1976 3027 sub·

299 3051 379 3113 sidia
402 3050 620 3132 indigentibus
645 3050 797 3114 fratribus
820 3051 982 3134 largiatur.
1029 3051 1120 3116 Deus
1142 3059 1176 3114 te
1199 3052 1363 3114 custodiat
1386 3051 1597 3114 dilectissime
1619 3052 1673 3114 fili.

458 3164 582 3231 Abschn'st
598 3181 652 3215 vom
674 3167 706 3214 10
728 3165 827 3232 Jahrb,
846 3166 960 3218 Kanones
977 3166 1018 3216 dcs
1034 3182 1111 3234 sogen.
1125 3168 1214 3232 Rotger
1230 3181 1278 3214 von
1294 3165 1319 3215 T
1315 3165 1366 3216 n'er
1374 3167 1426 3232 sol.
1439 3167 1483 3226 80,
1502 3165 1529 3215 in
1547 3167 1591 3217 der
1601 3165 1732 3218 Bibliotiek
1745 3183 1776 3216 m
1801 3165 1974 3233 usolsmbaetttel.

1071 3479 1137 3554 Nr.
1168 3482 1200 3554 5.

330 3624 358 3675 aa
374 3609 507 3685 Johann
523 3608 622 3673 XIII
641 3609 792 3693 bestdtigt
811 3609 884 3674 dem
904 3609 1029 3690 Grasen
1047 3611 1250 3692 Gottfrz'edI
1268 3633 1328 3676 von
1343 3611 1447 3696 Ansina
1469 3610 1524 3673 die
1552 3608 1735 3693 Gnindung
1756 3610 1830 3673 und
1850 3610 1973 3675 Besits-

296 3698 495 3765 thimer'des
513 3696 658 3764 Klosters
678 3697 1241 3855 Beaulieu-lez-le-Manpicptcgiiqgts
1256 3700 1403 3785 sithrliclz
1418 3699 1509 3780 filnf
1517 3697 1625 3763 solzdi
1645 3699 1726 3764 nach
1745 3700 1828 3763 Rom
1852 3720 1893 3764 zu
1908 3709 1974 3764 ent·

992 3927 1059 3987 967
1080 3924 1213 4008 August
1226 3927 1278 3988 12.

456 4059 789 4141 loannesepiscopus,
805 4078 917 4121 servus
933 4079 1102 4122 servorum
1118 4059 1180 4132 dei,
1197 4059 1318 4122 dilecto
1329 4057 1394 4121 filio
1405 4057 1554 4121 Goffrido
1575 4055 1614 4140 e),
1631 4054 1736 4120 Grisia
1755 4057 1785 4136 s)
1796 4057 1934 4122 Gonella
1945 4057 1975 4140 Ξ)

297 4147 539 4229 cognominato,
564 4145 767 4210 nobilissimo
791 4148 1048 4230 Andegavorum
1072 4149 1191 4223 comiti,
1221 4148 1359 4211 salutem
1391 4156 1425 4210 et
1447 4146 1666 4230 apostolicam
1695 4146 1973 4212 benedictionem.

298 4235 468 4316 Quotiens,
491 4238 546 4317 qui
570 4235 626 4299 filii
651 4246 726 4300 sunt
749 4237 905 4301 eeclesiae
924 4239 963 4313 ε),
987 4239 1206 4321 omnipotenti
1231 4239 1295 4300 deo
1325 4237 1433 4319 aliqua
1463 4236 1621 4312 offerunt,
1651 4257 1716 4298 non
1746 4237 1869 4300 debent
1900 4256 1976 4302 esse

298 4325 373 4390 elati
398 4328 491 4408 quasi
518 4326 561 4388 de
593 4345 734 4400 munere,
761 4327 820 4389 sed
851 4328 995 4408 gaudere
1019 4347 1062 4390 ex
1090 4326 1166 4390 fidei
1191 4327 1429 4389 redundatione
1447 4325 1491 4404 ι1);
1523 4326 1665 4388 reddunt
1687 4326 1810 4408 quippe
1833 4330 1974 4390 creatori

297 4435 358 4478 suo
387 4425 515 4496 partem
538 4435 654 4490 rerum,
686 4435 766 4496 quas
797 4416 839 4479 ab
872 4425 1144 4499 coacceperunt,
1176 4425 1212 4478 ut
1235 4418 1277 4479 de
1307 4416 1372 4479 sois
1404 4436 1479 4478 eum
1502 4415 1599 4477 rebus
1630 4415 1692 4477 sibi
1721 4415 1840 4478 faciant
1863 4413 1974 4498 largis·

297 4508 416 4568 simum
439 4506 642 4578 debitorem
674 4505 715 4567 ab
747 4507 820 4588 ipso
849 4508 936 4568 enim
967 4526 1082 4568 omnes
1117 4505 1276 4569 habemus
1309 4525 1394 4580 esse,
1426 4507 1551 4580 vivere,
1583 4502 1696 4566 habita
1727 4505 1898 4586 possidere
1931 4514 1974 4581 et,

298 4594 387 4677 quod
424 4595 526 4656 maius
561 4603 619 4668 est,
655 4596 701 4656 uti
730 4596 863 4658 ratione.
910 4593 1010 4676 Quod
1043 4604 1093 4670 tu,
1124 4594 1332 4659 dilectissime
1364 4593 1424 4670 fili,
1459 4615 1524 4656 non
1554 4595 1717 4676 ignorans,
1750 4595 1809 4656 sed
1833 4594 1976 4658 fideliter

298 4703 488 4764 agnoscens,
518 4684 669 4746 studuisti
692 4684 736 4746 de
759 4687 901 4768 propriis
932 4685 1029 4747 rebus
1053 4685 1227 4748 ecclesiam
1250 4705 1312 4767 pro
1342 4683 1572 4766 redemptione
1596 4681 1722 4745 animae
1752 4690 1828 4745 tuae
1857 4704 1975 4765 paren-

298 4783 434 4854 tumque
458 4781 589 4835 tuorum
620 4774 708 4855 apud
732 4783 884 4848 castrum,
908 4775 998 4856 quod
1023 4775 1128 4838 Locas
1152 4775 1280 4849 dicitur,
1303 4773 1344 4835 ad
1369 4771 1530 4836 honorem
1553 4772 1606 4834 dei
1631 4779 1665 4835 et
1687 4782 1819 4834 sanctae
1841 4772 1975 4854 virginis

299 4860 431 4934 Mariae,
466 4862 629 4943 genitricis
662 4863 716 4925 dei
734 4862 761 4939 8)
796 4873 830 4927 et
864 4864 987 4926 domini
1023 4865 1124 4926 nostri
1158 4865 1229 4926 lesu
1262 4861 1398 4937 Christi,
1432 4871 1637 4936 construere,
1672 4869 1799 4923 tantum
1833 4862 1876 4924 de
1911 4864 1975 4926 tuis

297 4951 455 5014 reditibus
479 4950 524 5013 illi
546 4952 726 5028 conferens
758 4953 847 5034 quod
873 4953 950 5015 licet
973 4954 1118 5015 decimas
1142 4973 1248 5033 neque
1271 4951 1480 5033 sepulturam,
1512 4971 1572 5014 nec
1596 4957 1717 5025 cetera,
1751 4969 1835 5031 quae
1858 4951 1900 5014 ad
1925 4952 1976 5014 ius

297 5039 489 5124 parrochiae
507 5039 538 5117 i)
568 5043 742 5124 pertinent,
774 5062 837 5104 non
863 5041 1008 5115 haberet,
1039 5050 1159 5116 tamen,
1191 5042 1272 5105 inter
1295 5041 1415 5103 vicinas
1438 5039 1591 5103 ecclesias
1622 5049 1690 5102 tam
1723 5038 1849 5102 honore
1873 5060 1975 5120 quam

297 5131 418 5193 divitiis
449 5129 596 5212 polleret.
658 5129 808 5194 Eandem
836 5131 866 5208 k)
906 5131 1047 5214 denique
1083 5130 1255 5194 ecclesiam
1291 5130 1391 5192 beato
1426 5130 1564 5212 principi
1599 5127 1827 5211 apostolorum
1866 5128 1975 5206 Petro,

297 5228 412 5283 sancto
429 5221 544 5302 spiritu
560 5220 746 5303 inspirante,
771 5220 926 5295 obtulisti,
950 5241 988 5284 ea
1005 5219 1155 5283 videlicet
1179 5220 1450 5294 consideratione,
1474 5219 1624 5300 quatinus
1646 5227 1779 5281 sanctae
1802 5219 1976 5282 Romanae

297 5309 456 5373 ecelesiae
479 5311 526 5373 sic
549 5309 727 5373 adhaereat
750 5319 795 5386 ut,
827 5319 958 5394 praeter
980 5309 1166 5374 Romanum
1194 5309 1384 5392 pontificem
1417 5307 1521 5371 nullus
1553 5307 1816 5390 archiepiscopus
1843 5308 1975 5386 audeat,

455 5505 480 5564 a)
500 5503 620 5554 almorum
709 5503 738 5568 b)
757 5504 881 5554 concedet
989 5506 1012 5569 c)
1032 5520 1057 5553 so
1074 5509 1135 5553 stat!
1151 5505 1190 5553 des
1208 5504 1323 5564 Namens,
1343 5503 1400 5552 cod.
1492 5503 1519 5568 d)
1539 5503 1559 5551 d
1582 5504 1597 5553 i.
1617 5503 1761 5567 collyrium:
1785 5504 1973 5568 Augcnbalsam.

296 5576 322 5638 e)
341 5575 449 5625 Gosrido
469 5575 594 5624 Housseau
701 5576 722 5636 l)
742 5575 816 5626 Grisa
834 5576 868 5624 H.
967 5579 993 5641 g)
1013 5577 1118 5640 Quoties
1135 5575 1179 5625 filii
1198 5583 1299 5625 sanctae
1319 5574 1442 5625 ecclesiae
1460 5574 1494 5623 II.
1590 5575 1618 5638 h)
1637 5591 1667 5623 ex
1690 5573 1760 5624 iideli
1778 5575 1918 5625 redditione
1939 5578 1973 5625 Η.

296 5648 314 5710 i)
332 5647 468 5712 parochiae
487 5647 519 5696 H.
638 5647 665 5712 k)
685 5647 801 5697 eamdem
819 5647 854 5696 Η.
874 5687 925 5694 ...
947 5651 982 5712 ,1)
1002 5649 1154 5708 SalomonI,
1180 5648 1284 5712 Bisciof
1303 5664 1350 5696 von
1375 5647 1505 5705 himstam,
1530 5647 1679 5697 839-871.
1790 5645 1819 5713 2)
1846 5647 1974 5714 Gottsn'ed,

292 5727 403 5785 genannt
424 5719 593 5784 GrhegmHz,
621 5721 771 5768 vos-937.
881 5723 908 5782 3)
930 5719 995 5769 Oder
1017 5720 1133 5769 BeardIeu
1151 5717 1209 5784 pris
1232 5719 1332 5777 Laches,
1359 5719 1443 5783 cuofie‘r
1459 5719 1502 5767 der
1519 5717 1600 5768 dritten
1623 5718 1745 5768 erwd'hme
1762 5717 1908 5784 Enhr'schos
1925 5735 1975 5770 von

300 5791 325 5843 T
321 5807 378 5843 ours
395 5791 495 5859 sprctcte
512 5793 597 5858 (vergi.
617 5791 681 5840 auch
699 5789 851 5858 hockwort),
872 5791 929 5840 doch
947 5807 1004 5840 war
1021 5791 1080 5842 diese
1098 5789 1188 5841 Kirche
1205 5793 1249 5840 der
1271 5791 1378 5840 Trinitdt
1391 5789 1497 5856 gnuciht.
