4126 6366
1698 331 1760 396 333

293 491 313 576 †
336 498 410 580 Ego
433 497 606 562 Laborans
629 500 791 580 presbiter
813 502 987 566 cardinalis
1011 513 1124 567 sancte
1141 504 1243 567 Marie
1266 505 1488 568 transtiberim
1511 505 1560 568 tit.
1577 502 1696 568 Calixti
1720 525 1762 566 ss.

291 588 312 664 †
336 585 409 668 Ego
433 584 572 649 Albinus
596 588 759 670 presbiter
782 591 952 655 cardinalis
975 595 1023 654 tit.
1047 601 1160 656 sancte
1183 591 1297 656 Crucis
1320 594 1352 654 in
1376 592 1551 656 Ierusalem
1575 613 1618 654 ss.

291 674 312 757 †
328 673 400 757 Ego
414 675 533 739 Melior
546 677 709 759 presbiter
723 679 897 743 cardinalis
906 688 1095 744 sanctorum
1104 680 1255 745 Iohannis
1266 689 1299 744 et
1307 681 1396 745 Pauli
1409 683 1458 745 tit.
1469 680 1655 765 Pagmachii
1676 678 1704 766 ι)
1720 701 1761 744 ss.

291 763 312 842 †
335 764 409 846 Ego
433 763 574 829 Iacobus
597 776 710 830 sancte
734 768 837 833 Marie
861 771 893 832 in
917 768 1094 834 Cosmedin
1123 771 1281 835 diaconus
1304 772 1474 834 cardinalis
1498 791 1540 834 ss.

292 851 313 932 †
336 855 409 936 Ego
435 851 610 918 Gratianus
633 864 822 921 sanctorum
846 857 967 922 Cosme
991 868 1025 922 et
1047 859 1200 923 Damiani
1225 861 1384 924 diaconus
1407 859 1581 924 cardinalis
1605 879 1646 922 ss.

293 939 313 1024 †
337 940 412 1024 Ego
434 943 533 1007 Bobo
557 948 660 1008 sancti
683 945 804 1028 Angeli
828 948 987 1012 diaconus
1011 948 1180 1012 cardinalis
1204 969 1244 1012 ss.

293 1028 313 1113 †
337 1033 411 1113 Ego
436 1034 636 1097 Octavianus
659 1045 845 1099 sanctorum
871 1035 975 1120 Sergii
1000 1046 1033 1100 et
1056 1037 1159 1102 Bachi
1183 1039 1342 1102 diaconus
1366 1037 1535 1101 cardinalis
1559 1058 1600 1100 ss.

293 1118 313 1203 †
336 1119 410 1204 Ego
434 1123 548 1186 Petrus
571 1126 676 1188 sancti
699 1124 829 1188 Nicolai
852 1127 883 1188 in
908 1147 1039 1190 carcere
1061 1128 1215 1191 Tulliano
1238 1129 1396 1190 diaconus
1419 1127 1592 1191 cardinalis
1615 1146 1657 1190 ss.

240 1207 315 1273 Dat.
338 1209 482 1286 Verone‚
508 1231 567 1292 per
591 1233 721 1277 manum
747 1213 885 1291 hiberti,
910 1224 1022 1279 sancte
1045 1217 1195 1280 Romane
1226 1217 1362 1281 ecclesie
1393 1217 1567 1300 presbiteri
1591 1215 1763 1279 cardinalis

65 1303 103 1358 et
129 1297 325 1362 cancellarii.
371 1314 433 1363 vlu
456 1301 531 1364 Kal.
555 1300 636 1366 lulii.
681 1305 864 1368 Indictione
887 1319 933 1369 lv.
978 1305 1212 1370 Incamationis
1236 1308 1400 1370 dominice
1432 1326 1518 1370 anno
1543 1304 1763 1392 Mcutx(x)vt

64 1385 292 1451 Pontificatus
313 1408 393 1452 vero
416 1391 532 1455 domni
557 1389 685 1457 Urbani
709 1413 797 1476 pape
819 1414 907 1458 anno
930 1409 951 1456 1.

71 1573 77 1584 Ι
114 1572 173 1622 ω
239 1503 365 1625 meist
379 1519 435 1555 vom
454 1509 487 1556 18
502 1507 595 1572 Jolrrh.
615 1507 655 1557 des
673 1508 770 1558 Bullor.
790 1509 866 1559 Basil.
888 1509 1057 1560 Lateronemis
1069 1517 1096 1574 p.
1109 1509 1168 1570 reb,
1188 1508 1222 1560 im
1240 1509 1354 1560 Archioio
1376 1508 1512 1575 Capitolorc
1529 1509 1557 1558 di
1574 1509 1627 1560 Sors
1642 1507 1767 1560 Grirvorrrrr'

66 1589 95 1622 ror
170 1587 246 1624 erano
264 1591 294 1623 ru
335 1592 381 1626 om.

834 1866 901 1941 Nr.
923 1870 1013 1942 374.

76 1991 197 2057 Urbon
214 1991 280 2057 III
289 1993 441 2077 bestitigt
453 1993 527 2058 olem
543 1996 755 2081 Domkapr'tel
766 2019 828 2061 von
839 1998 981 2082 Bologno
996 1999 1058 2063 den
1070 1999 1179 2062 Besite
1194 1997 1361 2063 mehrerer
1374 1994 1519 2060 Kirclren
1533 1995 1604 2060 und
1612 1993 1765 2061 Zehnten.

663 2116 749 2177 1186
764 2114 948 2178 November
963 2118 1016 2178 12.
1057 2113 1189 2177 Verona.

240 2226 394 2290 Urbanus
410 2229 597 2309 episcopus,
613 2249 724 2293 servus
740 2249 907 2294 servorum
926 2231 990 2305 dei,
1006 2229 1135 2292 dilectis
1151 2228 1230 2304 filiis,
1246 2229 1522 2313 archipresbitero
1546 2235 1580 2291 et
1602 2229 1765 2292 canonicis

68 2317 297 2380 Bononiensis
323 2315 469 2390 ecclesie,
492 2317 628 2380 salutem
654 2325 687 2381 et
709 2320 926 2401 apostolicam
952 2320 1232 2383 benedictionem.
1279 2319 1360 2383 Cum
1378 2319 1473 2382 nobis
1488 2319 1539 2391 sit,
1563 2336 1763 2400 quamquam

69 2405 261 2480 immeritis,
285 2405 475 2469 universalis
499 2406 635 2471 ecclesie
658 2407 847 2472 sollicitudo
871 2408 1055 2482 commissa,
1084 2407 1180 2470 officii
1205 2410 1306 2471 nostri
1330 2408 1447 2472 debito
1471 2409 1628 2490 cogimur,
1661 2405 1766 2470 eccle·

69 2496 201 2558 siarum
227 2494 420 2558 utilitatibus
444 2497 619 2578 providere
651 2504 685 2560 et
707 2499 749 2560 ad
774 2500 1059 2561 conservationem
1083 2498 1160 2560 iuris
1184 2515 1296 2560 earum
1326 2497 1543 2579 apostolicum
1576 2499 1623 2559 eis
1654 2503 1763 2578 patro·

71 2585 202 2646 cinium
234 2583 402 2666 impertiri.
457 2584 530 2648 Hac
569 2588 667 2668 igitur
706 2588 970 2651 consideratione
1002 2587 1136 2650 rationis
1176 2586 1299 2650 inducti
1340 2593 1373 2648 et
1404 2588 1521 2649 vestris
1554 2584 1763 2649 nihilominus

70 2672 235 2754 precibus
265 2674 424 2748 inclinati,
457 2675 614 2738 ecclesias
644 2679 748 2739 sancti
772 2677 858 2740 Petri
889 2678 921 2740 in
952 2675 1069 2740 Castro
1102 2696 1181 2739 nero
1215 2684 1247 2739 et
1276 2683 1388 2738 sancte
1412 2675 1562 2738 Bamabe
1593 2676 1624 2737 in
1647 2672 1763 2749 Vecla,

69 2761 245 2844 hospitale
268 2764 411 2844 insuper,
436 2766 581 2846 positum
604 2767 692 2847 apud
716 2774 864 2829 sanctum
886 2766 1064 2842 Roifillum,
1088 2773 1238 2847 preterea
1261 2765 1497 2828 decimationes
1521 2763 1618 2828 Gadii
1642 2771 1676 2827 et
1697 2771 1763 2827 tres

71 2853 181 2916 etiam
212 2852 373 2928 ecclesias,
403 2853 556 2917 videlicet
578 2863 689 2918 sancte
721 2855 823 2919 Marie
853 2857 886 2918 in
921 2854 1040 2930 Garda,
1063 2856 1165 2918 sancti
1190 2855 1318 2918 loannis
1351 2855 1383 2916 in
1409 2853 1567 2917 Fontanis
1599 2861 1633 2916 et
1660 2855 1763 2917 sancti

70 2940 215 3003 'l'home
237 2960 311 3004 cum
334 2941 479 3016 decimis,
503 2943 726 3008 oblationibus
750 2952 784 3009 et
799 2943 957 3027 parochia
973 2965 1040 3019 sua,
1063 2965 1145 3027 quas
1159 2944 1256 3008 vobis
1271 2945 1327 3026 pie
1343 2943 1581 3007 recordationis
1597 2941 1763 3005 Adrianus

71 3037 107 3092 et
132 3028 340 3104 Alexander,
364 3032 615 3114 predecessores
639 3035 739 3097 nostri
760 3033 792 3120 ¹),
820 3033 1009 3098 authentico
1033 3037 1157 3117 scripto
1181 3033 1399 3108 firmaverunt,
1431 3035 1515 3096 sicut
1547 3051 1586 3096 ea
1617 3033 1701 3095 iuste
1724 3050 1764 3094 ac

69 3121 147 3182 sine
174 3121 397 3183 controversia
419 3123 606 3203 possidetis,
630 3123 797 3186 devotioni
820 3133 929 3188 vestre
952 3124 1144 3187 auctoritate
1168 3121 1349 3205 apostolica
1380 3121 1611 3186 confirmamus
1634 3129 1667 3185 et
1691 3140 1763 3202 pre·

71 3209 181 3272 sentis
204 3208 316 3291 scripti
339 3211 522 3292 patrocinio
546 3215 794 3275 communimus.
840 3213 1037 3288 Statuentes,
1061 3221 1096 3275 ut
1115 3213 1193 3276 nulli
1211 3214 1346 3276 omnino
1362 3211 1530 3275 hominum
1548 3210 1655 3285 liceat,
1678 3209 1763 3273 hanc

70 3301 236 3382 paginam
260 3306 371 3363 nostre
394 3299 648 3364 confirmationis
664 3302 839 3386 infringere
855 3302 907 3366 vel
931 3304 958 3366 ei
983 3323 1062 3365 ausu
1086 3304 1260 3365 temerario
1284 3304 1453 3365 contraire.
1498 3298 1533 3363 Si
1558 3302 1631 3382 quis
1655 3307 1764 3363 autem

70 3387 142 3451 hoc
177 3396 375 3469 attemptare
406 3393 658 3473 presumpserit,
695 3393 954 3474 indignationem
988 3391 1222 3473 omnipotentis
1254 3392 1308 3454 dei
1340 3399 1374 3453 et
1404 3391 1576 3454 beatorum
1611 3388 1697 3451 Petri
1731 3396 1765 3452 et

70 3476 178 3553 Pauli,
201 3478 428 3560 apostolorum
453 3481 532 3554 eius,
555 3500 592 3543 se
615 3481 742 3543 noverit
764 3482 975 3544 incursurum.
999 3516 1043 3526 -
1066 3480 1141 3543 Dat
1166 3478 1310 3553 Verone‚
1334 3493 1359 3541 11
1383 3479 1460 3542 Idus
1484 3478 1693 3542 Novembris.

244 3592 356 3657 Jttngm
373 3593 501 3658 Absclrn'st
521 3594 562 3643 des
583 3594 650 3644 Cart.
676 3595 718 3644 del
742 3595 848 3660 Copiola
871 3595 898 3644 di
914 3594 967 3645 Son
988 3594 1067 3645 Retro
1080 3603 1105 3658 p.
1125 3596 1150 3654 8,
1177 3595 1211 3644 im
1227 3593 1342 3645 Archivr'o
1360 3593 1387 3642 di
1403 3593 1478 3652 Staio,
1503 3593 1564 3652 rard,
1582 3593 1646 3642 nach
1664 3593 1765 3642 Καθα-

70 3665 188 3714 mer
201 3663 403 3714 Paestum„
416 3665 442 3714 S.
456 3668 499 3725 69,
512 3665 552 3714 des
562 3665 636 3715 Libro
648 3667 708 3716 delle
718 3668 777 3717 Asse
786 3667 834 3733 sol
842 3669 876 3717 eb
888 3667 955 3728 (war
965 3667 1014 3717 mir
1024 3667 1091 3716 nicht
1100 3666 1264 3732 zrrgdngliclr),
1281 3665 1315 3715 im
1326 3666 1440 3716 Artemo
1455 3665 1591 3729 Capitolore
1602 3681 1633 3714 ru
1645 3665 1764 3730 Bologno.

828 3953 895 4029 Nr.
927 3957 1016 4029 375.

81 4081 197 4148 Urban
214 4081 280 4146 III
290 4082 408 4146 nr'mmt
420 4083 483 4147 das
497 4082 710 4168 Domkapitel
721 4085 943 4238 oonBVr'cenZa
965 4081 1000 4148 r'n
1023 4085 1256 4254 {postolr'scherr
1272 4083 1391 4150 Schute
1413 4083 1483 4148 und
1504 4080 1655 4168 bestotegrt
1677 4085 1767 4149 seine

808 4184 903 4240 esrtet
924 4182 1017 4238 rimer
1065 4223 1072 4237 .

661 4290 747 4353 1186
762 4288 947 4353 November
960 4292 1009 4353 15.
1052 4287 1183 4353 Verona.

261 4400 416 4466 Urbanus
438 4407 626 4487 episcopus,
654 4425 767 4468 servus
790 4425 956 4468 servorum
981 4405 1043 4482 dei,
1075 4405 1202 4469 dilectis
1225 4403 1309 4482 liliis,
1332 4406 1458 4469 Lazaro
1481 4402 1766 4488 archipresbitero,

74 4491 212 4558 Uberto
243 4491 473 4556 archidiacono
504 4503 538 4556 et
568 4496 735 4558 canonicis
758 4493 953 4570 Vicentinis,
985 4503 1054 4558 tam
1085 4495 1292 4577 presentibus
1325 4515 1424 4576 quam
1448 4494 1577 4571 suturis,
1610 4494 1765 4559 canonice

74 4582 327 4657 substituendis,
350 4583 379 4644 in
397 4591 602 4665 perpetuum.
644 4581 803 4664 Quotiens
827 4605 847 4646 a
862 4584 960 4647 nobis
975 4585 1106 4666 petitur,
1123 4585 1213 4664 quod
1230 4583 1346 4646 rationi
1362 4592 1396 4646 et
1410 4583 1575 4647 honestati
1591 4585 1767 4648 convenire

75 4671 270 4746 dinoscitur,
294 4671 403 4734 animo
427 4692 486 4734 nos
502 4674 600 4736 decet
615 4671 729 4737 libenti
745 4674 929 4736 concedere
946 4681 979 4736 et
995 4675 1178 4756 petentium
1196 4672 1364 4736 desideriis
1380 4693 1559 4755 congruum
1576 4673 1764 4755 suffragium

76 4761 252 4843 impertiri.
298 4761 502 4844 Eapropter,
540 4761 650 4825 dilecti
682 4765 714 4824 in
746 4763 878 4826 domino
910 4761 980 4836 filii,
1009 4765 1127 4826 vestris
1157 4763 1246 4825 iustis
1277 4761 1556 4845 postulationibus
1587 4762 1767 4826 clementer

76 4850 257 4914 annuimus
280 4859 314 4913 et
336 4851 511 4914 ecclesiam
535 4859 648 4915 sancte
673 4851 776 4914 Marie
799 4852 980 4926 Vicentine,
1011 4854 1042 4914 in
1067 4873 1133 4935 qua
1155 4853 1267 4916 divino
1292 4851 1467 4934 mancipati
1491 4853 1569 4915 estis
1593 4852 1767 4936 obsequio,

76 4939 143 5002 sub
175 4939 267 5002 beati
290 4939 375 5003 Petri
406 4950 440 5003 et
471 4950 582 5005 nostra
610 4941 817 5024 protectione
848 4943 1043 5024 suscipimus
1074 4951 1107 5005 et
1135 4941 1294 5025 presentis
1326 4942 1439 5024 scripti
1471 4941 1643 5024 privilegio
1677 4962 1766 5006 com-

78 5031 257 5092 munimus.
311 5026 510 5106 Statuentes,
541 5038 584 5106 ut,
618 5050 842 5112 quascumque
865 5033 1104 5112 possessiones,
1137 5051 1344 5114 quecumque
1374 5031 1463 5094 bona
1486 5030 1604 5095 eadem
1628 5030 1765 5094 ecclesia

77 5121 112 5182 in
145 5119 385 5201 presentiarum
426 5119 509 5183 iuste
546 5127 579 5182 et
609 5121 766 5183 canonice
797 5120 946 5202 possidet
982 5130 1039 5183 aut
1074 5123 1106 5183 in
1144 5119 1289 5185 futurum
1320 5122 1532 5184 concessione
1563 5120 1766 5204 pontificum,

78 5207 258 5291 largitione
290 5227 403 5290 regum
436 5209 489 5272 vel
520 5209 720 5292 principum,
757 5208 923 5272 oblatione
956 5208 1102 5273 fidelium
1132 5229 1189 5273 seu
1223 5209 1291 5274 aliis
1322 5211 1414 5273 iustis
1445 5211 1568 5285 modis,
1600 5217 1766 5292 prestante

78 5298 230 5374 domin0,
264 5297 385 5380 poterit
417 5298 565 5380 adipisci,
597 5298 690 5362 firma
720 5299 813 5361 vobis
836 5299 1018 5380 vestrisque
1049 5299 1293 5363 successoribus
1326 5307 1360 5361 et
1389 5298 1512 5362 illibata
1543 5307 1766 5382 permaneant.

79 5387 118 5451 ln
152 5386 273 5470 quibus
303 5387 364 5452 hec
395 5389 537 5471 propriis
567 5389 721 5451 duximus
751 5389 969 5469 exprimenda
991 5388 1175 5452 vocabulis:
1216 5389 1325 5452 locum
1349 5391 1466 5472 ipsum,
1493 5389 1524 5451 in
1549 5409 1615 5470 quo
1639 5389 1768 5470 prelata

80 5549 106 5558 ..-
114 5549 206 5556 ——u-
210 5551 216 5554 .
229 5549 510 5557 ——-—-—..

245 5609 270 5672 a)
290 5608 465 5692 Langmschii.
488 5648 542 5656 -
567 5613 603 5674 ,tl
628 5609 707 5676 Vergl.
732 5609 770 5658 dre
791 5608 909 5694 Urkrmde
931 5624 986 5658 vom
1010 5608 1119 5691 llAprdl
1144 5611 1321 5660 1171-1181.
1430 5615 1456 5692 a)
1474 5607 1523 5658 Die
1545 5609 1670 5694 Absolvis!
1693 5611 1770 5661 dieser

84 5679 1149 5747 mirso
1171 5679 1723 5740 rr
1748 5683 1774 5731 ¹²
