4126 6356
340 323 400 385 126

336 512 367 572 in
396 509 502 593 aliqua
532 512 739 573 ecclesiarum
771 508 834 572 ulla
865 511 1009 591 priorum
1040 518 1096 572 aut
1125 509 1315 573 clericorum
1347 509 1403 573 frat
1434 511 1564 585 electio,
1604 519 1636 573 et
1668 509 1755 572 nulla
1786 509 2015 574 ecclesiarum

335 601 544 682 episcopatus
574 600 671 662 vestri
703 606 811 681 preter
842 618 954 661 eorum
985 619 1180 662 consensum
1214 598 1305 662 alicui
1337 601 1514 662 subiciatur
1536 599 1679 682 ecclesie,
1713 620 1773 662 nec
1805 599 1944 682 publioe
1980 606 2015 659 et

335 689 457 751 maiora
487 692 618 771 negotia
648 688 754 767 aliqua
785 688 847 750 sibi
879 688 1096 763 ecclesiarum,
1128 690 1207 771 ipsis
1237 689 1355 762 invitis,
1386 689 1518 770 arripiat
1540 696 1596 751 aut
1625 689 1773 771 publicas
1806 688 2014 770 penitentias

334 778 456 840 tribuat
487 799 546 841 nec
573 780 748 841 sententias
777 785 810 839 et
832 778 1038 840 interdictum
1064 778 1204 840 matricis
1228 777 1365 862 ecclesie
1389 786 1529 860 temptet
1552 779 1731 860 infringere.
1778 777 1879 840 Nulla
1901 780 2012 840 etiam

333 869 431 929 vestri
455 867 662 949 episcopatus
685 886 825 949 persona
847 866 915 928 sine
931 886 1091 930 consensu
1112 869 1259 948 episcopi
1276 867 1327 928 vel
1344 868 1498 948 priorum,
1523 869 1577 946 qui
1595 867 1769 949 locopositi
1785 870 2012 940 nominantur,

335 958 476 1018 matricis
500 956 635 1041 ecclesie
659 956 961 1018 excommunicetur
983 963 1024 1028 et,
1048 957 1138 1035 quod
1163 956 1205 1018 ab
1231 958 1388 1037 episcopo
1412 956 1546 1036 ligatum
1570 957 1674 1030 fuerit,
1696 977 1716 1018 a
1731 958 1862 1019 nemine
1877 957 2009 1017 irritum

334 1045 407 1106 duci
430 1054 615 1127 temptetur.
661 1043 748 1108 Sane
771 1045 909 1107 civitatis
932 1053 1039 1130 vestre
1063 1044 1169 1107 clerici
1194 1052 1235 1118 et,
1258 1044 1312 1124 qui
1329 1047 1360 1106 in
1376 1044 1538 1107 suburbiis
1554 1053 1635 1120 sunt,
1658 1045 1769 1107 solitas
1785 1045 2011 1120 obedientias

333 1133 482 1197 videlicet
505 1137 535 1196 in
558 1134 692 1210 letaniis,
716 1136 747 1196 in
763 1135 1028 1216 processionibus
1045 1135 1282 1209 communibus,
1305 1135 1336 1195 in
1359 1133 1589 1198 festivitatibus
1612 1142 1645 1196 et
1660 1134 1856 1197 stationibus
1874 1135 2011 1197 maioris

334 1222 468 1306 ecclesie
492 1225 598 1286 eidem
630 1224 821 1304 impendant
853 1222 998 1307 ecclesie,
1029 1232 1065 1286 ut
1086 1224 1257 1286 vobiscum
1290 1223 1404 1285 adsint.
1448 1224 1550 1286 Porro
1582 1225 1614 1286 in
1646 1223 1756 1308 quinte
1789 1223 1867 1305 ferie
1902 1231 2010 1286 nocte

332 1320 408 1374 ante
432 1310 554 1394 pascha
576 1312 661 1375 nulla
684 1312 821 1374 ecclesia
843 1313 1022 1375 secundum
1047 1332 1172 1375 morem
1203 1319 1310 1394 vestre
1334 1311 1469 1395 ecclesie
1501 1332 1677 1394 campanas
1707 1321 1804 1375 sonet
1838 1331 1953 1392 neque
1978 1314 2011 1374 in

332 1401 473 1463 sabbato
497 1411 610 1465 sancto
634 1421 763 1464 cereum
787 1401 968 1477 benedicat,
999 1410 1050 1464 set
1078 1402 1120 1463 ad
1151 1402 1350 1483 baptismum
1383 1402 1520 1483 predicti
1550 1401 1658 1464 clerici
1690 1421 1733 1464 ex
1763 1403 2010 1464 consuetudine

332 1491 470 1552 veniant.
516 1490 614 1553 Nulla
636 1499 784 1572 preterea
808 1491 1017 1554 ecclesiarum
1041 1491 1153 1552 missas
1168 1490 1344 1554 sollemnes
1360 1490 1501 1553 celebret
1519 1491 1549 1552 in
1565 1490 1741 1553 festivitate
1761 1491 1849 1553 beati
1872 1491 2010 1553 Martini

333 1586 367 1640 et
389 1581 489 1641 sancti
514 1578 629 1660 Reguli
662 1581 751 1642 etin
774 1580 916 1642 secunda
943 1580 1023 1642 feria
1046 1579 1168 1663 pasche
1199 1588 1232 1642 et
1254 1580 1285 1641 in
1314 1580 1580 1662 processionibus
1604 1580 1861 1662 quadragesime,
1891 1581 2010 1642 donec

331 1670 479 1730 stationis
494 1669 660 1731 solvantur
675 1677 861 1732 conventus.
893 1667 1010 1730 Nullus
1022 1671 1120 1731 etiam
1137 1669 1326 1732 clericorum
1340 1669 1481 1731 officium
1494 1671 1641 1731 vivorum
1657 1676 1713 1730 aut
1729 1677 1945 1742 mortuorum,
1963 1669 2007 1730 ad

332 1758 499 1820 matricem
516 1757 685 1820 ecclesiam
702 1758 874 1840 pertinens,
898 1757 1007 1820 facere
1024 1757 1076 1820 vel
1092 1759 1257 1820 celebrare
1272 1767 1446 1838 presumat
1477 1757 1533 1819 Ad
1550 1757 1612 1820 hec
1628 1758 1796 1820 aditientes
1817 1761 2009 1832 statuimus,

332 1854 368 1908 ut
391 1846 517 1931 decime
540 1847 680 1909 matricis
704 1846 837 1930 ecclesie
862 1847 903 1908 ab
927 1845 985 1920 his,
1016 1849 1070 1926 qui
1094 1848 1245 1921 tribuunt,
1277 1867 1342 1909 non
1373 1846 1563 1909 fraudentur
1593 1855 1626 1909 et
1654 1846 1738 1908 nulla
1762 1867 1818 1910 eas
1842 1847 2007 1909 clericalis

333 1955 472 2017 persona
495 1935 655 2017 subripiat
676 1943 732 1998 aut
754 1936 921 1998 diminuat.
968 1935 1057 1999 Nulli
1081 1939 1179 1999 etiam
1203 1936 1361 2017 episcopo
1385 1936 1489 2009 liceat,
1521 1937 1664 2017 aliquem
1697 1937 1837 1998 matricis
1863 1937 2007 2018 ecclesie

332 2027 523 2086 canonicum
549 2023 658 2087 officio
681 2045 737 2088 seu
754 2023 912 2088 beneficio
928 2027 997 2087 sine
1013 2028 1170 2088 canonico
1186 2028 1313 2108 privare
1330 2025 1458 2086 iudicio.
1497 2023 1583 2087 Sane
1599 2026 1765 2087 caritativa
1780 2025 1833 2087 illa
1850 2025 2007 2088 ciborum

332 2113 498 2188 beneficia,
523 2135 586 2198 que
602 2115 643 2176 ab
661 2115 825 2196 episcopis
847 2114 970 2189 vestris,
994 2115 1061 2177 sive
1083 2123 1252 2196 presentes
1275 2116 1342 2176 sive
1366 2115 1517 2177 absentes
1540 2115 1667 2189 fuerint,
1690 2116 1722 2176 in
1738 2113 2007 2176 sollemnioribus

332 2201 420 2265 festis
443 2204 658 2266 consuevistis
687 2206 844 2284 accipere,
868 2204 963 2265 vobis
986 2205 1167 2285 vestrisque
1190 2204 1332 2285 posteris
1356 2211 1424 2266 rata
1447 2205 1645 2285 precipimus
1669 2212 1702 2266 et
1725 2201 1848 2265 illibata
1870 2205 2008 2265 servari.

331 2291 482 2354 Preterea
513 2312 738 2372 quascumque
766 2295 999 2374 possessiones,
1031 2312 1236 2377 quecumque
1267 2292 1353 2354 bona
1384 2292 1500 2354 eadem
1531 2291 1670 2354 ecclesia
1700 2294 1732 2354 in
1764 2294 2006 2373 presentiarum

333 2382 415 2443 iuste
438 2389 471 2443 et
493 2383 649 2443 canonice
673 2382 829 2463 possidet,
852 2389 907 2444 aut
930 2383 962 2443 in
985 2381 1127 2444 futurum
1152 2381 1363 2443 concessione
1386 2381 1589 2462 pontificum,
1616 2381 1789 2462 largitione
1813 2401 1929 2464 regum
1954 2380 2007 2442 vel

332 2470 524 2552 principum,
551 2470 719 2533 oblatione
742 2469 884 2534 fidelium
914 2491 971 2532 seu
995 2470 1063 2533 aliis
1088 2472 1179 2532 iustis
1201 2471 1310 2533 modis
1333 2470 1397 2533 deo
1423 2472 1567 2551 propitio
1591 2471 1712 2551 poterit
1736 2470 1885 2550 adipisci,
1909 2471 2005 2532 firma

332 2559 426 2621 vobis
448 2562 630 2641 vestrisque
653 2560 895 2622 successoribus
918 2567 952 2621 et
974 2559 1096 2622 illibata
1120 2567 1338 2640 permaneant.
1385 2558 1420 2620 In
1444 2559 1561 2638 quibus
1589 2557 1650 2622 hec
1681 2559 1822 2640 propriis
1845 2561 2005 2622 duximus

332 2649 546 2730 exprimenda
569 2648 752 2711 vocabulis:
783 2646 945 2730 hospitale
968 2649 1069 2711 sancti
1087 2647 1216 2711 Martini
1240 2668 1313 2710 cnm
1338 2647 1476 2710 ecclesia
1492 2650 1594 2710 sancti
1611 2647 1802 2720 Alexandri,
1826 2648 2004 2710 ecclesiam

330 2737 432 2799 sancti
455 2737 584 2824 Thome
608 2746 642 2800 et
664 2736 835 2801 ecclesiam
858 2740 960 2800 sancti
985 2736 1176 2800 Christofori
1200 2738 1242 2799 de
1265 2735 1372 2812 Arcu;
1396 2745 1488 2799 extra
1519 2739 1683 2800 civitatem
1705 2738 1732 2800 al
1764 2736 1937 2800 ecclesiam
1963 2737 2005 2799 de

331 2825 539 2907 Massagrosi,
563 2827 730 2890 ecclesiam
748 2827 790 2889 de
806 2827 962 2903 Fabialla,
987 2827 1157 2890 ecclesiam
1177 2827 1220 2889 de
1236 2825 1373 2899 Gualdo,
1397 2834 1463 2888 tres
1479 2826 1630 2888 ecclesias
1646 2826 1689 2888 de
1704 2826 2004 2898 Massamacinaria,

331 2914 501 2977 ecclesiam
533 2917 575 2979 de
597 2915 726 2990 Villule‚
758 2915 929 2979 ecclesiam
961 2917 1004 2977 de
1027 2915 1167 2992 Ciciana,
1200 2916 1371 2978 ecclesiam
1403 2915 1490 2978 beati
1516 2913 1690 2977 Concordii
1722 2918 1813 2977 iuxta
1836 2915 2004 2986 Arsinam,

331 3003 498 3067 ecclesiam
528 3008 630 3067 sancti
654 3003 739 3067 Petri
769 3006 812 3067 de
841 3002 986 3081 Octav0,
1018 3005 1187 3068 ecclesiam
1220 3005 1263 3066 de
1295 3001 1442 3076 Gallen0,
1475 3003 1646 3066 ecclesiam
1679 3011 1790 3088 sancte
1823 3005 1929 3088 Marie
1962 3005 2004 3066 de

331 3089 456 3167 Streda,
490 3095 660 3157 ecclesiam
693 3095 736 3156 de
767 3092 1034 3176 Valleprumaria,
1058 3093 1229 3156 ecclesiam
1254 3095 1355 3155 sancti
1379 3092 1446 3155 Viti
1469 3094 1512 3155 de
1529 3092 1704 3169 Piciorana,
1735 3101 1769 3155 et
1799 3093 1936 3176 plebem
1961 3095 2004 3154 de

330 3181 544 3263 Sugruminio.
583 3181 792 3265 Sepulturam
815 3202 947 3262 quoque
970 3186 1071 3265 ipsius
1091 3183 1153 3245 loci
1169 3183 1306 3245 liberam
1323 3201 1394 3244 esse
1411 3183 1627 3256 concedimus,
1652 3190 1816 3245 uteorum
1834 3183 2004 3246 devotioni

331 3279 364 3332 et
391 3280 538 3354 extreme
561 3273 729 3347 voluntati,
760 3274 814 3354 qui
845 3293 881 3334 se
903 3272 965 3335 illic
988 3271 1118 3353 sepeliri
1142 3271 1401 3346 deliberaverint,
1433 3271 1493 3332 nisi
1523 3270 1608 3333 forte
1632 3274 1907 3334 excommunicati
1931 3273 2003 3346 sint,

329 3359 433 3423 nullus
450 3361 596 3425 obsistat.
626 3361 842 3424 Decernimus
858 3381 947 3443 ergo,
970 3369 1005 3423 ut
1021 3360 1100 3423 nulli
1117 3361 1247 3423 omnino
1264 3359 1430 3422 hominum
1447 3361 1549 3433 liceat,
1573 3359 1734 3441 prefatam
1751 3361 1928 3424 ecclesiam
1944 3409 1952 3422 .
1970 3411 1977 3423 .
1994 3408 2002 3421 .

330 3449 440 3513 usibus
455 3451 652 3513 omnimodis
676 3450 853 3532 profutura,
869 3449 956 3512 salva
978 3450 1067 3512 sedis
1082 3449 1260 3533 apostolice
1277 3453 1478 3513 auctoritate.
1518 3450 1552 3513 Si
1569 3469 1633 3530 qua
1649 3450 1745 3530 igitur
1770 3498 1776 3511 .
1802 3497 1808 3510 .
1834 3497 1841 3511 .
1867 3449 2002 3513 Cunctis

331 3547 439 3602 autem
465 3591 470 3604 .
494 3589 502 3603 .
526 3587 532 3602 .
557 3541 728 3602 inveniant.
773 3539 893 3602 Amen.
916 3575 960 3586 -·
983 3539 1072 3601 A-m.
1095 3573 1139 3584 -
1162 3539 1282 3601 Amen.
1310 3574 1349 3584 —

544 3628 599 3706 (R)
623 3630 697 3710 Ego
720 3627 913 3691 Anastasius
937 3626 1097 3710 catholice
1120 3627 1256 3712 ecclesie
1279 3629 1455 3708 episcopus
1477 3646 1518 3688 ss.
1542 3625 1604 3706 (M)

542 3718 563 3798 †
586 3719 659 3799 Ego
682 3715 821 3780 Ymarus
843 3716 1044 3779 Tusculanus
1067 3719 1242 3799 episcopus
1265 3737 1306 3780 ss.
1330 3717 1379 3798 (8)
1830 3779 1839 3790 ,

544 3841 588 3852 -
610 3811 631 3888 †
653 3808 726 3888 Ego
750 3805 923 3869 Hubaldus
947 3807 1109 3887 presbiter
1130 3805 1303 3869 cardinalis
1326 3807 1374 3868 tit.
1399 3813 1510 3890 sancte
1533 3805 1691 3867 Praxedis
1713 3825 1755 3866 ss.

542 3893 659 3978 †Eg0
683 3894 873 3957 Manfredus
897 3896 1059 3976 presbiter
1082 3895 1250 3957 cardinalis
1274 3896 1319 3957 tit.
1343 3902 1454 3978 sancte
1478 3891 1596 3978 Savine
1620 3913 1661 3955 ss.
1685 3899 1729 3974 (1)

542 3984 562 4065 †
585 3987 658 4066 Ego
682 3984 778 4046 Iulius
801 3984 961 4066 presbiter
984 3984 1154 4047 cardinalis
1177 3987 1225 4046 tit.
1249 3987 1350 4047 sancti
1375 3983 1520 4046 Marcelli
1544 4003 1586 4044 ss.
1610 3983 1656 4062 (2)

542 4073 658 4156 †Ego
682 4071 846 4136 Gerardus
877 4073 1038 4154 presbiter
1069 4074 1240 4136 cardinalis
1270 4076 1317 4136 tit.
1341 4075 1443 4135 sancti
1467 4070 1625 4154 Stephani
1648 4072 1679 4132 in
1705 4069 1795 4134 Celio
1820 4079 1936 4134 monte
1959 4093 1999 4134 ss

542 4198 587 4208 -
609 4162 629 4243 †
651 4163 724 4244 Ego
750 4159 851 4224 Oddo
874 4163 1030 4225 diaconus
1053 4162 1223 4225 cardinalis
1246 4163 1347 4225 sancti
1372 4157 1530 4245 Georgi(i)
1554 4161 1594 4222 ad
1619 4160 1736 4224 Velum
1760 4181 1895 4224 aureum
1918 4181 1965 4224 ss.

542 4251 563 4332 †
585 4252 658 4333 Ego
684 4250 792 4314 Guido
814 4252 973 4313 diaconus
996 4251 1163 4314 cardinalis
1187 4259 1299 4313 sancte
1323 4251 1427 4313 Marie
1451 4253 1482 4312 in
1508 4249 1635 4312 Portico
1656 4247 1684 4334 b)
1707 4269 1747 4310 ss.

541 4341 562 4421 †
585 4343 658 4422 Ego
681 4340 821 4403 lacintus
844 4341 1000 4403 diaconus
1024 4340 1191 4403 cardinalis
1215 4348 1326 4403 sancte
1350 4341 1453 4402 Marie
1476 4339 1507 4401 in
1530 4338 1725 4419 Cosmydyn
1749 4357 1790 4399 ss.
1815 4339 1863 4416 (2)

541 4429 562 4509 †
585 4430 658 4511 Ego
683 4427 760 4491 Odo
783 4430 939 4492 diaconus
963 4429 1131 4492 cardinalis
1154 4430 1257 4492 sancti
1280 4428 1428 4491 Nicholai
1452 4431 1483 4491 in
1508 4447 1638 4490 carcere
1660 4427 1809 4490 Tulliano
1833 4447 1876 4488 ss
1900 4429 1951 4506 (3)

490 4516 611 4581 Datum
635 4519 797 4592 Laterani,
830 4539 890 4602 per
913 4539 1044 4581 manum
1067 4519 1238 4592 ROLANDI,
1262 4527 1371 4603 sancte
1396 4517 1545 4602 Romane
1569 4517 1704 4580 ecclesie
1728 4515 1900 4597 presbiteri
1933 4538 2001 4579 car·

330 4603 447 4666 dinalis
464 4614 497 4668 et
512 4607 698 4670 cancellarii.
731 4607 836 4670 erl.
854 4608 1057 4671 Decembris.
1088 4608 1268 4671 Indictione
1284 4623 1316 4670 11.
1347 4607 1578 4670 Incarnationis
1594 4607 1758 4689 dominice
1775 4625 1859 4668 anno
1877 4617 1999 4670 MCLHI.

329 4693 539 4758 Pontificatus
562 4717 640 4760 vero
663 4697 775 4759 domni
799 4696 992 4760 ANASTASII
1014 4713 1067 4760 1111
1089 4718 1174 4760 anno
1198 4700 1314 4780 primo.
1336 4732 1381 4742 -

493 4810 535 4858 Or.
549 4809 613 4870 (ΕΒ.
625 4813 670 4870 20)
690 4811 745 4860 rand
759 4812 856 4861 Abschr.
876 4812 916 4861 des
933 4812 1074 4861 Brdlarr'um
1081 4819 1109 4876 p.
1123 4813 1164 4871 43,
1184 4811 1216 4860 im
1234 4811 1347 4861 Archivio
1369 4810 1501 4874 Capitolare
1519 4827 1547 4858 ru
1559 4811 1657 4868 Lucan
1675 4807 1799 4872 Absclm'st
1814 4807 1843 4857 G.
1863 4807 1935 4856 VIII.
1949 4809 1999 4857 2⁴3

325 4885 352 4942 p.
373 4881 421 4928 114
439 4881 482 4929 der
500 4883 561 4931 Br'bl.
584 4883 653 4947 Chigr'
667 4899 697 4932 su
713 4885 781 4934 Rom.

493 4954 533 5002 Or.
555 4953 623 5019 Perg.
642 4955 701 5016 ital,
720 4955 755 5004 br.
774 4957 842 5014 0,56,
861 4956 921 5019 lang
938 4955 1023 5015 0,755,
1047 4961 1121 5002 tantm
1139 4955 1219 5014 0,025
1237 4953 1424 5018 umgesclrlagen,
1449 4953 1527 5002 durch
1544 4953 1602 5001 zuei
1618 4951 1711 5000 Lh'rlrer
1723 4951 1781 5016 geht
1796 4952 1835 5000 die
1851 4951 1999 5015 starffadtge

329 5025 500 5088 ursprr'lnglr'ch
518 5027 651 5074 braunrosa
669 5026 850 5085 Seidcmclrmcr,
869 5027 940 5075 deren
958 5025 1083 5089 Blerst'egel
1096 5027 1212 5084 verloren,
1231 5026 1338 5088 Fallung
1355 5027 1398 5073 dtr
1415 5025 1511 5073 Bullen.
1547 5025 1595 5072 Die
1613 5023 1831 5088 Abrucriptsclmst
1848 5024 1880 5072 ist
1896 5026 2000 5072 &essem

328 5095 419 5154 ruatber,
442 5095 578 5160 Umsrhrr'st
593 5098 649 5145 und
667 5097 827 5163 Unterschn'fl
843 5097 933 5146 rr'ilrren
951 5113 999 5145 von
1012 5096 1117 5162 gleichrr
1132 5097 1280 5145 erdbrnuner
1299 5097 1371 5144 Dinte
1389 5097 1437 5154 her,
1462 5112 1509 5144 von
1528 5095 1568 5142 ihr
1590 5096 1645 5143 und
1658 5095 1764 5143 siemlich
1781 5095 1859 5143 sicher
1875 5095 1941 5142 auch
1958 5093 2000 5142 nr't

325 5167 428 5231 gleirlrer
444 5167 524 5216 Hand
540 5169 687 5234 geschriebm
712 5169 742 5217 ist
758 5170 794 5218 die
812 5170 945 5233 Datimug,
969 5183 1052 5216 aruscr
1069 5169 1113 5214 das
1131 5169 1154 5216 R
1172 5169 1287 5226 lr'olands,
1312 5168 1409 5216 ruelcbes
1427 5167 1470 5215 wie
1493 5167 1537 5214 dns
1555 5167 1691 5230 Ringkrrua
1715 5166 1830 5214 dunklerc
1847 5167 1926 5214 Dinte
1944 5165 1998 5229 aus·

328 5238 401 5287 rurist.
438 5239 567 5304 (R)olandi
587 5241 644 5305 πίῃ
666 5241 791 5306 halblnnge
808 5240 971 5298 Brulstabm,
996 5239 1062 5287 nicht
1083 5254 1108 5287 so
1126 5240 1186 5304 lang
1207 5239 1251 5286 ruzi
1271 5239 1403 5288 Anastasii.
1440 5239 1488 5286 Die
1506 5238 1626 5302 BIschoss·
1648 5238 1704 5286 und
1725 5238 1762 5286 die
1789 5237 1997 5304 Pvesdvteryfrmm

327 5309 386 5358 sind
399 5325 447 5359 von
461 5312 565 5376 gleiclrcr
580 5311 660 5360 Hand
673 5312 730 5360 und
744 5313 819 5360 Dinte
832 5312 949 5378 genracit,
968 5312 1034 5360 wohl
1048 5310 1110 5360 auch
1128 5311 1165 5359 die
1183 5310 1226 5358 der
1242 5310 1323 5358 beiden
1341 5310 1469 5359 Diakonm
1490 5310 1551 5360 orto.

487 5489 513 5554 a)
532 5506 545 5539 c
563 5491 615 5554 uus
628 5491 713 5540 Rusur
782 5491 809 5552 b)
828 5489 942 5555 rechrea
959 5491 1065 5540 Portica.
