4126 6366
308 329 372 393 334

305 501 443 565 ecclesia
465 499 528 563 sita
551 508 609 574 est,
633 518 707 562 cum
731 499 936 582 pertinentiis
959 501 1033 574 suis,
1058 520 1096 562 ca
1120 520 1261 582 quoque,
1286 521 1350 583 que
1366 501 1563 565 venerabilis
1579 500 1678 565 srater
1694 511 1807 566 noster
1838 498 1988 588 .P(istor),

305 590 498 654 Vicentinus
510 589 686 672 episcopus
699 587 731 673 ¹),
739 590 862 672 scripto
872 589 969 653 vobis
981 590 1147 652 autentico
1160 589 1366 654 confirmavit
1377 599 1410 653 et
1422 611 1482 654 vos
1495 591 1577 654 iuste
1590 601 1623 654 et
1635 592 1794 655 canonice
1804 591 1990 674 possidetis,

305 681 466 763 presentis
489 679 600 761 scripti
624 680 747 760 pagina
771 680 922 743 duximus
947 679 1142 753 roboranda,
1165 679 1320 742 videlicet
1343 680 1505 743 decimam
1523 681 1662 744 civitatis
1678 691 1785 745 vestre
1809 691 1844 744 et
1860 681 1991 746 Berrice

306 779 405 852 atque
436 769 478 832 de
500 768 626 831 cunctis
649 768 733 832 villis
764 769 807 832 ad
834 769 1029 832 canonicam
1054 769 1160 851 ipsam
1190 770 1426 851 spectantibus,
1460 770 1585 833 scilicet
1616 771 1658 834 de
1681 770 1758 833 villa
1781 791 1847 853 que
1872 771 1991 834 dicitur

305 859 449 935 Bassico,
473 856 698 932 Valmarienti,
722 858 890 934 Turmino,
914 857 1114 934 Arcuniano,
1138 857 1216 933 Pila,
1240 857 1345 935 Deba,
1369 859 1532 942 Longam,
1557 859 1742 935 Grauneda,
1773 860 1991 936 Rundeneda,

304 949 451 1023 Porcilla‚
476 945 600 1022 Casale‚
624 946 779 1024 Creieole,
796 947 985 1030 Vicorgoni,
1002 948 1119 1010 Runco
1143 947 1294 1024 mulieris,
1310 948 1470 1024 Paulecla,
1488 949 1637 1031 Crepule,
1653 950 1802 1025 Fabrica,
1819 949 1992 1032 Arquade,

305 1037 551 1112 Vicodonnarii,
568 1033 690 1098 Scarte.
723 1036 895 1100 Concessit
911 1038 1010 1100 etiam
1027 1046 1060 1099 et
1071 1037 1212 1099 firmavit
1223 1036 1429 1114 beneficium,
1447 1039 1538 1120 quod
1550 1039 1666 1102 habuit
1677 1039 1874 1104 Gauselmus
1890 1039 1991 1102 archi-

305 1127 475 1210 presbiter,
501 1128 532 1188 in
549 1126 697 1207 predicta
713 1125 844 1208 insuper
859 1126 991 1189 civitate
1015 1133 1048 1188 et
1071 1127 1202 1189 Berrica
1226 1127 1311 1190 intus
1335 1137 1368 1190 et
1392 1127 1479 1190 soris.
1512 1129 1660 1191 ¹Terram
1678 1131 1855 1192 aratoriam
1877 1139 1993 1192 sancte

306 1217 417 1292 Maric,
438 1216 559 1291 vineas,
584 1215 705 1278 cultam
729 1225 762 1278 et
778 1215 934 1279 incultam
950 1217 1168 1297 pertinentem
1186 1216 1228 1279 ad
1245 1215 1416 1278 ecclesiam
1433 1217 1543 1299 ipsius,
1567 1227 1601 1280 et
1616 1218 1777 1299 quidquid
1795 1219 1880 1280 iuste
1895 1218 1994 1280 vobis

305 1316 356 1369 est
378 1327 398 1368 a
421 1324 630 1387 quacumque
653 1325 796 1386 persona
819 1305 975 1381 relictum,
1000 1315 1036 1368 ut
1060 1305 1184 1368 dictum
1208 1315 1265 1380 est,
1291 1306 1380 1387 ipsas
1404 1326 1454 1370 res
1470 1327 1543 1369 cum
1561 1307 1652 1382 casis,
1677 1307 1789 1382 vineis,
1814 1327 1892 1370 cum
1909 1309 1995 1370 areis

304 1396 378 1472 suis,
396 1395 530 1476 campis,
551 1394 661 1476 pratis,
686 1395 824 1476 pascuis,
849 1394 944 1470 silvis,
969 1394 1119 1469 stillariis,
1143 1394 1230 1476 ripis,
1255 1395 1399 1477 rupibus,
1424 1396 1601 1471 montibus,
1625 1396 1778 1479 planitiis,
1803 1396 1994 1478 paludibus,

305 1483 512 1558 molendinis,
544 1483 782 1565 piscationibus
806 1483 901 1546 cultis
924 1491 959 1546 et
982 1483 1118 1560 incultis,
1150 1503 1313 1546 unacum
1337 1483 1465 1560 finibus,
1498 1485 1653 1561 terminis,
1687 1486 1936 1549 accessionibus
1960 1497 1995 1548 et

305 1574 417 1637 usibus
440 1593 666 1655 aquarumque
690 1573 889 1650 decursibus,
914 1592 988 1635 cum
1012 1573 1102 1635 omni
1127 1573 1195 1636 iure
1218 1573 1381 1636 adiacenti
1406 1582 1439 1637 et
1462 1575 1541 1656 ipsis
1563 1575 1660 1639 rebus
1676 1575 1873 1658 pertinente,
1896 1575 1995 1638 simul

305 1684 380 1726 curn
403 1662 641 1745 prenominatis
665 1662 801 1725 decimis
818 1664 850 1725 in
867 1663 1038 1745 integrum,
1063 1662 1128 1725 iam
1144 1661 1235 1725 dicta
1250 1663 1412 1726 canonica
1430 1684 1471 1727 eo
1488 1663 1604 1727 ordine
1619 1663 1751 1736 habeat,
1776 1675 1812 1728 ut
1827 1665 1993 1740 canonici,

306 1754 338 1816 in
363 1773 402 1815 ea
433 1751 591 1815 canonice
615 1752 772 1828 viventes,
801 1772 845 1814 ex
874 1753 921 1814 eis
950 1752 1110 1815 canonice
1139 1753 1253 1814 vivant
1285 1752 1489 1835 dominoque
1521 1753 1718 1836 obsequium
1749 1754 1909 1817 devotum
1935 1755 1993 1816 im·

305 1845 459 1925 pendant.
506 1840 721 1905 Confirmavit
743 1841 843 1904 etiam
866 1841 962 1904 vobis
987 1840 1158 1904 ecclesiam
1186 1842 1291 1905 sancti
1314 1841 1480 1905 Leutherii
1504 1850 1538 1905 et
1564 1853 1685 1906 terram
1714 1845 1891 1906 aratoriam
1917 1863 1995 1907 cum

305 1932 407 1996 vineis
430 1940 464 1994 et
487 1930 612 2013 campis
635 1940 669 1993 et
692 1950 766 1992 cum
790 1931 945 1994 omnibus
969 1931 1011 1995 ad
1036 1930 1176 1994 eandem
1200 1929 1373 1994 ecclesiam
1397 1931 1439 1995 de
1463 1933 1530 1995 iure
1554 1933 1788 2014 spectantibus,
1814 1933 1993 1996 ecclesiam

305 2020 458 2084 videlicet
473 2020 577 2082 sancti
594 2019 760 2082 Laurentii
782 2020 824 2083 de
839 2019 938 2083 Porta
962 2041 1055 2096 nova,
1080 2028 1113 2083 et
1136 2019 1307 2083 ecclesiam
1330 2021 1435 2084 sancti
1453 2021 1607 2098 Marcelli,
1632 2033 1665 2085 et
1688 2022 1862 2086 ecclesiam
1886 2023 1995 2086 sancti

305 2110 475 2193 Stephani,
493 2107 664 2172 ecclesiam
680 2110 783 2172 sancti
801 2110 913 2183 Marci,
929 2109 1102 2172 ecclesiam
1118 2110 1221 2173 sancti
1239 2110 1316 2185 Viti,
1333 2110 1505 2174 ecclesiam
1521 2111 1627 2175 sancti
1643 2113 1799 2188 Faustini,
1816 2112 1996 2175 ecclesiam

305 2200 409 2263 sancti
433 2198 585 2273 Leuterii,
610 2198 782 2262 ecclesiam
804 2200 908 2262 sancti
932 2199 1032 2274 Pauli,
1064 2198 1237 2262 ecclesiam
1259 2201 1363 2263 sancti
1387 2200 1554 2264 Laurentii
1578 2201 1621 2264 de
1643 2203 1783 2277 Berrice,
1816 2201 1996 2264 ecclesiam

305 2288 407 2354 sancti
424 2285 545 2364 Savini,
569 2287 742 2351 ecclesiam
758 2289 862 2351 sancti
878 2287 1074 2365 Salvatoris;
1099 2297 1192 2352 extra
1208 2309 1341 2370 quoque
1357 2289 1536 2353 civitatem:
1560 2291 1732 2354 ecclesiam
1748 2291 1790 2353 de
1806 2291 1994 2372 Imignano,

306 2378 479 2442 ecclesiam
495 2377 537 2440 de
553 2376 695 2452 Sovicio,
720 2378 892 2440 ecclesiam
913 2378 955 2440 de
970 2376 1112 2454 Cresole,
1136 2378 1307 2442 ecclesiam
1331 2378 1373 2442 de
1388 2379 1568 2461 Ritorgole,
1593 2381 1765 2443 ecclesiam
1782 2379 1825 2443 de
1841 2379 1995 2454 Fabrica,

307 2478 340 2531 et
352 2468 505 2531 ecclesias
519 2466 599 2530 duas
611 2466 653 2529 de
665 2467 856 2542 Braitesina‚
872 2467 1043 2530 ecclesiam
1061 2467 1102 2530 de
1118 2467 1343 2549 Arquignano,
1360 2466 1534 2532 ecclesiam
1549 2477 1663 2533 sancte
1674 2469 1804 2546 iustine,
1818 2469 1996 2532 ecclesiam

306 2557 410 2620 sancti
434 2556 640 2638 Apolenaris,
664 2556 836 2619 ecclesiam
861 2557 902 2619 de
926 2555 1207 2632 Cossarnvolonis,
1232 2557 1404 2620 ecclesiam
1429 2558 1470 2621 de
1493 2558 1656 2640 Longara,
1681 2559 1853 2621 ecclesiam
1877 2569 1996 2621 sancte

307 2646 427 2721 Crucis,
453 2646 531 2708 item
547 2645 701 2709 ecclesias
717 2645 798 2710 duas
815 2645 856 2708 de
872 2645 1028 2720 Scratico,
1053 2647 1223 2710 ecclesiam
1241 2647 1344 2709 sancti
1361 2645 1532 2711 Desiderii.
1572 2649 1698 2712 Omnes
1714 2648 1792 2710 istas
1809 2649 1995 2730 prescripte

307 2736 465 2799 canonice
481 2733 656 2798 Vicentine
671 2736 809 2798 ecclesie
825 2754 899 2797 cum
916 2735 1005 2797 omni
1022 2736 1089 2798 iure
1106 2745 1138 2798 et
1154 2736 1358 2818 pertinentiis
1381 2737 1447 2799 suis
1472 2737 1624 2800 duximus
1648 2737 1892 2800 confirmandas
1917 2757 1995 2799 cum

306 2825 444 2888 ecclesia
459 2825 558 2887 etiam
578 2825 682 2887 sancti
699 2824 820 2888 Iacobi.
850 2825 1001 2887 Preterea
1016 2826 1250 2906 possessiones,
1266 2825 1373 2889 eidem
1391 2826 1548 2890 canonice
1562 2825 1738 2890 Vicentine
1753 2835 1994 2908 competentes,

307 2914 545 2988 confirmamus
577 2913 731 2976 videlicet
760 2913 1001 2996 possessiones,
1034 2933 1115 2995 quas
1146 2914 1296 2996 predicta
1328 2916 1489 2978 canonica
1512 2916 1613 2979 habet
1637 2917 1670 2978 in
1693 2916 1850 2979 Vicencia
1873 2915 1928 2978 vel
1961 2916 1994 2978 in

306 3013 420 3066 monte
435 3003 574 3078 Berrice,
599 3013 633 3066 et
656 3003 688 3065 in
711 3004 835 3066 cultura
850 3002 1025 3065 Vicentine
1049 3004 1196 3080 civitatis,
1221 3023 1278 3066 seu
1294 3005 1395 3066 etiam
1419 3005 1451 3067 in
1468 3005 1624 3079 Leonico,
1648 3006 1681 3067 in
1697 3015 1812 3067 monte
1827 3005 1936 3078 Bello,
1961 3006 1994 3067 in

307 3093 490 3156 Monticulo
514 3091 636 3167 maiori,
665 3093 696 3154 in
722 3092 854 3167 Melet0,
879 3091 912 3154 in
936 3093 1114 3168 Dresceno,
1140 3093 1172 3155 in
1195 3093 1369 3170 Brendula,
1398 3094 1430 3157 in
1454 3092 1682 3176 Arquignano,
1716 3096 1748 3157 in
1780 3104 1874 3158 costa
1895 3095 1995 3157 vallis

307 3181 492 3258 Flumonis‚
533 3182 565 3244 in
598 3181 710 3243 Nanto
741 3191 774 3244 et
804 3181 1063 3262 Castegnedolo,
1094 3191 1127 3244 et
1159 3183 1192 3244 in
1216 3181 1358 3258 Soricio,
1393 3184 1425 3246 in
1454 3183 1630 3259 Custodia,
1664 3185 1697 3246 in
1728 3183 1925 3258 Conzaude,
1962 3185 1995 3246 in

307 3270 466 3352 Cignano,
498 3271 530 3332 in
562 3268 795 3351 Carmignano,
829 3271 861 3333 in
893 3271 1054 3347 Bulzauo,
1086 3271 1118 3333 in
1147 3282 1263 3335 sancto
1286 3273 1383 3335 Petro
1415 3273 1447 3335 in
1475 3273 1571 3348 Gudi,
1603 3293 1718 3336 nemus
1748 3274 1840 3355 quod
1872 3272 1996 3336 dicitur

306 3360 467 3424 canonica
499 3359 532 3422 in
555 3357 711 3436 Leiseria,
741 3360 772 3422 in
796 3358 963 3436 SendricO,
996 3359 1028 3422 in
1060 3359 1194 3442 Quinto,
1226 3361 1259 3423 in
1290 3360 1431 3436 Soledo,
1463 3362 1495 3425 in
1520 3362 1695 3444 Magrade,
1726 3363 1758 3424 in
1783 3362 1929 3437 Malato,
1962 3363 1994 3424 in

307 3450 509 3532 Campagna,
534 3449 567 3510 in
583 3448 751 3524 Grumolo,
777 3449 808 3510 in
825 3450 1003 3530 Bragance,
1028 3451 1060 3512 in
1077 3452 1170 3526 Fara,
1196 3451 1227 3512 in
1244 3449 1427 3533 Caldogno,
1453 3452 1485 3515 in
1503 3450 1644 3528 Cresole,
1662 3460 1792 3515 hecnon
1808 3453 1840 3514 in
1858 3453 1995 3515 civitate

306 3539 417 3603 Padue
441 3547 475 3602 et
497 3539 529 3601 in
550 3538 754 3620 pertinentiis
777 3539 852 3601 suis
898 3536 1036 3615 Dom05,
1061 3539 1278 3615 molendinos,
1303 3560 1409 3622 agros,
1433 3542 1546 3604 vineas
1570 3549 1603 3604 et
1626 3552 1751 3605 ceteras
1766 3541 1847 3604 alias
1864 3541 1993 3622 ubique

305 3629 548 3712 possessiones,
580 3627 747 3690 libertates
777 3648 911 3710 quoque
934 3637 968 3690 et
992 3628 1225 3703 immunitates,
1259 3631 1411 3712 antiquas
1435 3640 1468 3693 et
1491 3630 1700 3694 rationabiles
1723 3631 1992 3706 consuetudines,

306 3717 442 3782 ecclesie
453 3727 561 3781 vestre
573 3736 747 3780 concessas
763 3726 796 3780 et
807 3714 964 3780 hactenus
977 3718 1177 3794 observatas,
1195 3727 1281 3781 ratas
1292 3719 1453 3782 habemus
1465 3740 1587 3802 easque
1599 3720 1767 3802 perpetuis
1780 3721 1992 3802 temporibus

306 3808 447 3871 illibatas
471 3827 603 3870 manere
626 3807 798 3869 sancimus.
845 3806 928 3870 Cum
952 3816 1062 3870 autem
1089 3807 1242 3889 generale
1273 3807 1481 3872 interdictum
1512 3819 1596 3872 terre
1627 3809 1730 3886 suerit,
1762 3809 1860 3872 liceat
1881 3811 1991 3886 vobis,

304 3897 422 3961 clausis
445 3896 558 3973 ianuis,
589 3896 728 3960 exclusis
752 3895 1046 3960 excommunicatis
1069 3908 1102 3960 et
1126 3897 1315 3970 interdictis,
1347 3918 1415 3961 non
1438 3899 1575 3981 pulsatis
1598 3900 1778 3982 campanie,
1809 3919 1992 3981 suppressa

304 4007 388 4050 voce
411 3986 522 4049 divina
545 3985 655 4049 officia
670 3985 844 4049 celebrare.
882 3984 1097 4049 Decernimus
1113 4007 1201 4068 ergo,
1219 3997 1254 4049 ut
1270 3987 1348 4050 nulli
1365 3989 1501 4051 omnino
1518 3988 1685 4052 hominum
1702 3989 1807 4064 liceat,
1824 3987 1991 4070 prefatam

305 4076 476 4140 ecclesiam
501 4122 509 4137 .
534 4123 541 4136 .
565 4123 572 4136 .
596 4075 708 4138 usibus
729 4075 929 4138 omnimodis
946 4075 1124 4157 profutura,
1149 4075 1239 4139 salva
1254 4077 1342 4140 sedis
1357 4078 1541 4159 apostolice
1556 4079 1751 4142 auctoritate
1768 4088 1801 4140 et
1818 4078 1990 4140 diocesani

305 4167 454 4248 episcopi
487 4165 602 4228 debita
630 4165 818 4228 reverentia
872 4163 907 4228 Si
939 4185 1005 4246 qua
1035 4166 1224 4248 igitur...
1250 4165 1383 4230 Cunctis
1413 4177 1554 4230 autem.
1579 4217 1585 4230 .
1611 4214 1618 4229 .
1642 4168 1818 4231 inveniant
1866 4164 1989 4230 Amen.

305 4255 381 4319 Am.
405 4254 524 4318 Amen.
989 4323 991 4328 ,

518 4339 575 4423 (R)
599 4343 672 4423 Ego
696 4339 851 4405 Urbanus
875 4341 1035 4406 catholice
1059 4344 1196 4407 ecclesie
1219 4345 1395 4426 episcopus
1418 4365 1459 4407 ss.
1483 4344 1545 4425 (M)

518 4429 539 4514 †
562 4431 636 4512 Ego
656 4431 816 4494 Henricus
839 4430 1040 4496 Albanensis
1063 4435 1239 4515 episcopus
1263 4455 1303 4497 ss.

518 4518 539 4602 †
562 4521 636 4602 Ego
661 4517 778 4583 Paulus
800 4522 1008 4584 Prenestinus
1031 4525 1207 4605 episcopus
1229 4543 1270 4586 ss.

518 4645 561 4654 -
584 4608 605 4691 †
627 4610 701 4691 Ego
724 4609 837 4672 Petrus
862 4610 903 4673 de
925 4610 1022 4674 Bono
1046 4612 1208 4693 presbiter
1230 4610 1402 4674 cardinalis
1426 4611 1473 4673 tit.
1497 4615 1609 4674 sancte
1632 4610 1756 4674 Sabine
1779 4631 1820 4673 ss.

518 4701 539 4778 †
562 4697 636 4780 Ego
652 4698 823 4761 Laborans
843 4700 1006 4781 presbiter
1023 4700 1194 4764 cardinalis
1213 4702 1262 4763 tit.
1276 4707 1390 4764 sancte
1403 4700 1507 4763 Marie
1526 4699 1746 4762 transtiberim
1766 4707 1800 4762 et
1812 4697 1934 4763 Calixti
1946 4720 1987 4762 ss

518 4789 538 4865 †
562 4787 635 4869 Ego
659 4787 835 4850 Pandulsus
859 4789 1022 4871 presbiter
1044 4789 1216 4853 cardinalis
1240 4789 1285 4852 tit.
1309 4803 1358 4852 ΧΗ
1383 4789 1623 4871 Apostolorum
1647 4809 1688 4851 ss.

517 4877 538 4960 †
561 4875 634 4960 Ego
652 4877 770 4940 Melior
786 4879 949 4960 presbiter
963 4879 1136 4942 cardinalis
1160 4889 1349 4942 sanctorum
1365 4878 1520 4942 Iohannis
1536 4888 1570 4941 et
1584 4877 1674 4940 Pauli
1695 4879 1741 4940 tit.
1758 4877 1929 4940 Pamachii
1946 4899 1986 4940 ss.

518 4967 538 5047 †
561 4966 634 5046 Ego
659 4966 846 5030 Adelardus
870 4969 917 5032 tit.
941 4969 1045 5031 sancti
1070 4968 1215 5032 Marcelli
1237 4969 1400 5051 presbiter
1423 4967 1596 5030 cardinalis
1619 4989 1660 5030 ss.

518 5091 561 5102 -
585 5053 605 5138 †
629 5053 702 5137 Ego
726 5057 866 5120 lacintus
890 5066 1002 5121 sancte
1026 5057 1130 5121 Marie
1154 5059 1186 5120 in
1211 5058 1390 5122 Cosmedin
1414 5057 1572 5120 diaconus
1596 5055 1770 5119 cardinalis
1793 5076 1834 5118 ss.

517 5144 538 5227 †
560 5147 634 5229 Ego
658 5144 833 5209 Gratianus
855 5157 1044 5210 sanctorum
1076 5146 1197 5210 Cosme
1220 5155 1254 5210 et
1276 5147 1430 5210 Damiani
1456 5147 1613 5210 diaconus
1637 5145 1811 5208 cardinalis
1834 5166 1877 5208 ss.

518 5231 538 5316 †
562 5234 635 5318 Ego
660 5232 829 5297 Soffredus
852 5243 964 5298 sancte
989 5237 1093 5299 Marie
1117 5237 1148 5299 in
1171 5235 1233 5298 Via
1256 5236 1321 5299 lata
1344 5236 1503 5299 diaconus
1527 5233 1699 5299 cardinalis
1722 5253 1765 5296 ss.

517 5321 538 5406 †
561 5325 634 5408 Ego
658 5324 840 5388 Rollandus
863 5335 976 5388 sancte
999 5324 1104 5388 Marie
1128 5327 1160 5388 in
1184 5327 1314 5389 Porticu
1338 5326 1497 5389 diaconus
1520 5323 1693 5388 cardinalis
1717 5344 1758 5386 ss.

464 5414 541 5476 Dat.
565 5413 707 5490 Verone,
731 5435 791 5496 per
814 5434 947 5477 manum
970 5414 1110 5492 Alberti,
1137 5423 1250 5478 sancte
1274 5415 1425 5478 Romane
1455 5415 1592 5478 ecclesie
1614 5413 1788 5496 presbiteri
1812 5410 1985 5475 cardinalis

305 5623 389 5632 ...—..-
395 5629 399 5633 .
405 5627 704 5635 —u--v-—n--m—
715 5629 728 5634 .-

467 5743 490 5804 ι)
514 5739 599 5799 Pistor,
618 5739 720 5804 Bisthof
733 5757 781 5790 von
805 5741 912 5800 Vr'cenaa,
935 5741 1116 5790 1184-1204.
