4142 6366
825 525 891 600 Nr.
919 530 1008 603 2⁷1.

73 649 266 716 Alexander
283 653 350 717 III
367 653 520 736 bestdtzgt
541 653 621 720 Urso
636 655 675 720 di
689 655 794 720 Ronta
808 658 871 723 das
885 659 1043 724 Patronat
1065 661 1102 724 ἐκ
1121 658 1182 722 der
1202 656 1239 721 K
1241 659 1329 724 e'rclee
1351 659 1421 724 San
1436 658 1599 743 Silvestre,
1621 662 1755 728 welches

75 740 130 804 die
163 739 356 806 Kanone‘ker
383 765 444 808 von
476 743 617 808 Termole'
642 745 712 810 ilem
747 749 878 831 streitig
899 749 1032 814 marten
1054 749 1127 812 und
1155 749 1223 814 ilem
1245 769 1319 812 vom
1345 747 1529 815 Kardinale
1552 752 1668 816 Petrus
1690 753 1761 834 auf

502 831 610 897 see'ner
631 835 728 899 Reise
750 837 831 901 necle
864 836 1005 921 Venedig
1024 837 1259 923 augesprocleen
1283 839 1334 904 ist.

606 953 819 1016 1171-1178
834 953 1036 1028 Januaraa
1074 951 1215 1037 Anagm'.

239 1061 469 1130 ALEXANDER
501 1070 693 1152 episcopus,
728 1091 838 1134 servus
868 1092 1034 1135 servorum
1064 1072 1132 1144 dei,
1164 1071 1285 1135 dilecto
1316 1073 1383 1135 lilio
1416 1072 1535 1138 Ursoni
1569 1074 1611 1136 de
1634 1076 1753 1151 Ronta,

76 1151 216 1215 salutem
241 1165 274 1217 et
297 1157 515 1237 apostolicam
536 1155 540 1241 Ι
561 1160 836 1223 benedictionem.
883 1162 935 1224 Ex
959 1161 1123 1224 autentico
1147 1161 1270 1242 scripto
1286 1163 1396 1224 dilecti
1413 1161 1469 1224 filii
1485 1163 1586 1226 nostri
1626 1160 1753 1250 .P(etri),

76 1242 126 1304 tit.
159 1250 274 1306 sancte
296 1244 445 1309 Susanne
476 1248 647 1330 presbiteri
678 1251 851 1312 cardinalis
870 1247 902 1334 ¹),
932 1246 937 1334 Ι
966 1251 1062 1315 nobis
1086 1251 1235 1326 innotuit,
1267 1252 1367 1331 quod,
1397 1271 1472 1315 cum
1502 1253 1650 1315 canonici
1677 1253 1754 1317 Ter·

77 1331 279 1396 mulanensis
302 1335 438 1399 ecclesie
455 1333 481 1420 ²)
511 1337 571 1399 tibi
603 1339 652 1401 ius
683 1349 884 1420 patronatus,
916 1340 1007 1420 quod
1031 1340 1063 1401 in
1087 1340 1224 1403 ecclesia
1246 1341 1350 1403 sancti
1373 1340 1518 1404 Silvestri
1550 1341 1592 1403 de
1622 1343 1689 1405 iure
1721 1353 1754 1406 te

77 1421 303 1502 contingebat,
327 1425 506 1488 niterentur
527 1426 718 1490 subtrahere
742 1438 776 1490 et
799 1429 898 1491 etiam
920 1430 1117 1511 portionem,
1142 1449 1206 1510 que
1229 1430 1427 1511 reparationi
1450 1430 1596 1493 eiusdem
1619 1433 1755 1495 ecclesie

78 1511 235 1573 reservari
270 1513 429 1590 debebat,
472 1517 608 1579 tandem
638 1517 727 1579 idem
757 1518 946 1594 cardinalis,
985 1538 1044 1600 per
1075 1519 1242 1581 civitatem
1273 1518 1563 1583 Tremulanensem
1594 1522 1754 1584 transiens

77 1599 256 1662 Venetiam
279 1603 493 1684 prolecturus,
525 1606 567 1668 de
595 1606 752 1669 mandato
785 1617 897 1669 nostro
929 1628 1061 1670 causam
1084 1628 1182 1690 super
1204 1607 1268 1671 hoc
1293 1609 1465 1690 diligenter
1494 1609 1618 1673 audivit
1652 1621 1686 1673 et
1713 1612 1755 1674 de

78 1688 287 1753 consessione
306 1689 334 1776 ἃ)
358 1695 589 1757 canonicorum
613 1696 758 1776 ipsorum
782 1697 894 1772 tenuit,
926 1697 1017 1778 quod
1048 1698 1096 1759 ius
1126 1707 1319 1778 patronatus
1346 1699 1379 1760 in
1404 1698 1521 1760 eadem
1551 1699 1689 1763 ecclesia
1711 1700 1755 1762 ad

77 1787 110 1840 te
132 1779 323 1860 pertineret.
368 1781 449 1846 Inde
482 1785 594 1864 utique
625 1783 702 1860 suit,
735 1785 825 1866 quod
856 1786 945 1848 idem
975 1786 1148 1849 cardinalis
1175 1786 1374 1851 adiudicavit
1405 1787 1464 1850 tibi
1488 1788 1537 1849 ius
1560 1798 1754 1869 patronatus

79 1867 110 1928 in
132 1870 319 1951 prescripta
342 1872 480 1935 ecclesia
503 1883 536 1935 et
558 1874 679 1949 statuit,
704 1885 739 1937 ut
762 1875 881 1956 portin,
906 1896 970 1956 que
994 1875 1133 1938 debetur
1155 1876 1256 1958 ipsius
1279 1876 1415 1939 ecclesie
1440 1877 1562 1940 sabrice
1578 1887 1611 1941 et
1626 1878 1753 1954 clerico,

78 1956 157 2019 inibi
182 1958 319 2022 domino
343 1962 504 2035 servienti,
527 1962 580 2025 vel
604 1984 668 2045 que
690 1963 829 2026 debetur
851 1965 1060 2046 pauperibus,
1085 1965 1162 2027 nulli
1187 1965 1239 2028 alii
1260 1962 1288 2049 b)
1312 1967 1354 2028 de
1370 1975 1479 2028 cetero
1498 1963 1527 2050 b)
1546 1967 1754 2032 concedatur.

78 2046 158 2120 Nos,
190 2048 340 2111 volentes
367 2050 468 2113 robur
491 2052 601 2134 itaque
624 2051 784 2115 firmitatis
807 2053 937 2128 habere,
970 2055 1061 2136 quod
1084 2075 1103 2116 a
1125 2055 1276 2136 predicto
1299 2055 1456 2118 cardinali
1478 2064 1635 2119 statutum
1655 2054 1682 2141 οΙ
1706 2066 1755 2120 est

78 2135 109 2196 in
133 2135 197 2198 hac
221 2146 324 2218 parte,
352 2141 548 2230 sententiam
571 2141 648 2216 eius,
681 2142 764 2204 sicut
788 2142 1023 2206 rationabiliter
1046 2142 1112 2206 lata
1135 2153 1241 2206 estet
1264 2145 1297 2207 in
1321 2143 1419 2226 ipsius
1442 2144 1564 2226 scripto
1589 2146 1753 2209 autentico

77 2225 272 2302 continetur,
298 2229 492 2293 auctoritate
508 2231 692 2312 apostolica
708 2231 939 2294 confirmamus
955 2245 986 2296 et
1001 2234 1162 2314 presentis
1177 2234 1289 2315 scripti
1304 2232 1488 2315 patrocinio
1504 2235 1754 2298 communimus.

77 2312 284 2391 Statuentes,
315 2327 350 2380 ut
380 2318 458 2381 nulli
489 2320 624 2382 omnino
655 2319 827 2383 hominum
858 2322 967 2396 liceat,
1000 2320 1084 2385 hanc
1114 2322 1271 2405 paginam
1294 2333 1404 2386 nostre
1427 2321 1684 2387 confirmationis
1706 2324 1753 2386 in·

78 2401 219 2485 lringere
250 2406 302 2468 vel
340 2407 370 2468 ei
410 2407 614 2490 aliquatenus
645 2410 814 2472 contraire.
869 2409 904 2474 Si
937 2412 1010 2493 quis
1046 2421 1155 2474 autem
1190 2409 1255 2474 hoc
1285 2419 1481 2494 attemptare
1512 2413 1753 2494 presumpserit,

78 2493 341 2574 indignationem
364 2499 600 2580 omnipotentis
625 2497 678 2561 dei
702 2509 735 2562 et
749 2499 922 2563 beatorum
938 2501 1023 2564 Petri
1040 2510 1074 2564 et
1088 2500 1187 2578 Pauli,
1212 2501 1438 2582 apostolorum
1454 2502 1530 2578 eius,
1551 2498 1556 2586 Ι
1577 2521 1612 2566 se
1627 2501 1755 2566 noverit

79 2581 292 2646 incursurum.
316 2621 358 2630 -
381 2586 458 2651 Dat.
483 2585 646 2670 Anagnie,
669 2601 720 2650 1111
744 2589 796 2651 Kl.
821 2589 997 2653 Februarii.

243 2697 286 2747 Or.
305 2697 462 2766 (Pergameae
478 2701 574 2767 scr'olte),
593 2701 628 2753 im
646 2701 760 2752 Arrhivio
778 2703 805 2752 di
821 2703 888 2752 State
905 2719 935 2752 au
953 2703 1050 2766 Neapel.

243 2769 311 2837 Perg.
330 2771 390 2832 dal,
408 2773 444 2822 br.
463 2775 534 2833 om,
552 2775 613 2840 lang
630 2775 698 2835 0,27,
717 2781 795 2824 unua
814 2776 876 2834 0,02
895 2776 1083 2841 umgeschlagen,
1102 2775 1180 2828 durch
1200 2776 1218 2824 2
1235 2777 1329 2826 deher
1343 2777 1407 2842 ging
1423 2775 1460 2826 die
1478 2775 1584 2839 Schnur,
1607 2775 1693 2825 welche
1710 2773 1755 2825 mit

77 2839 128 2889 deur
147 2839 277 2906 Blein'egel
288 2845 404 2906 verterer,
424 2845 533 2912 Faltuerg
547 2845 592 2896 der
609 2847 711 2897 Breven.
748 2845 843 2912 Schr'fi
859 2847 927 2896 stark
943 2847 1084 2898 verbliclren.

825 3051 892 3126 Nr.
921 3055 1009 3126 272.

76 3175 264 3242 Alexander
277 3179 598 3267 IIIbefelele'gtdem
616 3181 747 3250 Kloster
761 3182 835 3250 San
858 3184 967 3248 Pietro
988 3184 1028 3248 de'
1053 3182 1209 3250 Cremona
1231 3185 1286 3249 die
1300 3185 1484 3270 Bee'legung
1501 3184 1606 3248 seines
1620 3183 1754 3249 Stree'tes

195 3270 259 3332 me't
270 3269 344 3334 dem
359 3269 508 3354 Be'scleose
529 3272 666 3339 Obertus
680 3295 744 3338 vore
764 3272 929 3354 Cremona,
950 3275 1014 3338 wze
1028 3271 1077 3338 sie
1091 3284 1184 3338 uerter
1202 3273 1341 3340 Ceilestin
1358 3272 1586 3357 IIgescleelten
1602 3273 1642 3352 ⁸).

696 3390 944 3463 1178Juni10.
976 3390 1128 3453 lateran.

240 3502 431 3568 Alexander
446 3507 631 3588 episcopus,
645 3527 756 3571 servus
771 3527 938 3571 servorum
955 3507 1016 3582 dei,
1034 3506 1161 3570 dilectis
1177 3505 1249 3569 filiis
1264 3505 1414 3581 Albert0‚
1435 3506 1548 3569 abbati
1565 3507 1752 3570 monasterii

77 3591 181 3654 sancti
205 3592 302 3669 Petri,
334 3595 423 3676 quod
448 3596 537 3676 apud
561 3595 757 3660 Cremonam
779 3597 878 3659 situm
901 3605 958 3672 est,
990 3597 1124 3676 eiusque
1148 3596 1308 3671 fratribus,
1332 3605 1401 3658 tam
1424 3595 1630 3678 presentibus
1654 3616 1753 3677 quam

77 3680 210 3757 tutans,
244 3683 425 3764 regularem
443 3682 472 3768 d)
498 3685 601 3747 vitam
633 3686 796 3767 professis
827 3699 866 3746 ΙΝ
889 3701 965 3749 ΡΡΜ.
989 3681 1058 3767 -Ι
1079 3685 1152 3766 Que
1183 3684 1293 3747 iudicii
1316 3685 1452 3748 veritate
1475 3683 1543 3747 sive
1575 3685 1754 3748 concordia

76 3771 255 3834 terminata
277 3783 368 3850 sunt,
396 3773 575 3837 litterarum
598 3775 720 3838 debeat
739 3773 766 3860 e)
790 3776 946 3838 memorie
970 3774 1202 3849 commendari,
1239 3793 1280 3836 ne
1310 3793 1487 3855 pravorum
1516 3773 1687 3837 hominum
1719 3775 1753 3837 in

76 3867 250 3942 posterum
278 3861 410 3925 valeant
439 3864 655 3945 refragatione
683 3861 688 3949 Ι
714 3865 846 3928 turbari.
900 3865 988 3927 Inter
1015 3884 1076 3927 vos
1106 3863 1268 3945 siquidem
1301 3873 1336 3926 et
1363 3863 1543 3938 Obertum,
1584 3862 1754 3945 quondam

77 3949 314 4014 Cremonesem
330 3954 532 4035 episcopum,
556 3975 653 4035 super
668 3955 805 4018 ecclesia
828 3962 940 4016 sancte
965 3953 1148 4033 Margarite,
1173 3953 1205 4014 in
1227 3952 1334 4033 burgo
1350 3949 1510 4015 Citanove
1533 3951 1652 4030 sitas),
1676 3973 1752 4015 con·

75 4040 237 4102 troversia
260 4050 311 4102 est
333 4041 453 4106 diutius
480 4044 612 4124 agitata,
644 4065 708 4126 que
731 4043 862 4106 abone
885 4043 1042 4104 memorie
1066 4042 1222 4118 Goizone,
1253 4041 1436 4123 presbitero
1460 4041 1616 4104 cardinali
1640 4051 1752 4105 sancte

76 4128 208 4203 Cecilie,
226 4128 395 4211 Gregorio,
413 4132 553 4195 diacono
570 4133 724 4196 cardinali
740 4143 927 4196 sanctorum
940 4130 1043 4213 Sergii
1056 4141 1089 4194 et
1100 4129 1210 4208 Bachi,
1227 4140 1261 4193 et
1272 4130 1433 4206 Guidone,
1450 4131 1597 4193 similiter
1612 4131 1753 4193 diacono

76 4217 234 4283 cardinali
258 4230 444 4283 sanctorum
461 4221 581 4284 Cosme
597 4231 629 4284 et
648 4222 811 4298 Damiani,
836 4241 878 4283 ex
903 4222 1059 4284 mandato
1084 4219 1185 4284 felicis
1208 4221 1365 4282 memorie
1387 4221 1627 4302 predecessoris
1651 4221 1752 4283 nostri

76 4310 271 4375 CELESTINI
287 4330 374 4390 pape
387 4307 413 4394 ⁴)
428 4309 492 4372 hoc
509 4311 611 4373 modo
627 4321 685 4386 est,
702 4312 847 4374 dictante
863 4310 992 4386 iustitia,
1008 4310 1190 4373 terminata.
1221 4307 1402 4374 Asserebas
1423 4319 1532 4372 autem
1548 4317 1592 4384 tu,
1616 4307 1752 4372 Alberte

76 4400 193 4476 abbas,
211 4399 302 4479 quod
318 4400 466 4479 predicta
480 4399 618 4463 ecclesia
634 4401 665 4461 in
679 4401 780 4463 sundo
793 4399 981 4463 monasterii
994 4401 1039 4462 tui
1056 4399 1119 4461 sita
1133 4400 1182 4475 sit,
1197 4400 1372 4480 episcopus
1383 4419 1460 4461 vero
1473 4397 1696 4480 respondebat
1713 4395 1752 4482 e),

77 4489 168 4571 quod
198 4485 337 4550 abbates
356 4485 386 4571 h)
415 4490 517 4551 sancti
542 4490 626 4552 Petri
658 4490 824 4570 predium,
856 4490 889 4550 in
920 4509 987 4569 quo
1019 4487 1155 4551 fundata
1185 4498 1235 4551 est
1264 4486 1401 4551 ecclesia
1432 4497 1544 4551 sancte
1568 4487 1752 4568 Margarite,

76 4579 137 4642 sub
162 4585 254 4642 certa
276 4579 437 4659 pensione
455 4575 484 4662 i)
506 4579 538 4640 in
563 4589 757 4660 perpetuum
781 4579 979 4642 locaverunt.
1025 4577 1186 4641 Addebat
1208 4578 1316 4651 etiam,
1340 4577 1430 4658 quod
1446 4578 1479 4638 in
1495 4575 1633 4640 ecclesia
1647 4577 1751 4639 sancti

75 4669 168 4731 Pauli
193 4668 226 4729 in
251 4663 420 4742 Citanova,
452 4688 516 4749 que
540 4687 559 4729 a
581 4668 731 4749 predicto
764 4667 962 4730 monasterio
993 4667 1187 4747 possidetur,
1220 4675 1370 4748 quartam
1399 4674 1528 4747 partem
1552 4665 1751 4729 decimarum

76 4769 110 4821 et
134 4755 342 4820 oblationum
364 4755 463 4819 vellet
486 4756 665 4839 episcopali
688 4758 756 4820 iure
779 4757 909 4822 habere.
955 4755 1088 4819 Auditis
1112 4756 1222 4836 itaque
1244 4756 1410 4836 utriusque
1440 4755 1541 4836 partis
1572 4754 1752 4818 rationibus

77 4858 110 4911 et
135 4847 312 4928 diligenter
334 4846 503 4927 inquisitis,
527 4846 645 4927 prelati
670 4846 850 4910 cardinales
874 4847 1018 4926 equitate
1033 4845 1151 4932 media
1173 4852 1361 4920 statuerunt,
1385 4845 1537 4926 quatinus
1558 4843 1753 4908 deecclesia

78 4945 194 5000 sancte
218 4935 395 5016 Margarite
419 4937 618 4998 monasterio
642 4937 744 4998 sancti
769 4934 855 4998 Petri
878 4955 937 4998 sex
965 4935 1116 4999 denarios
1146 4933 1228 4997 ultra
1258 4933 1387 4996 solitam
1416 4933 1619 5015 pensionem,
1652 4952 1752 5015 quam

76 5027 168 5108 prius
201 5025 243 5087 de
271 5030 372 5099 terra,
403 5023 435 5086 in
468 5044 534 5105 qua
563 5024 700 5089 fundata
731 5035 796 5102 est,
825 5025 963 5088 ecclesia
992 5024 1155 5098 habebat,
1185 5023 1346 5105 presbiter
1375 5022 1521 5086 eiusdem
1551 5021 1687 5086 ecclesie
1718 5022 1751 5083 in

77 5114 306 5195 assumptione
336 5112 433 5176 beate
457 5113 559 5176 Marie
590 5113 724 5195 singulis
755 5114 848 5177 annis
877 5114 1051 5195 persolvat.
1107 5111 1272 5186 Ceterum,
1305 5112 1382 5194 quia
1411 5112 1586 5194 episcopus
1617 5112 1650 5174 in
1680 5110 1751 5174 aliis

77 5203 215 5285 capellis
239 5209 389 5284 quartam
412 5210 540 5284 partem
564 5203 762 5266 decimarum
786 5213 819 5266 et
842 5203 1048 5266 oblationum
1071 5220 1138 5264 non
1165 5201 1319 5277 habebat,
1351 5207 1553 5276 censuerunt,
1584 5210 1628 5276 ut,
1660 5200 1751 5281 quod

444 5335 503 5342 η..-

240 5380 266 5440 a)
284 5378 343 5442 Ares
356 5379 441 5426 Rome
456 5393 504 5428 ven
522 5378 653 5428 dunklerer
670 5378 745 5428 Dinte
835 5379 860 5440 b)
879 5379 933 5443 auf
944 5380 1031 5427 Ii’asur
1046 5394 1095 5428 ven
1112 5377 1244 5427 dmatlerer
1260 5375 1336 5426 Dino
1424 5377 1449 5441 c)
1469 5382 1520 5426 tum
1538 5376 1590 5440 auf
1602 5377 1688 5426 Rasur
1704 5391 1752 5424 vore

77 5450 209 5500 dmeklerer
220 5449 296 5498 Dr'nte
368 5449 394 5512 d)
414 5449 458 5498 dae
475 5450 483 5499 l
501 5451 739 5515 rwucnngesctobm
756 5465 771 5498 a
789 5451 841 5515 aus
853 5453 938 5500 Rasur
954 5451 994 5499 des
1012 5451 1029 5512 l,
1047 5452 1110 5500 auch
1129 5465 1155 5498 re
1168 5451 1221 5513 aus
1233 5451 1318 5497 Rasur
1400 5449 1424 5512 e)
1443 5446 1536 5497 debent
1556 5449 1622 5497 1144
1640 5445 1751 5496 Mri‘eud

77 5523 96 5586 l)
116 5523 164 5572 sile
238 5526 264 5585 g)
284 5520 450 5585 respondebat
530 5521 558 5586 h)
577 5521 629 5585 auf
642 5521 711 5570 Fleck
793 5523 812 5588 i)
830 5523 897 5571 theiis
913 5528 1017 5572 eerst'o'rr.
1036 5561 1088 5566 -..
1108 5522 1143 5587 ,1)
1164 5521 1257 5579 Petrus,
1275 5518 1497 5583 Kardr'nnlpn'ester
1512 5518 1547 5567 tir.
1567 5518 1594 5568 S.
1612 5518 1748 5578 See-sannae,

76 5595 168 5646 ionem
195 5600 268 5642 irater
291 5593 428 5642 Alexander
443 5593 490 5642 Ill
508 5608 553 5641 vor
577 5609 632 5642 vom
656 5593 787 5656 September
813 5595 992 5646 1173-1181.
1101 5601 1127 5654 2)
1150 5592 1255 5642 Ternwlr'
1274 5591 1305 5639 r'st
1322 5591 1434 5641 Bisthum
1456 5598 1528 5640 enter
1549 5589 1592 5639 der
1608 5591 1745 5639 Endiduse

78 5669 215 5728 amm,
246 5665 303 5730 liegt
328 5681 369 5713 am
394 5664 555 5714 adriam
578 5665 656 5714 Meere
679 5664 705 5712 in
729 5666 772 5714 der
787 5665 860 5713 Nr'r'lee
884 5666 923 5714 des
947 5666 1055 5730 Biserno.
1174 5665 1201 5730 3)
1226 5663 1303 5729 Vergl.
1328 5663 1365 5711 de'e
1387 5662 1446 5712 Ure.
1471 5677 1525 5712 vom
1543 5663 1560 5710 8
1579 5661 1655 5711 Mein
1677 5663 1751 5712 1144·

78 5742 103 5804 4)
130 5738 210 5803 Vergl.
230 5735 267 5787 die
285 5735 367 5801 Bn'ese
386 5735 435 5786 Iter
452 5735 566 5786 Italicum
579 5743 606 5801 p.
625 5737 675 5785 467
693 5752 727 5802 sq.
