4126 6356
1058 513 1134 598 Nr.
1156 531 1217 602 98.

301 634 415 720 Engen
442 637 508 701 ΙΙΙ
530 636 646 703 ne'mmt
670 643 725 706 die
758 643 1032 732 Kollegiatkc'eche
1059 655 1162 722 Senta
1186 643 1301 724 Maria
1330 661 1370 724 di
1401 658 1486 722 Villa
1513 653 1650 720 Gemini
1674 650 1732 733 (D.
1758 646 1923 729 Perugia)
1952 624 1987 704 ῥ’

638 733 870 814 apostolischen
885 738 1004 806 Schnte
1018 745 1089 808 und
1100 747 1250 832 hesthte'gt
1264 749 1337 813 ihre
1351 747 1587 813 Besitetheimer
1604 747 1642 824 ¹).

870 847 954 909 1150
969 849 1145 917 December
1157 857 1191 918 2.
1224 855 1404 920 Ferentino.

461 964 647 1032 EUGENIUS
671 974 855 1058 episcopus,
879 999 992 1044 servus
1015 1003 1181 1050 servorum
1207 990 1269 1064 dei,
1294 990 1421 1054 dilectis
1445 988 1527 1062 filiis,
1551 983 1715 1050 canonicis
1737 982 1853 1078 sancte¹
1875 973 1987 1055 Mane

301 1048 344 1112 de
367 1049 451 1115 Ville
475 1051 603 1120 Gemini
619 1059 652 1136 ²),
681 1061 819 1128 salutem
852 1075 886 1130 et
915 1073 1133 1152 apostolicam
1157 1078 1433 1142 benedictionem.
1462 1075 1467 1161 l
1495 1077 1553 1141 Ad
1583 1074 1648 1138 hoc
1680 1065 1874 1134 universalrs
1903 1077 1987 1124 cura

301 1138 395 1203 nobis
417 1161 439 1203 a
461 1145 630 1225 provisore
653 1154 800 1216 omnium
822 1155 987 1222 bonorum
1009 1161 1074 1227 deo
1098 1168 1272 1231 commissa
1295 1177 1353 1244 est,
1377 1177 1411 1230 ut
1439 1167 1608 1248 religiosas
1629 1161 1801 1242 diligamus
1820 1168 1987 1254 personas

302 1236 335 1289 et
358 1229 642 1318 beneplalcentem
667 1240 804 1306 domino
828 1245 1018 1328 religionem
1043 1255 1232 1318 studeamus
1256 1259 1363 1321 modis
1387 1257 1540 1320 omnibus
1556 1267 1749 1336 propagare.
1794 1241 1868 1306 Nec
1891 1257 1987 1344 emm

301 1318 366 1380 deo
390 1328 503 1400 gratus
525 1322 699 1406 aliquando
715 1328 888 1397 famulatus
911 1337 1116 1420 impenditur,
1140 1347 1209 1420 nisi,
1233 1367 1276 1410 ex
1299 1347 1440 1410 caritatis
1457 1345 1566 1408 radice
1587 1338 1779 1424 procedens
1802 1354 1822 1395 a
1837 1337 1989 1436 puritate

301 1405 466 1488 religionis
481 1409 579 1475 luerit
599 1416 816 1483 confirmatus.
855 1423 1010 1509 Ideoque,
1033 1430 1144 1495 dilecti
1161 1437 1193 1496 in
1209 1436 1345 1498 domino
1369 1435 1433 1510 filii,
1457 1434 1571 1497 vestris
1596 1431 1687 1493 iustis
1702 1417 1989 1522 postulatrmuhus

300 1499 591 1564 accommodantes
614 1524 793 1587 assensum,
817 1515 999 1594 predictam
1024 1519 1121 1607 beate
1144 1522 1248 1612 Marie
1271 1524 1439 1588 ecclesiam
1463 1523 1506 1586 de
1521 1519 1615 1584 Valle
1639 1513 1767 1601 gemini.
1789 1513 1843 1575 cui
1867 1509 1987 1571 d¹V¹¹¹⁰

302 1589 478 1669 mancipati
502 1592 580 1652 estis
604 1593 775 1678 obsequio,
806 1621 879 1664 cum
912 1607 1065 1670 omnibus
1097 1614 1361 1692 possessionibus
1392 1614 1459 1676 suis
1492 1611 1553 1675 sub
1583 1609 1672 1672 beati
1695 1603 1781 1668 Petri
1813 1608 1847 1663 et
1862 1603 1989 1700 'nostra

301 1678 509 1756 protectione
538 1682 733 1765 suscipimus
763 1697 797 1750 et
825 1695 984 1772 presentis
1007 1699 1119 1781 scripti
1159 1704 1337 1783 patrocinio
1368 1701 1625 1774 communimus,
1664 1694 1755 1758 salva
1796 1692 1921 1788 iustttra
1955 1693 1989 1746 et

302 1766 481 1828 reverentia
504 1771 633 1833 maioris
656 1774 810 1841 Perusine
833 1780 979 1871 ecclesie.
1025 1787 1061 1848 ln
1084 1790 1197 1870 primis
1220 1792 1379 1871 siquidem
1402 1797 1592 1864 statuentes,
1623 1795 1659 1848 ut
1690 1781 1774 1846 ordo
1798 1793 1989 1882 canonicus,

302 1853 356 1932 qui
379 1853 410 1916 in
428 1854 567 1920 ecclesia
582 1869 690 1926 vestra
710 1869 889 1932 secundum
906 1872 959 1936 dei
976 1877 1128 1940 timorem
1145 1887 1179 1942 et
1193 1880 1282 1948 beati
1298 1880 1472 1962 Augustini
1489 1877 1631 1961 regulam
1649 1873 1794 1938 noscitur
1808 1872 1987 1935 mstrtutus,

302 1946 471 2024 perpetuis
487 1947 566 2009 inibi
582 1953 787 2033 temporibus
802 1957 1029 2026 inviolabiliter
1044 1977 1261 2033 conservetur.
1293 1967 1474 2033 Statuimus
1489 1971 1598 2042 etiam,
1614 1973 1650 2027 ut
1665 1975 1890 2062 quascumque
1907 1973 1987 2038 pos·

302 2032 473 2109 sessiones,
489 2053 696 2119 quecumque
711 2041 801 2108 bona
817 2048 933 2113 eadem
950 2053 1089 2118 ecclesia
1104 2057 1137 2120 in
1152 2059 1387 2140 presentiarum
1404 2058 1486 2121 iuste
1508 2067 1543 2121 et
1565 2054 1722 2120 canonice
1745 2048 1904 2150 possrdcla
1930 2049 1988 2104 aut

303 2121 336 2182 in
353 2119 496 2185 futurum
513 2131 725 2194 concessione
748 2136 949 2216 pontificum,
974 2141 1146 2225 largitione
1169 2167 1282 2229 regum
1299 2147 1350 2211 vel
1373 2150 1565 2230 principum,
1589 2143 1760 2208 oblatione
1780 2135 1932 2200 fidelrum
1954 2128 1988 2212 a)

302 2227 360 2270 seu
391 2208 459 2272 aliis
483 2215 574 2276 iustis
598 2219 713 2296 modis,
736 2234 924 2304 praestante
943 2227 974 2306 bl
998 2231 1145 2310 domino,
1168 2239 1293 2318 poterit
1315 2237 1459 2318 adipisci,
1483 2235 1577 2299 firma
1596 2232 1690 2296 vobis
1705 2229 1889 2307 vestrisque
1913 2241 1989 2284 suc·

304 2299 486 2362 cessoribus
509 2303 542 2364 in
573 2317 769 2389 perpetuum
802 2322 835 2375 et
865 2315 989 2382 illibata
1020 2333 1241 2403 permaneant.
1286 2328 1322 2389 ln
1351 2327 1471 2408 quibus
1494 2325 1556 2388 hec
1580 2320 1719 2406 propriis
1746 2316 1903 2379 duximus
1929 2330 1986 2412 ex·

302 2387 474 2468 primenda
496 2394 677 2458 vocabulis:
708 2400 862 2482 quicquid
887 2404 1017 2471 habetis
1041 2411 1072 2472 in
1088 2411 1176 2476 Villa
1191 2416 1322 2496 gemini,
1346 2415 1502 2498 quicquid
1519 2413 1648 2477 habetis
1664 2412 1697 2473 in
1714 2405 1869 2478 curtibus,
1893 2419 1987 2503 qute-

303 2475 382 2556 quid
399 2475 528 2542 habetis
551 2483 584 2544 in
608 2487 747 2565 viniolis,
771 2493 927 2573 quicquid
951 2498 1091 2563 ecclesia
1106 2511 1214 2566 vestra
1230 2502 1330 2567 habet
1347 2525 1366 2567 a
1381 2505 1565 2586 presbitero
1580 2498 1743 2564 Rainaldo
1764 2497 1802 2580 ὓ),
1827 2508 1987 2555 001150010

302 2572 421 2641 vestre,
449 2576 483 2630 et
506 2572 659 2653 quicquid
684 2574 814 2642 habetis
838 2583 870 2644 in
893 2585 1025 2666 planitie
1047 2589 1184 2654 Tiberis.
1229 2592 1316 2656 Nulli
1346 2614 1425 2676 ergo
1456 2593 1626 2656 hominum
1659 2589 1707 2652 fas
1737 2588 1798 2686 sit,
1819 2579 1989 2666 prefatum

302 2653 412 2717 locum
435 2663 560 2722 temere
583 2665 775 2743 perturbare
797 2678 854 2734 aut
876 2675 946 2736 eius
969 2681 1195 2758 possessiones
1219 2683 1345 2746 auferre
1360 2684 1413 2746 vel
1436 2683 1562 2746 ablatas
1586 2681 1733 2751 retinere,
1756 2690 1902 2738 minuere
1927 2687 1987 2730 seu

302 2741 464 2823 aliquibus
494 2751 722 2817 vexationibus
753 2756 908 2841 fatigare,
937 2773 988 2828 set
1019 2771 1129 2832 omnia
1160 2773 1287 2853 integra
1316 2780 1549 2836 conserventur
1579 2788 1707 2842 eorum,
1745 2784 1806 2847 pro
1840 2777 1986 2862 quorum

302 2832 540 2914 gubernatione
563 2847 596 2902 et
619 2844 883 2913 substentatione
912 2872 1067 2918 concessa
1090 2868 1174 2935 sunt,
1204 2861 1317 2924 usibus
1341 2861 1541 2925 omnimodis
1564 2857 1743 2942 profutura,
1773 2851 1864 2914 salva
1892 2847 1987 2911 sedis

302 2921 482 3011 apostolice
504 2931 699 2995 auctoritate
723 2943 757 2996 et
784 2936 951 3004 diocesani
975 2945 1123 3029 episcopi
1147 2951 1307 3013 canonica
1330 2952 1461 3014 iustitia.
1507 2947 1543 3013 Si
1568 2968 1633 3031 qua
1656 2945 1751 3028 igitur
1780 2942 1813 3004 in
1837 2938 1988 3001 futurum

303 3011 520 3078 ecclesiastica
541 3018 736 3086 secularisve
766 3045 916 3107 persona,
946 3029 1032 3096 hanc
1060 3046 1172 3100 nostre
1203 3041 1417 3120 protectionis
1445 3041 1598 3123 paginam
1630 3037 1746 3110 sciens,
1770 3037 1885 3093 contra
1910 3045 1986 3089 eam

302 3109 427 3164 temere
457 3105 566 3169 venire
597 3116 817 3192 temptaverit,
847 3122 993 3184 secundo
1023 3128 1162 3190 tertiove
1194 3131 1403 3204 commonita,
1435 3131 1461 3192 si
1492 3150 1560 3192 non
1591 3124 1816 3189 satisfactione
1838 3133 1987 3198 congrua

303 3190 541 3271 emendaverit,
570 3203 745 3278 potestatis
774 3201 974 3291 honorisque
1001 3213 1050 3275 sui
1073 3215 1230 3296 dignitate
1262 3227 1379 3292 careat,
1410 3227 1444 3282 et
1473 3238 1493 3280 a
1523 3217 1743 3280 sacratissimo
1776 3224 1919 3310 corpore
1953 3211 1987 3266 et

303 3279 459 3360 sanguine
482 3283 536 3346 dei
553 3292 586 3347 et
601 3287 733 3364 domini,
757 3294 976 3379 redemptoris
993 3305 1095 3365 nostri
1117 3303 1190 3368 Iesu
1207 3303 1335 3384 Christi,
1356 3307 1541 3372 alienafiat
1580 3304 1712 3368 Cunctis
1728 3306 1848 3371 autem,
1872 3294 1985 3358 erdem

303 3367 379 3430 loco
407 3389 466 3432 sua
496 3373 565 3436 iura
594 3380 806 3458 servantibus,
829 3387 872 3448 sit
902 3408 970 3470 pax
999 3391 1124 3455 domini
1146 3395 1248 3458 nostri
1271 3397 1343 3460 Iesu
1367 3395 1495 3472 Christi,
1519 3396 1671 3478 quatinus
1695 3390 1803 3455 ethic
1826 3382 1984 3468 irulctum

303 3455 391 3520 bone
409 3456 439 3535 d)
454 3463 592 3526 actionis
607 3470 801 3550 percipiant,
825 3482 859 3560 et
874 3479 964 3559 apud
980 3479 1163 3546 districtum
1179 3485 1320 3548 iudicem
1345 3488 1470 3569 premia
1494 3494 1606 3549 eterne
1629 3482 1717 3566 pacis
1740 3479 1919 3543 inveniant.
1944 3507 1986 3519 -

305 3545 381 3608 Dat.
405 3547 569 3614 Ferentini
589 3552 634 3632 θ),
669 3577 728 3639 per
752 3580 884 3626 manum
908 3566 1086 3646 Mariniani,
1109 3581 1221 3658 sancte
1245 3573 1392 3663 Romane
1413 3573 1418 3661 1
1439 3575 1576 3662 ecclesie
1598 3572 1776 3654 scriptoris.
1822 3580 1875 3630 1111
1898 3562 1987 3627 Non.

303 3636 481 3700 Decembr.
528 3640 711 3709 Indictione
733 3663 818 3714 xlm.
865 3655 1099 3722 lncarnationis
1123 3661 1286 3751 dominice
1309 3685 1397 3728 anno
1420 3675 1501 3727 McL.
1538 3661 1754 3727 Pontificatus
1770 3676 1848 3721 vero
1870 3651 1988 3718 domni

304 3722 446 3807 Eugenii
470 3727 529 3793 ΡΡ.
553 3745 592 3796 111
616 3753 702 3798 anno
726 3748 832 3804 sexto.
855 3777 900 3789 -

467 3843 510 3892 Or.
530 3843 678 3906 (Fec'crliches
696 3851 782 3919 Breve)
801 3855 835 3904 im
853 3855 968 3910 Archivie
990 3863 1123 3927 capitolare
1140 3882 1170 3914 nc
1190 3867 1303 3933 Per-ugia.

340 3981 345 3992 Ι
466 3915 536 3980 Perg.
555 3917 616 3979 etat,
644 3921 679 3970 br.
699 3924 787 3986 OM,
815 3930 877 3996 lang
892 3933 962 3992 0,33,
986 3943 1062 3984 renen
1080 3938 1158 3996 O‚024
1179 3939 1372 4004 umgcschlcgen‚
1401 3938 1480 3988 durch
1504 3939 1562 3987 snei
1577 3938 1670 3987 Licher
1689 3935 1747 4002 geht
1767 3934 1817 3983 eine
1834 3928 1988 4012 mgtfb‘

305 3981 487 4045 Scrdcmchmcr,
506 3987 578 4037 deren
595 3993 721 4058 Blehr'cgcl
735 4001 851 4049 verloren.
889 4003 999 4070 Faltnng
1015 4009 1060 4056 der
1076 4009 1161 4074 Lange
1184 4010 1248 4058 nach
1273 4013 1348 4070 dmal,
1373 4011 1417 4060 der
1434 4011 1517 4075 Streif
1526 4011 1556 4075 je
1576 4007 1608 4070 ¹la
1627 4025 1674 4058 von
1696 4009 1752 4057 oben
1772 4004 1829 4054 und
1842 4008 1920 4050 mm
1936 4016 1988 4087 ξ’*

299 4053 450 4120 gesehlagen.
487 4058 535 4108 Die
557 4060 618 4112 Uele.
636 4066 703 4114 recht
720 4067 844 4119 durchanr
861 4073 898 4122 die
915 4077 1139 4128 Anesserlichkeiten
1156 4081 1197 4130 des
1215 4083 1303 4131 Breues
1321 4082 1375 4146 arcs,
1395 4082 1454 4132 doch
1471 4083 1502 4132 ist
1519 4083 1571 4147 aus
1585 4081 1671 4130 Linien
1686 4077 1846 4146 geschn'chen,
1872 4074 1911 4122 dte
1931 4073 1989 4120 “bv

305 4124 342 4172 die
351 4125 409 4189 frci
430 4127 555 4179 schenden
578 4133 730 4187 Seitenlinien
751 4143 902 4206 gerothnlich
925 4148 960 4196 bis
984 4166 1018 4199 an
1041 4150 1078 4201 die
1096 4152 1193 4202 Kanten
1213 4153 1298 4218 gehen.
1336 4155 1383 4202 Dic
1401 4154 1495 4219 Schnfl
1517 4153 1603 4202 besteht
1625 4168 1680 4200 eum
1701 4155 1826 4216 grisserm
1848 4145 1922 4195 Thefl
1943 4159 1988 4193 Ν

304 4196 541 4261 Bedlnrbuchrlahnr,
560 4204 597 4253 die
608 4205 749 4272 Mcy'nrkcln
766 4214 828 4261 nach
845 4215 919 4265 tinem
940 4218 1037 4270 Punkte
1054 4229 1133 4284 eluens,
1153 4224 1211 4273 doch
1228 4225 1295 4274 nr'cht
1311 4227 1378 4274 scark
1396 4225 1589 4291 heenorgehoben,
1608 4240 1649 4273 am
1667 4223 1764 4272 meisi&
1781 4220 1819 4274 Sll
1837 4221 1905 4284 quel.
1933 4218 1988 4300 ‘Off'

305 4267 402 4316 Datum
425 4269 488 4320 reiht
509 4273 559 4321 sich
583 4279 740 4330 unmitlelhar
764 4300 798 4334 an
822 4286 867 4334 das
890 4290 953 4339 letare
977 4292 1182 4360 Konscriptwort,
1209 4297 1240 4344 ist
1256 4312 1304 4345 non
1318 4297 1423 4362 ghichcr
1449 4297 1529 4346 Hand
1544 4297 1589 4345 wne
1613 4296 1658 4344 das
1679 4294 1777 4358 vertige
1799 4291 1935 4355 'mdfilm
1952 4289 1988 4337 ὧι

304 4337 401 4421 ’ΜΨ
420 4341 481 4392 Z‘il‘
502 4345 563 4393 ’Μ’
585 4365 656 4414 gam·
677 4378 710 4388 -
729 4354 777 4403 Dic
804 4357 980 4429 hbmuiirnng
1005 4365 1044 4414 des
1076 4367 1237 4417 Vomhrnenr
1263 4369 1295 4416 ise
1320 4368 1356 4416 die
1382 4370 1422 4418 des
1440 4370 1532 4428 Breve,
1559 4368 1598 4417 die
1625 4367 1665 4416 des
1689 4363 1844 4428 Kntscriptes
1867 4363 1925 4412 und
1947 4363 1990 4411 der

305 4410 434 4478 Danrnng
451 4413 488 4464 dic
505 4416 550 4467 der
566 4420 646 4481 Belle,
666 4424 768 4474 welcher
783 4429 848 4477 arech
865 4431 909 4480 der
926 4435 1010 4484 Inhalt
1027 4439 1163 4502 cntspricht.

1066 4641 1132 4716 Nr.
1165 4647 1225 4718 99.

306 4747 421 4831 Eugen
437 4751 503 4815 III
519 4753 671 4842 bestetzjgt
691 4761 764 4826 elem
780 4766 992 4852 Domkape'tel
1011 4795 1072 4839 von
1089 4777 1169 4839 Pisa
1191 4776 1246 4840 die
1277 4776 1442 4859 Theilung,
1469 4775 1589 4839 welche
1609 4772 1813 4853 Erebischof
1842 4769 1988 4834 Villamcs

306 4857 371 4900 von
398 4840 479 4904 Pisa
506 4845 569 4908 mit
592 4845 694 4913 eninm
729 4852 841 4920 Walde
867 4880 927 4922 oon
965 4860 1091 4928 Tomuli
1114 4863 1274 4929 ewe'schen
1302 4867 1370 4930 ihm
1402 4865 1471 4928 und
1495 4865 1569 4928 elem
1594 4862 1725 4928 Kloster
1750 4859 1819 4926 San
1847 4861 1988 4924 Russore

864 4949 924 5025 (D.
940 4948 1043 5032 Pisa)
1058 4976 1300 5039 vergenommcn
1315 4955 1375 5018 hat
1390 4956 1428 5035 Β).

889 5069 971 5130 1151
989 5069 1128 5143 Jannae
1140 5075 1195 5135 29.
1228 5069 1405 5135 Ferentino.

469 5178 638 5264 EUgenius
654 5191 839 5277 episcopus
862 5219 974 5264 servus
995 5223 1162 5268 servorum
1188 5207 1250 5279 dei,
1274 5205 1403 5268 dilectis
1426 5204 1508 5280 filiis,
1530 5204 1634 5267 Leoni
1657 5199 1934 5284 archipresbitero
1957 5205 1988 5260 et

307 5268 473 5332 canonicis
481 5271 597 5336 Pisane
614 5279 758 5372 ecclesie,
779 5283 784 5370 Ι
804 5287 944 5353 salutem
961 5301 995 5355 et
1010 5294 1227 5375 apostolicam
1243 5295 1519 5358 benedictionem.
1552 5291 1660 5356 Officii
1675 5292 1777 5356 nostri
1793 5290 1987 5353 auctoritate

309 5373 370 5382 ——.

468 5415 494 5476 a)
512 5433 527 5467 e
546 5388 777 5478 hanchem-cetur
793 5445 840 5478 arcs
856 5430 865 5478 i
882 5430 1015 5498 hergestellt
1120 5437 1148 5500 b)
1168 5452 1198 5486 ae
1215 5435 1294 5484 durch
1312 5436 1446 5486 Korrectur
1455 5451 1501 5484 ares
1520 5451 1535 5483 a
1553 5434 1685 5499 hergestcllt
1790 5430 1815 5498 c)
1835 5433 1883 5480 dar
1899 5437 1988 5480 mist

307 5480 387 5550 dnrch
405 5482 540 5540 Korrechcr
555 5509 602 5542 aur
620 5512 636 5545 o
654 5497 787 5565 hergenellt
869 5502 896 5568 d)
917 5519 931 5552 e
949 5505 1028 5554 durch
1045 5508 1130 5556 Rarur
1146 5507 1202 5556 und
1217 5507 1353 5557 Kcrrectnr
1369 5507 1501 5572 hergestcllt
1584 5509 1609 5572 e)
1628 5507 1681 5570 nus
1694 5506 1785 5553 Ram·
1804 5542 1859 5549 -
1879 5506 1914 5565 ·¹l
1934 5506 1988 5554 ΒΝ

312 5553 394 5604 Gnilic
403 5557 521 5623 Bocchi,
540 5567 663 5630 Arcipren
679 5571 742 5622 della
758 5573 892 5624 Cattcdrale
908 5575 951 5624 hoe
967 5577 1018 5626 mir
1037 5578 1083 5627 dns
1093 5579 1275 5643 Kapitelarchc'v
1292 5595 1340 5628 von
1359 5579 1465 5644 Pemgic
1481 5580 1534 5644 arcs
1546 5579 1590 5626 dns
1602 5575 1831 5642 Liebenneiirdgste
1848 5573 1988 5642 mgdnglich

303 5627 423 5695 gemacht.
437 5658 470 5667 —
489 5633 567 5702 Vergl.
587 5641 625 5690 die
645 5642 705 5694 Uri.
724 5661 779 5696 vom
798 5647 830 5693 12
841 5647 973 5710 September
991 5651 1065 5702 1170.
1140 5657 1166 5717 2)
1191 5651 1260 5700 Villa
1284 5651 1391 5710 Gemini,
1407 5651 1478 5716 frat.
1497 5651 1539 5700 dcl
1554 5666 1613 5700 coen.
1633 5649 1660 5698 di
1678 5648 1791 5716 Perage.
1866 5649 1895 5714 3)
1913 5647 1989 5713 Vnst·

308 5699 346 5749 die
367 5700 426 5753 Urk.
445 5721 501 5754 veen
519 5713 556 5762 20
573 5716 704 5765 December
721 5721 795 5768 1155.
