<?xml version="1.0" encoding="UTF-8"?>
<!DOCTYPE html PUBLIC "-//W3C//DTD XHTML 1.0 Transitional//EN"
    "http://www.w3.org/TR/xhtml1/DTD/xhtml1-transitional.dtd">
<html xmlns="http://www.w3.org/1999/xhtml" xml:lang="en" lang="en">
 <head>
  <title>
</title>
<meta http-equiv="Content-Type" content="text/html;charset=utf-8" />
  <meta name='ocr-system' content='tesseract 3.04.00' />
  <meta name='ocr-capabilities' content='ocr_page ocr_carea ocr_par ocr_line ocrx_word'/>
</head>
<body>
  <div class='ocr_page' id='page_1' title='image "./actapontificumr00hargoog_0158.png"; bbox 0 0 4126 6356; ppageno 0'>
   <div class='ocr_carea' id='block_1_1' title="bbox 335 323 395 406">
    <p class='ocr_par' dir='ltr' id='par_1_1' title="bbox 335 323 395 406">
     <span class='ocr_line' id='line_1_1' title="bbox 335 323 395 406; baseline 0 -16"><span class='ocrx_word' id='word_1_1' title='bbox 335 323 395 406; x_wconf 80' lang='lat'>146</span> 
     </span>
    </p>
   </div>
   <div class='ocr_carea' id='block_1_2' title="bbox 327 508 2008 2021">
    <p class='ocr_par' dir='ltr' id='par_1_2' title="bbox 328 508 2008 1220">
     <span class='ocr_line' id='line_1_2' title="bbox 330 508 2007 602; baseline -0.004 -24"><span class='ocrx_word' id='word_1_2' title='bbox 330 514 391 578; x_wconf 90' lang='lat' dir='ltr'>hec</span> <span class='ocrx_word' id='word_1_3' title='bbox 421 516 558 597; x_wconf 90' lang='lat' dir='ltr'>propriis</span> <span class='ocrx_word' id='word_1_4' title='bbox 588 515 739 578; x_wconf 87' lang='lat' dir='ltr'>duximus</span> <span class='ocrx_word' id='word_1_5' title='bbox 770 508 998 602; x_wconf 88' lang='lat' dir='ltr'>exprimenda]</span> <span class='ocrx_word' id='word_1_6' title='bbox 1030 515 1216 580; x_wconf 90' lang='lat' dir='ltr'>vocabulis:</span> <span class='ocrx_word' id='word_1_7' title='bbox 1249 511 1420 578; x_wconf 90' lang='lat' dir='ltr'>ecclesiam</span> <span class='ocrx_word' id='word_1_8' title='bbox 1451 511 1540 578; x_wconf 90' lang='lat' dir='ltr'>beati</span> <span class='ocrx_word' id='word_1_9' title='bbox 1568 513 1720 578; x_wconf 89' lang='lat' dir='ltr'>Nlcholai</span> <span class='ocrx_word' id='word_1_10' title='bbox 1754 514 1796 576; x_wconf 93' lang='lat' dir='ltr'>de</span> <span class='ocrx_word' id='word_1_11' title='bbox 1819 510 2007 584; x_wconf 89' lang='lat' dir='ltr'>Virolente,</span> 
     </span>
     <span class='ocr_line' id='line_1_3' title="bbox 330 602 2008 690; baseline -0.004 -22"><span class='ocrx_word' id='word_1_12' title='bbox 330 606 499 668; x_wconf 89' lang='lat' dir='ltr'>ecclesiam</span> <span class='ocrx_word' id='word_1_13' title='bbox 536 605 624 666; x_wconf 93' lang='lat' dir='ltr'>beati</span> <span class='ocrx_word' id='word_1_14' title='bbox 656 604 789 687; x_wconf 87' lang='lat' dir='ltr'>Georgii</span> <span class='ocrx_word' id='word_1_15' title='bbox 821 607 862 668; x_wconf 94' lang='lat' dir='ltr'>de</span> <span class='ocrx_word' id='word_1_16' title='bbox 893 606 1050 687; x_wconf 88' lang='lat' dir='ltr'>Bagnole,</span> <span class='ocrx_word' id='word_1_17' title='bbox 1082 607 1252 668; x_wconf 87' lang='lat' dir='ltr'>ecclesiam</span> <span class='ocrx_word' id='word_1_18' title='bbox 1283 616 1394 690; x_wconf 68' lang='lat' dir='ltr'>sancte</span> <span class='ocrx_word' id='word_1_19' title='bbox 1426 605 1529 666; x_wconf 82' lang='lat' dir='ltr'>lllarie</span> <span class='ocrx_word' id='word_1_20' title='bbox 1567 606 1608 666; x_wconf 94' lang='lat' dir='ltr'>de</span> <span class='ocrx_word' id='word_1_21' title='bbox 1638 605 1788 677; x_wconf 90' lang='lat' dir='ltr'>Pulasca,</span> <span class='ocrx_word' id='word_1_22' title='bbox 1828 602 2008 664; x_wconf 88' lang='lat' dir='ltr'>ecclesiam</span> 
     </span>
     <span class='ocr_line' id='line_1_4' title="bbox 328 687 2007 778; baseline -0.004 -22"><span class='ocrx_word' id='word_1_23' title='bbox 328 695 430 756; x_wconf 89' lang='lat' dir='ltr'>sancti</span> <span class='ocrx_word' id='word_1_24' title='bbox 456 692 623 755; x_wconf 88' lang='lat' dir='ltr'>Michaelis</span> <span class='ocrx_word' id='word_1_25' title='bbox 655 694 696 755; x_wconf 90' lang='lat' dir='ltr'>de</span> <span class='ocrx_word' id='word_1_26' title='bbox 719 694 884 769; x_wconf 88' lang='lat' dir='ltr'>Caraone,</span> <span class='ocrx_word' id='word_1_27' title='bbox 916 695 1088 758; x_wconf 89' lang='lat' dir='ltr'>ecclesiam</span> <span class='ocrx_word' id='word_1_28' title='bbox 1117 695 1220 757; x_wconf 89' lang='lat' dir='ltr'>sancti</span> <span class='ocrx_word' id='word_1_29' title='bbox 1245 690 1341 778; x_wconf 88' lang='lat' dir='ltr'>[Petri</span> <span class='ocrx_word' id='word_1_30' title='bbox 1373 694 1414 755; x_wconf 93' lang='lat' dir='ltr'>de</span> <span class='ocrx_word' id='word_1_31' title='bbox 1443 692 1543 757; x_wconf 89' lang='lat' dir='ltr'>Soaia</span> <span class='ocrx_word' id='word_1_32' title='bbox 1574 713 1647 755; x_wconf 92' lang='lat' dir='ltr'>cum</span> <span class='ocrx_word' id='word_1_33' title='bbox 1678 687 1896 777; x_wconf 86' lang='lat' dir='ltr'>per]tinentiis</span> <span class='ocrx_word' id='word_1_34' title='bbox 1930 690 2007 762; x_wconf 87' lang='lat' dir='ltr'>suis,</span> 
     </span>
     <span class='ocr_line' id='line_1_5' title="bbox 329 779 2006 864; baseline -0.003 -20"><span class='ocrx_word' id='word_1_35' title='bbox 329 783 499 846; x_wconf 86' lang='lat' dir='ltr'>eeclesiam</span> <span class='ocrx_word' id='word_1_36' title='bbox 522 783 624 844; x_wconf 89' lang='lat' dir='ltr'>sancti</span> <span class='ocrx_word' id='word_1_37' title='bbox 649 781 771 863; x_wconf 83' lang='lat' dir='ltr'>Quirici</span> <span class='ocrx_word' id='word_1_38' title='bbox 796 804 869 846; x_wconf 93' lang='lat' dir='ltr'>cum</span> <span class='ocrx_word' id='word_1_39' title='bbox 894 785 1028 846; x_wconf 87' lang='lat' dir='ltr'>decimis</span> <span class='ocrx_word' id='word_1_40' title='bbox 1051 795 1084 846; x_wconf 91' lang='lat' dir='ltr'>et</span> <span class='ocrx_word' id='word_1_41' title='bbox 1106 784 1177 845; x_wconf 90' lang='lat' dir='ltr'>aliis</span> <span class='ocrx_word' id='word_1_42' title='bbox 1199 783 1402 864; x_wconf 86' lang='lat' dir='ltr'>pertinentiis</span> <span class='ocrx_word' id='word_1_43' title='bbox 1429 782 1503 856; x_wconf 90' lang='lat' dir='ltr'>suis,</span> <span class='ocrx_word' id='word_1_44' title='bbox 1536 782 1707 844; x_wconf 87' lang='lat' dir='ltr'>ecclesiam</span> <span class='ocrx_word' id='word_1_45' title='bbox 1737 783 1842 844; x_wconf 89' lang='lat' dir='ltr'>sancti</span> <span class='ocrx_word' id='word_1_46' title='bbox 1867 779 2006 852; x_wconf 88' lang='lat' dir='ltr'>Donati,</span> 
     </span>
     <span class='ocr_line' id='line_1_6' title="bbox 330 865 2004 952; baseline -0.003 -19"><span class='ocrx_word' id='word_1_47' title='bbox 330 872 492 934; x_wconf 85' lang='lat' dir='ltr'>decimam</span> <span class='ocrx_word' id='word_1_48' title='bbox 521 881 649 952; x_wconf 88' lang='lat' dir='ltr'>partem</span> <span class='ocrx_word' id='word_1_49' title='bbox 683 872 881 935; x_wconf 87' lang='lat' dir='ltr'>decimarum</span> <span class='ocrx_word' id='word_1_50' title='bbox 915 873 1047 935; x_wconf 90' lang='lat' dir='ltr'>mercati</span> <span class='ocrx_word' id='word_1_51' title='bbox 1079 874 1226 935; x_wconf 90' lang='lat' dir='ltr'>eiusdem</span> <span class='ocrx_word' id='word_1_52' title='bbox 1257 872 1404 933; x_wconf 89' lang='lat' dir='ltr'>civitatis.</span> <span class='ocrx_word' id='word_1_53' title='bbox 1458 872 1673 934; x_wconf 89' lang='lat' dir='ltr'>Decernimus</span> <span class='ocrx_word' id='word_1_54' title='bbox 1705 891 1800 951; x_wconf 91' lang='lat' dir='ltr'>ergo,</span> <span class='ocrx_word' id='word_1_55' title='bbox 1842 881 1877 932; x_wconf 89' lang='lat' dir='ltr'>ut</span> <span class='ocrx_word' id='word_1_56' title='bbox 1910 865 2004 948; x_wconf 75' lang='lat' dir='ltr'>nullli</span> 
     </span>
     <span class='ocr_line' id='line_1_7' title="bbox 329 956 2004 1046; baseline -0.002 -24"><span class='ocrx_word' id='word_1_57' title='bbox 329 956 474 1046; x_wconf 87' lang='lat' dir='ltr'>omnin]o</span> <span class='ocrx_word' id='word_1_58' title='bbox 497 960 666 1021; x_wconf 91' lang='lat' dir='ltr'>hominum</span> <span class='ocrx_word' id='word_1_59' title='bbox 684 961 787 1038; x_wconf 90' lang='lat' dir='ltr'>liceat,</span> <span class='ocrx_word' id='word_1_60' title='bbox 811 962 973 1042; x_wconf 85' lang='lat' dir='ltr'>prelatum</span> <span class='ocrx_word' id='word_1_61' title='bbox 989 962 1221 1024; x_wconf 89' lang='lat' dir='ltr'>monasterium</span> <span class='ocrx_word' id='word_1_62' title='bbox 1238 971 1360 1024; x_wconf 90' lang='lat' dir='ltr'>temere</span> <span class='ocrx_word' id='word_1_63' title='bbox 1385 1008 1391 1022; x_wconf 90' lang='lat'><em>.</em></span> <span class='ocrx_word' id='word_1_64' title='bbox 1417 1008 1423 1021; x_wconf 94' lang='lat'><strong>.</strong></span> <span class='ocrx_word' id='word_1_65' title='bbox 1449 1009 1454 1022; x_wconf 93' lang='lat'><em>.</em></span> <span class='ocrx_word' id='word_1_66' title='bbox 1480 961 1590 1022; x_wconf 91' lang='lat' dir='ltr'>usibus</span> <span class='ocrx_word' id='word_1_67' title='bbox 1606 960 1805 1022; x_wconf 85' lang='lat' dir='ltr'>omnimodis</span> <span class='ocrx_word' id='word_1_68' title='bbox 1821 959 2004 1040; x_wconf 83' lang='lat' dir='ltr'>profutura,</span> 
     </span>
     <span class='ocr_line' id='line_1_8' title="bbox 329 1046 2004 1136; baseline -0.002 -25"><span class='ocrx_word' id='word_1_69' title='bbox 329 1049 417 1112; x_wconf 90' lang='lat' dir='ltr'>salva</span> <span class='ocrx_word' id='word_1_70' title='bbox 441 1049 527 1112; x_wconf 89' lang='lat' dir='ltr'>sedis</span> <span class='ocrx_word' id='word_1_71' title='bbox 550 1050 731 1130; x_wconf 89' lang='lat' dir='ltr'>apostolice</span> <span class='ocrx_word' id='word_1_72' title='bbox 754 1052 947 1114; x_wconf 89' lang='lat' dir='ltr'>auctoritate</span> <span class='ocrx_word' id='word_1_73' title='bbox 963 1061 996 1113; x_wconf 90' lang='lat' dir='ltr'>et</span> <span class='ocrx_word' id='word_1_74' title='bbox 1011 1050 1186 1132; x_wconf 84' lang='lat' dir='ltr'>iporiensis</span> <span class='ocrx_word' id='word_1_75' title='bbox 1202 1049 1351 1131; x_wconf 88' lang='lat' dir='ltr'>episcopi</span> <span class='ocrx_word' id='word_1_76' title='bbox 1367 1049 1524 1111; x_wconf 88' lang='lat' dir='ltr'>canonica</span> <span class='ocrx_word' id='word_1_77' title='bbox 1548 1050 1581 1110; x_wconf 89' lang='lat' dir='ltr'>in</span> <span class='ocrx_word' id='word_1_78' title='bbox 1600 1053 1627 1130; x_wconf 79' lang='lat' dir='ltr'>a)</span> <span class='ocrx_word' id='word_1_79' title='bbox 1649 1049 1794 1136; x_wconf 71' lang='lat' dir='ltr'>ecclesiis</span> <span class='ocrx_word' id='word_1_80' title='bbox 1811 1046 2004 1109; x_wconf 88' lang='lat' dir='ltr'>monasterii</span> 
     </span>
     <span class='ocr_line' id='line_1_9' title="bbox 329 1135 2005 1220; baseline -0.002 -20"><span class='ocrx_word' id='word_1_81' title='bbox 329 1140 508 1200; x_wconf 91' lang='lat' dir='ltr'>reverentia</span> <span class='ocrx_word' id='word_1_82' title='bbox 528 1139 564 1214; x_wconf 61' lang='lat' dir='ltr'>a),</span> <span class='ocrx_word' id='word_1_83' title='bbox 610 1137 644 1201; x_wconf 91' lang='lat' dir='ltr'>Si</span> <span class='ocrx_word' id='word_1_84' title='bbox 670 1159 735 1220; x_wconf 91' lang='lat' dir='ltr'>qua</span> <span class='ocrx_word' id='word_1_85' title='bbox 750 1140 847 1220; x_wconf 91' lang='lat' dir='ltr'>igitur</span> <span class='ocrx_word' id='word_1_86' title='bbox 871 1187 876 1200; x_wconf 93' lang='lat'><em>.</em></span> <span class='ocrx_word' id='word_1_87' title='bbox 904 1189 909 1201; x_wconf 94' lang='lat'><em>.</em></span> <span class='ocrx_word' id='word_1_88' title='bbox 934 1188 941 1201; x_wconf 91' lang='lat'><strong>.</strong></span> <span class='ocrx_word' id='word_1_89' title='bbox 966 1140 1098 1203; x_wconf 88' lang='lat' dir='ltr'>Cunctis</span> <span class='ocrx_word' id='word_1_90' title='bbox 1114 1149 1222 1202; x_wconf 90' lang='lat' dir='ltr'>autem</span> <span class='ocrx_word' id='word_1_91' title='bbox 1248 1186 1254 1199; x_wconf 95' lang='lat'>.</span> <span class='ocrx_word' id='word_1_92' title='bbox 1280 1186 1286 1199; x_wconf 95' lang='lat'><strong>.</strong></span> <span class='ocrx_word' id='word_1_93' title='bbox 1312 1187 1318 1200; x_wconf 91' lang='lat'>.</span> <span class='ocrx_word' id='word_1_94' title='bbox 1343 1139 1516 1200; x_wconf 90' lang='lat' dir='ltr'>inveniant.</span> <span class='ocrx_word' id='word_1_95' title='bbox 1557 1136 1676 1202; x_wconf 84' lang='lat' dir='ltr'>Amen.</span> <span class='ocrx_word' id='word_1_96' title='bbox 1700 1137 1789 1200; x_wconf 91' lang='lat' dir='ltr'>A-m.</span> <span class='ocrx_word' id='word_1_97' title='bbox 1814 1135 1939 1198; x_wconf 90' lang='lat' dir='ltr'>Amen.</span> <span class='ocrx_word' id='word_1_98' title='bbox 1962 1171 2005 1181; x_wconf 91' lang='lat'><em>-</em></span> 
     </span>
    </p>

    <p class='ocr_par' dir='ltr' id='par_1_3' title="bbox 540 1226 1597 1308">
     <span class='ocr_line' id='line_1_10' title="bbox 540 1226 1597 1308; baseline 0 -20"><span class='ocrx_word' id='word_1_99' title='bbox 540 1227 594 1305; x_wconf 84' lang='lat' dir='ltr'>(R)</span> <span class='ocrx_word' id='word_1_100' title='bbox 617 1228 691 1308; x_wconf 89' lang='lat' dir='ltr'>Ego</span> <span class='ocrx_word' id='word_1_101' title='bbox 714 1228 908 1291; x_wconf 87' lang='lat' dir='ltr'>Anastasius</span> <span class='ocrx_word' id='word_1_102' title='bbox 932 1229 1092 1291; x_wconf 89' lang='lat' dir='ltr'>catholice</span> <span class='ocrx_word' id='word_1_103' title='bbox 1115 1229 1251 1291; x_wconf 85' lang='lat' dir='ltr'>ecclesie</span> <span class='ocrx_word' id='word_1_104' title='bbox 1274 1228 1449 1308; x_wconf 91' lang='lat' dir='ltr'>episcopus</span> <span class='ocrx_word' id='word_1_105' title='bbox 1471 1248 1512 1289; x_wconf 93' lang='lat' dir='ltr'>ss.</span> <span class='ocrx_word' id='word_1_106' title='bbox 1536 1226 1597 1306; x_wconf 89' lang='lat' dir='ltr'>(M)</span> 
     </span>
    </p>

    <p class='ocr_par' dir='ltr' id='par_1_4' title="bbox 540 1312 1307 1398">
     <span class='ocr_line' id='line_1_11' title="bbox 540 1312 1307 1398; baseline 0 -21"><span class='ocrx_word' id='word_1_107' title='bbox 540 1312 561 1397; x_wconf 92' lang='lat'>†</span> <span class='ocrx_word' id='word_1_108' title='bbox 584 1316 657 1396; x_wconf 88' lang='lat' dir='ltr'>Ego</span> <span class='ocrx_word' id='word_1_109' title='bbox 680 1317 820 1379; x_wconf 89' lang='lat' dir='ltr'>Ymarus</span> <span class='ocrx_word' id='word_1_110' title='bbox 843 1316 1046 1381; x_wconf 89' lang='lat' dir='ltr'>Tusculanus</span> <span class='ocrx_word' id='word_1_111' title='bbox 1069 1318 1244 1398; x_wconf 88' lang='lat' dir='ltr'>episcopus</span> <span class='ocrx_word' id='word_1_112' title='bbox 1267 1337 1307 1378; x_wconf 91' lang='lat' dir='ltr'>ss.</span> 
     </span>
    </p>

    <p class='ocr_par' dir='ltr' id='par_1_5' title="bbox 538 1401 1720 1488">
     <span class='ocr_line' id='line_1_12' title="bbox 538 1401 1720 1488; baseline -0.002 -21"><span class='ocrx_word' id='word_1_113' title='bbox 538 1438 583 1449; x_wconf 90' lang='lat'>-</span> <span class='ocrx_word' id='word_1_114' title='bbox 606 1401 626 1486; x_wconf 93' lang='lat'><em>†</em></span> <span class='ocrx_word' id='word_1_115' title='bbox 648 1405 722 1485; x_wconf 86' lang='lat' dir='ltr'>Ego</span> <span class='ocrx_word' id='word_1_116' title='bbox 747 1405 922 1487; x_wconf 85' lang='lat' dir='ltr'>Gregorius</span> <span class='ocrx_word' id='word_1_117' title='bbox 944 1407 1105 1487; x_wconf 85' lang='lat' dir='ltr'>presbiter</span> <span class='ocrx_word' id='word_1_118' title='bbox 1121 1405 1150 1488; x_wconf 85' lang='lat' dir='ltr'>b)</span> <span class='ocrx_word' id='word_1_119' title='bbox 1176 1406 1348 1467; x_wconf 88' lang='lat' dir='ltr'>cardinalis</span> <span class='ocrx_word' id='word_1_120' title='bbox 1371 1406 1418 1468; x_wconf 89' lang='lat' dir='ltr'>tit.</span> <span class='ocrx_word' id='word_1_121' title='bbox 1443 1404 1562 1469; x_wconf 88' lang='lat' dir='ltr'>Calixti</span> <span class='ocrx_word' id='word_1_122' title='bbox 1586 1425 1626 1467; x_wconf 91' lang='lat' dir='ltr'>ss.</span> <span class='ocrx_word' id='word_1_123' title='bbox 1651 1405 1720 1483; x_wconf 86' lang='lat' dir='ltr'>(to)</span> 
     </span>
    </p>

    <p class='ocr_par' dir='ltr' id='par_1_6' title="bbox 540 1488 1911 1576">
     <span class='ocr_line' id='line_1_13' title="bbox 540 1488 1911 1576; baseline -0.001 -22"><span class='ocrx_word' id='word_1_124' title='bbox 540 1488 561 1573; x_wconf 62' lang='lat' dir='ltr'>l</span> <span class='ocrx_word' id='word_1_125' title='bbox 583 1493 656 1574; x_wconf 88' lang='lat' dir='ltr'>Ego</span> <span class='ocrx_word' id='word_1_126' title='bbox 681 1495 840 1558; x_wconf 89' lang='lat' dir='ltr'>Henricus</span> <span class='ocrx_word' id='word_1_127' title='bbox 863 1497 1024 1576; x_wconf 89' lang='lat' dir='ltr'>presbiter</span> <span class='ocrx_word' id='word_1_128' title='bbox 1047 1495 1219 1557; x_wconf 89' lang='lat' dir='ltr'>cardinalis</span> <span class='ocrx_word' id='word_1_129' title='bbox 1243 1495 1290 1557; x_wconf 92' lang='lat' dir='ltr'>tit.</span> <span class='ocrx_word' id='word_1_130' title='bbox 1314 1505 1501 1557; x_wconf 90' lang='lat' dir='ltr'>sanctorum</span> <span class='ocrx_word' id='word_1_131' title='bbox 1525 1495 1623 1556; x_wconf 91' lang='lat' dir='ltr'>Nerei</span> <span class='ocrx_word' id='word_1_132' title='bbox 1648 1502 1681 1556; x_wconf 92' lang='lat' dir='ltr'>et</span> <span class='ocrx_word' id='word_1_133' title='bbox 1703 1491 1844 1555; x_wconf 90' lang='lat' dir='ltr'>Achillei</span> <span class='ocrx_word' id='word_1_134' title='bbox 1868 1513 1911 1554; x_wconf 83' lang='lat' dir='ltr'>ss</span> 
     </span>
    </p>

    <p class='ocr_par' dir='ltr' id='par_1_7' title="bbox 539 1575 2004 1669">
     <span class='ocr_line' id='line_1_14' title="bbox 539 1575 2004 1669; baseline -0.001 -25"><span class='ocrx_word' id='word_1_135' title='bbox 539 1615 583 1626; x_wconf 90' lang='lat'>·-</span> <span class='ocrx_word' id='word_1_136' title='bbox 605 1579 625 1664; x_wconf 86' lang='lat'>†</span> <span class='ocrx_word' id='word_1_137' title='bbox 648 1583 721 1664; x_wconf 88' lang='lat' dir='ltr'>Ego</span> <span class='ocrx_word' id='word_1_138' title='bbox 745 1584 822 1647; x_wconf 91' lang='lat' dir='ltr'>Odo</span> <span class='ocrx_word' id='word_1_139' title='bbox 846 1584 1002 1647; x_wconf 90' lang='lat' dir='ltr'>diaconus</span> <span class='ocrx_word' id='word_1_140' title='bbox 1026 1584 1198 1646; x_wconf 86' lang='lat' dir='ltr'>cardinalis</span> <span class='ocrx_word' id='word_1_141' title='bbox 1228 1585 1331 1645; x_wconf 89' lang='lat' dir='ltr'>sancti</span> <span class='ocrx_word' id='word_1_142' title='bbox 1354 1585 1484 1666; x_wconf 83' lang='lat' dir='ltr'>Georgii</span> <span class='ocrx_word' id='word_1_143' title='bbox 1502 1581 1510 1669; x_wconf 90' lang='lat' dir='ltr'>l</span> <span class='ocrx_word' id='word_1_144' title='bbox 1527 1584 1569 1645; x_wconf 90' lang='lat' dir='ltr'>ad</span> <span class='ocrx_word' id='word_1_145' title='bbox 1590 1581 1711 1644; x_wconf 91' lang='lat' dir='ltr'>Velum</span> <span class='ocrx_word' id='word_1_146' title='bbox 1734 1601 1868 1644; x_wconf 91' lang='lat' dir='ltr'>aureum</span> <span class='ocrx_word' id='word_1_147' title='bbox 1889 1601 1934 1643; x_wconf 78' lang='lat' dir='ltr'>ss</span> <span class='ocrx_word' id='word_1_148' title='bbox 1959 1575 2004 1664; x_wconf 82' lang='lat'>(3)</span> 
     </span>
    </p>

    <p class='ocr_par' dir='ltr' id='par_1_8' title="bbox 539 1669 1809 1753">
     <span class='ocr_line' id='line_1_15' title="bbox 539 1669 1809 1753; baseline 0.001 -21"><span class='ocrx_word' id='word_1_149' title='bbox 539 1670 561 1748; x_wconf 80' lang='lat'>†</span> <span class='ocrx_word' id='word_1_150' title='bbox 584 1669 656 1752; x_wconf 88' lang='lat' dir='ltr'>Ego</span> <span class='ocrx_word' id='word_1_151' title='bbox 681 1673 757 1735; x_wconf 92' lang='lat' dir='ltr'>Odo</span> <span class='ocrx_word' id='word_1_152' title='bbox 783 1673 939 1736; x_wconf 89' lang='lat' dir='ltr'>diaconus</span> <span class='ocrx_word' id='word_1_153' title='bbox 960 1672 986 1753; x_wconf 83' lang='lat' dir='ltr'>c)</span> <span class='ocrx_word' id='word_1_154' title='bbox 1010 1673 1113 1736; x_wconf 89' lang='lat' dir='ltr'>sancti</span> <span class='ocrx_word' id='word_1_155' title='bbox 1137 1672 1289 1735; x_wconf 89' lang='lat' dir='ltr'>Nicholai</span> <span class='ocrx_word' id='word_1_156' title='bbox 1315 1673 1346 1735; x_wconf 93' lang='lat' dir='ltr'>in</span> <span class='ocrx_word' id='word_1_157' title='bbox 1371 1694 1500 1735; x_wconf 88' lang='lat' dir='ltr'>carcere</span> <span class='ocrx_word' id='word_1_158' title='bbox 1523 1673 1674 1735; x_wconf 87' lang='lat' dir='ltr'>Tulliano</span> <span class='ocrx_word' id='word_1_159' title='bbox 1698 1692 1739 1734; x_wconf 91' lang='lat' dir='ltr'>ss.</span> <span class='ocrx_word' id='word_1_160' title='bbox 1763 1669 1809 1752; x_wconf 90' lang='lat'>(8)</span> 
     </span>
    </p>

    <p class='ocr_par' dir='ltr' id='par_1_9' title="bbox 487 1756 2003 1846">
     <span class='ocr_line' id='line_1_16' title="bbox 487 1756 2003 1846; baseline 0.001 -28"><span class='ocrx_word' id='word_1_161' title='bbox 487 1756 563 1820; x_wconf 91' lang='lat' dir='ltr'>Dat.</span> <span class='ocrx_word' id='word_1_162' title='bbox 579 1759 740 1835; x_wconf 84' lang='lat' dir='ltr'>Laterani,</span> <span class='ocrx_word' id='word_1_163' title='bbox 764 1781 823 1842; x_wconf 91' lang='lat' dir='ltr'>per</span> <span class='ocrx_word' id='word_1_164' title='bbox 846 1782 977 1824; x_wconf 87' lang='lat' dir='ltr'>manum</span> <span class='ocrx_word' id='word_1_165' title='bbox 993 1762 1148 1834; x_wconf 88' lang='lat' dir='ltr'>Rolandi,</span> <span class='ocrx_word' id='word_1_166' title='bbox 1172 1771 1283 1846; x_wconf 76' lang='lat' dir='ltr'>sancte</span> <span class='ocrx_word' id='word_1_167' title='bbox 1300 1763 1448 1846; x_wconf 75' lang='lat' dir='ltr'>Romane</span> <span class='ocrx_word' id='word_1_168' title='bbox 1472 1761 1608 1825; x_wconf 88' lang='lat' dir='ltr'>ecclesie</span> <span class='ocrx_word' id='word_1_169' title='bbox 1631 1760 1801 1842; x_wconf 90' lang='lat' dir='ltr'>presbiteri</span> <span class='ocrx_word' id='word_1_170' title='bbox 1827 1759 2003 1822; x_wconf 88' lang='lat' dir='ltr'>cardinalis</span> 
     </span>
    </p>

    <p class='ocr_par' dir='ltr' id='par_1_10' title="bbox 327 1846 2001 2021">
     <span class='ocr_line' id='line_1_17' title="bbox 328 1846 2001 1914; baseline 0.002 -8"><span class='ocrx_word' id='word_1_171' title='bbox 328 1851 362 1906; x_wconf 89' lang='lat' dir='ltr'>et</span> <span class='ocrx_word' id='word_1_172' title='bbox 392 1846 584 1909; x_wconf 89' lang='lat' dir='ltr'>cancellarii.</span> <span class='ocrx_word' id='word_1_173' title='bbox 637 1861 698 1910; x_wconf 84' lang='lat' dir='ltr'>XVI</span> <span class='ocrx_word' id='word_1_174' title='bbox 730 1851 783 1912; x_wconf 91' lang='lat' dir='ltr'>Kl.</span> <span class='ocrx_word' id='word_1_175' title='bbox 817 1851 928 1913; x_wconf 91' lang='lat' dir='ltr'>Madii.</span> <span class='ocrx_word' id='word_1_176' title='bbox 982 1850 1165 1914; x_wconf 89' lang='lat' dir='ltr'>Indictione</span> <span class='ocrx_word' id='word_1_177' title='bbox 1194 1868 1229 1912; x_wconf 86' lang='lat'>11.</span> <span class='ocrx_word' id='word_1_178' title='bbox 1280 1852 1515 1914; x_wconf 89' lang='lat' dir='ltr'>lncarnationis</span> <span class='ocrx_word' id='word_1_179' title='bbox 1550 1851 1715 1912; x_wconf 90' lang='lat' dir='ltr'>dominice</span> <span class='ocrx_word' id='word_1_180' title='bbox 1745 1869 1831 1911; x_wconf 92' lang='lat' dir='ltr'>anno</span> <span class='ocrx_word' id='word_1_181' title='bbox 1865 1859 2001 1910; x_wconf 88' lang='lat' dir='ltr'>MCL1111.</span> 
     </span>
     <span class='ocr_line' id='line_1_18' title="bbox 327 1932 1373 2021; baseline 0.006 -26"><span class='ocrx_word' id='word_1_182' title='bbox 327 1932 540 1998; x_wconf 88' lang='lat' dir='ltr'>Pontificatus</span> <span class='ocrx_word' id='word_1_183' title='bbox 563 1958 640 1999; x_wconf 92' lang='lat' dir='ltr'>vero</span> <span class='ocrx_word' id='word_1_184' title='bbox 665 1938 778 2001; x_wconf 92' lang='lat' dir='ltr'>domni</span> <span class='ocrx_word' id='word_1_185' title='bbox 801 1939 967 2003; x_wconf 83' lang='lat' dir='ltr'>Anastasii</span> <span class='ocrx_word' id='word_1_186' title='bbox 992 1961 1048 2021; x_wconf 91' lang='lat' dir='ltr'>pp.</span> <span class='ocrx_word' id='word_1_187' title='bbox 1072 1957 1123 2000; x_wconf 89' lang='lat'>1111</span> <span class='ocrx_word' id='word_1_188' title='bbox 1147 1960 1233 2002; x_wconf 89' lang='lat' dir='ltr'>anno</span> <span class='ocrx_word' id='word_1_189' title='bbox 1257 1941 1373 2021; x_wconf 93' lang='lat' dir='ltr'>prim0.</span> 
     </span>
    </p>
   </div>
   <div class='ocr_carea' id='block_1_3' title="bbox 328 2048 2005 2170">
    <p class='ocr_par' dir='ltr' id='par_1_11' title="bbox 328 2048 2005 2170">
     <span class='ocr_line' id='line_1_19' title="bbox 328 2048 2005 2167; baseline 0.002 -70"><span class='ocrx_word' id='word_1_190' title='bbox 328 2119 382 2167; x_wconf 69' lang='lat' dir='ltr'>Stat</span> <span class='ocrx_word' id='word_1_191' title='bbox 464 2048 532 2166; x_wconf 68' lang='lat' dir='ltr'>TOr.</span> <span class='ocrx_word' id='word_1_192' title='bbox 560 2050 614 2114; x_wconf 83' lang='lat' dir='ltr'>Cop.</span> <span class='ocrx_word' id='word_1_193' title='bbox 641 2067 701 2101; x_wconf 81' lang='lat' dir='ltr'>saec.</span> <span class='ocrx_word' id='word_1_194' title='bbox 719 2053 747 2101; x_wconf 81' lang='grc' dir='ltr'><em>Χ</em></span> <span class='ocrx_word' id='word_1_195' title='bbox 749 2052 772 2100; x_wconf 88' lang='lat' dir='ltr'><em>V</em></span> <span class='ocrx_word' id='word_1_196' title='bbox 791 2053 846 2102; x_wconf 83' lang='lat' dir='ltr'>und</span> <span class='ocrx_word' id='word_1_197' title='bbox 866 2069 925 2103; x_wconf 85' lang='lat' dir='ltr'>saec.</span> <span class='ocrx_word' id='word_1_198' title='bbox 951 2053 1033 2102; x_wconf 83' lang='lat' dir='ltr'><em>XVII</em></span> <span class='ocrx_word' id='word_1_199' title='bbox 1046 2053 1148 2118; x_wconf 81' lang='lat' dir='ltr'>(Jvrea,</span> <span class='ocrx_word' id='word_1_200' title='bbox 1166 2055 1267 2103; x_wconf 77' lang='lat' dir='ltr'>Abarzia</span> <span class='ocrx_word' id='word_1_201' title='bbox 1291 2054 1318 2102; x_wconf 81' lang='lat' dir='ltr'>di</span> <span class='ocrx_word' id='word_1_202' title='bbox 1334 2055 1359 2103; x_wconf 91' lang='lat' dir='ltr'>S.</span> <span class='ocrx_word' id='word_1_203' title='bbox 1379 2053 1493 2118; x_wconf 69' lang='lat' dir='ltr'>Susam,</span> <span class='ocrx_word' id='word_1_204' title='bbox 1514 2053 1596 2102; x_wconf 79' lang='lat' dir='ltr'>Mazw</span> <span class='ocrx_word' id='word_1_205' title='bbox 1618 2055 1629 2100; x_wconf 87' lang='lat'><em>1</em></span> <span class='ocrx_word' id='word_1_206' title='bbox 1649 2051 1696 2100; x_wconf 81' lang='lat' dir='ltr'>Nr.</span> <span class='ocrx_word' id='word_1_207' title='bbox 1716 2054 1752 2116; x_wconf 88' lang='grc'>8),</span> <span class='ocrx_word' id='word_1_208' title='bbox 1777 2052 1810 2100; x_wconf 85' lang='lat' dir='ltr'>im</span> <span class='ocrx_word' id='word_1_209' title='bbox 1836 2050 1955 2100; x_wconf 57' lang='lat' dir='ltr'>Areten</span> <span class='ocrx_word' id='word_1_210' title='bbox 1979 2051 2005 2100; x_wconf 80' lang='lat' dir='ltr'>di</span> 
     </span>
     <span class='ocr_line' id='line_1_20' title="bbox 382 2135 554 2170; baseline 0.017 -4"><span class='ocrx_word' id='word_1_211' title='bbox 382 2135 442 2167; x_wconf 75' lang='lat' dir='ltr'>otu</span> <span class='ocrx_word' id='word_1_212' title='bbox 486 2135 554 2170; x_wconf 71' lang='lat' dir='ltr'>nme.</span> 
     </span>
    </p>
   </div>
   <div class='ocr_carea' id='block_1_4' title="bbox 323 2191 2004 2832">
    <p class='ocr_par' dir='ltr' id='par_1_12' title="bbox 323 2191 2004 2832">
     <span class='ocr_line' id='line_1_21' title="bbox 489 2191 2004 2260; baseline 0 -20"><span class='ocrx_word' id='word_1_213' title='bbox 489 2191 557 2256; x_wconf 85' lang='lat' dir='ltr'>Perg.</span> <span class='ocrx_word' id='word_1_214' title='bbox 576 2191 636 2252; x_wconf 70' lang='lat' dir='ltr'>dat,</span> <span class='ocrx_word' id='word_1_215' title='bbox 660 2195 695 2242; x_wconf 82' lang='lat' dir='ltr'>br.</span> <span class='ocrx_word' id='word_1_216' title='bbox 715 2197 803 2256; x_wconf 56' lang='lat' dir='ltr'>ossa,</span> <span class='ocrx_word' id='word_1_217' title='bbox 831 2197 892 2260; x_wconf 80' lang='lat' dir='ltr'>lang</span> <span class='ocrx_word' id='word_1_218' title='bbox 909 2198 975 2254; x_wconf 81' lang='lat' dir='ltr'>O,65‚</span> <span class='ocrx_word' id='word_1_219' title='bbox 1003 2203 1076 2245; x_wconf 78' lang='lat' dir='ltr'>mum</span> <span class='ocrx_word' id='word_1_220' title='bbox 1095 2197 1173 2258; x_wconf 76' lang='lat'>0,022</span> <span class='ocrx_word' id='word_1_221' title='bbox 1196 2196 1231 2244; x_wconf 76' lang='lat' dir='ltr'>bis</span> <span class='ocrx_word' id='word_1_222' title='bbox 1254 2197 1332 2256; x_wconf 84' lang='lat'>0,031</span> <span class='ocrx_word' id='word_1_223' title='bbox 1363 2195 1557 2260; x_wconf 78' lang='lat' dir='ltr'>umgrschlagm,</span> <span class='ocrx_word' id='word_1_224' title='bbox 1585 2194 1662 2242; x_wconf 78' lang='lat' dir='ltr'>durch</span> <span class='ocrx_word' id='word_1_225' title='bbox 1686 2195 1743 2243; x_wconf 75' lang='lat' dir='ltr'>arvei</span> <span class='ocrx_word' id='word_1_226' title='bbox 1765 2193 1858 2242; x_wconf 73' lang='lat' dir='ltr'>Licher</span> <span class='ocrx_word' id='word_1_227' title='bbox 1880 2195 1944 2259; x_wconf 76' lang='lat' dir='ltr'>gr&#39;ng</span> <span class='ocrx_word' id='word_1_228' title='bbox 1968 2193 2004 2240; x_wconf 83' lang='lat' dir='ltr'>die</span> 
     </span>
     <span class='ocr_line' id='line_1_22' title="bbox 328 2261 2002 2334; baseline 0.003 -27"><span class='ocrx_word' id='word_1_229' title='bbox 328 2261 431 2320; x_wconf 80' lang='lat' dir='ltr'>Schnur,</span> <span class='ocrx_word' id='word_1_230' title='bbox 458 2263 544 2311; x_wconf 71' lang='lat' dir='ltr'>welche</span> <span class='ocrx_word' id='word_1_231' title='bbox 561 2264 605 2312; x_wconf 75' lang='lat' dir='ltr'>mil</span> <span class='ocrx_word' id='word_1_232' title='bbox 628 2265 680 2313; x_wconf 81' lang='lat' dir='ltr'>dem</span> <span class='ocrx_word' id='word_1_233' title='bbox 700 2266 822 2330; x_wconf 77' lang='lat' dir='ltr'>li&#39;ler&#39;sr&#39;egel</span> <span class='ocrx_word' id='word_1_234' title='bbox 842 2269 957 2316; x_wconf 77' lang='lat' dir='ltr'>vrrlrren.</span> <span class='ocrx_word' id='word_1_235' title='bbox 996 2267 1104 2334; x_wconf 81' lang='lat' dir='ltr'>Fallung</span> <span class='ocrx_word' id='word_1_236' title='bbox 1120 2269 1164 2316; x_wconf 81' lang='lat' dir='ltr'>der</span> <span class='ocrx_word' id='word_1_237' title='bbox 1180 2269 1276 2317; x_wconf 83' lang='lat' dir='ltr'>Bullen.</span> <span class='ocrx_word' id='word_1_238' title='bbox 1313 2269 1367 2316; x_wconf 85' lang='lat' dir='ltr'>Das</span> <span class='ocrx_word' id='word_1_239' title='bbox 1386 2267 1509 2315; x_wconf 68' lang='lat' dir='ltr'>Scarus-s</span> <span class='ocrx_word' id='word_1_240' title='bbox 1527 2267 1567 2314; x_wconf 85' lang='lat' dir='ltr'>des</span> <span class='ocrx_word' id='word_1_241' title='bbox 1590 2266 1742 2314; x_wconf 76' lang='lat' dir='ltr'>er&#39;nleitmden</span> <span class='ocrx_word' id='word_1_242' title='bbox 1759 2266 1869 2314; x_wconf 85' lang='lat' dir='ltr'>Namms</span> <span class='ocrx_word' id='word_1_243' title='bbox 1886 2267 1918 2313; x_wconf 80' lang='lat' dir='ltr'>isl</span> <span class='ocrx_word' id='word_1_244' title='bbox 1936 2266 2002 2312; x_wconf 70' lang='lat' dir='ltr'>uther·</span> 
     </span>
     <span class='ocr_line' id='line_1_23' title="bbox 323 2333 2004 2403; baseline 0.002 -24"><span class='ocrx_word' id='word_1_245' title='bbox 323 2333 479 2398; x_wconf 82' lang='lat' dir='ltr'>geschrr&#39;rbm.</span> <span class='ocrx_word' id='word_1_246' title='bbox 521 2335 677 2402; x_wconf 69' lang='lat' dir='ltr'>Verermgung</span> <span class='ocrx_word' id='word_1_247' title='bbox 693 2339 740 2386; x_wconf 85' lang='lat' dir='ltr'>Nr.</span> <span class='ocrx_word' id='word_1_248' title='bbox 761 2341 782 2396; x_wconf 81' lang='grc'>1,</span> <span class='ocrx_word' id='word_1_249' title='bbox 807 2338 840 2386; x_wconf 85' lang='lat' dir='ltr'>im</span> <span class='ocrx_word' id='word_1_250' title='bbox 858 2344 937 2386; x_wconf 68' lang='lat' dir='ltr'>trrs‘v</span> <span class='ocrx_word' id='word_1_251' title='bbox 955 2339 1061 2388; x_wconf 73' lang='lat' dir='ltr'>veniert.</span> <span class='ocrx_word' id='word_1_252' title='bbox 1098 2340 1152 2388; x_wconf 85' lang='lat' dir='ltr'>Der</span> <span class='ocrx_word' id='word_1_253' title='bbox 1174 2339 1344 2402; x_wconf 68' lang='lat' dir='ltr'>llarprkrrper</span> <span class='ocrx_word' id='word_1_254' title='bbox 1358 2340 1428 2403; x_wconf 74' lang='lat' dir='ltr'>siilc&#39;t</span> <span class='ocrx_word' id='word_1_255' title='bbox 1451 2355 1502 2387; x_wconf 84' lang='lat' dir='ltr'>nur</span> <span class='ocrx_word' id='word_1_256' title='bbox 1520 2355 1584 2402; x_wconf 75' lang='lat' dir='ltr'>gam</span> <span class='ocrx_word' id='word_1_257' title='bbox 1607 2337 1687 2402; x_wconf 81' lang='lat' dir='ltr'>wmig</span> <span class='ocrx_word' id='word_1_258' title='bbox 1708 2337 1776 2385; x_wconf 74' lang='lat' dir='ltr'>mehr</span> <span class='ocrx_word' id='word_1_259' title='bbox 1796 2339 1833 2384; x_wconf 83' lang='lat' dir='ltr'>als</span> <span class='ocrx_word' id='word_1_260' title='bbox 1856 2337 1894 2386; x_wconf 83' lang='lat' dir='ltr'>die</span> <span class='ocrx_word' id='word_1_261' title='bbox 1912 2336 2004 2400; x_wconf 77' lang='lat' dir='ltr'>Hrilste</span> 
     </span>
     <span class='ocr_line' id='line_1_24' title="bbox 327 2405 2000 2474; baseline 0.003 -23"><span class='ocrx_word' id='word_1_262' title='bbox 327 2405 367 2452; x_wconf 86' lang='lat' dir='ltr'>des</span> <span class='ocrx_word' id='word_1_263' title='bbox 387 2405 545 2470; x_wconf 67' lang='lat' dir='ltr'>Pergamenis.</span> <span class='ocrx_word' id='word_1_264' title='bbox 582 2409 659 2456; x_wconf 82' lang='lat' dir='ltr'>Amen</span> <span class='ocrx_word' id='word_1_265' title='bbox 685 2409 732 2456; x_wconf 82' lang='lat' dir='ltr'>Nr.</span> <span class='ocrx_word' id='word_1_266' title='bbox 754 2407 817 2458; x_wconf 68' lang='lat'>711².</span> <span class='ocrx_word' id='word_1_267' title='bbox 861 2411 922 2458; x_wconf 83' lang='lat' dir='ltr'>Rota</span> <span class='ocrx_word' id='word_1_268' title='bbox 948 2411 995 2459; x_wconf 80' lang='lat' dir='ltr'>Nr.</span> <span class='ocrx_word' id='word_1_269' title='bbox 1017 2415 1046 2470; x_wconf 85' lang='lat'>1,</span> <span class='ocrx_word' id='word_1_270' title='bbox 1071 2411 1246 2459; x_wconf 79' lang='lat' dir='ltr'>Durclrmesser</span> <span class='ocrx_word' id='word_1_271' title='bbox 1269 2412 1355 2468; x_wconf 78' lang='lat'>0,065.</span> <span class='ocrx_word' id='word_1_272' title='bbox 1399 2409 1567 2474; x_wconf 80' lang='lat' dir='ltr'>Monogrnmm</span> <span class='ocrx_word' id='word_1_273' title='bbox 1590 2425 1635 2456; x_wconf 81' lang='lat' dir='ltr'>aur</span> <span class='ocrx_word' id='word_1_274' title='bbox 1665 2409 1761 2472; x_wconf 71' lang='lat' dir='ltr'>Gruppc</span> <span class='ocrx_word' id='word_1_275' title='bbox 1785 2409 1831 2456; x_wconf 84' lang='lat' dir='ltr'>Nr.</span> <span class='ocrx_word' id='word_1_276' title='bbox 1853 2415 1869 2456; x_wconf 78' lang='lat'><strong><em>4</em></strong></span> <span class='ocrx_word' id='word_1_277' title='bbox 1893 2408 2000 2473; x_wconf 72' lang='lat' dir='ltr'>gelbrig,</span> 
     </span>
     <span class='ocr_line' id='line_1_25' title="bbox 326 2475 2001 2546; baseline 0 -20"><span class='ocrx_word' id='word_1_278' title='bbox 326 2475 385 2522; x_wconf 67' lang='lat' dir='ltr'>luvelt</span> <span class='ocrx_word' id='word_1_279' title='bbox 403 2479 472 2536; x_wconf 81' lang='grc'><strong><em>0,07,</em></strong></span> <span class='ocrx_word' id='word_1_280' title='bbox 492 2475 550 2526; x_wconf 80' lang='lat' dir='ltr'>brcit</span> <span class='ocrx_word' id='word_1_281' title='bbox 567 2479 653 2536; x_wconf 73' lang='lat'>0,034.</span> <span class='ocrx_word' id='word_1_282' title='bbox 694 2480 768 2528; x_wconf 80' lang='lat' dir='ltr'>Ueher</span> <span class='ocrx_word' id='word_1_283' title='bbox 789 2481 847 2529; x_wconf 86' lang='lat' dir='ltr'>Um·</span> <span class='ocrx_word' id='word_1_284' title='bbox 866 2483 921 2529; x_wconf 84' lang='lat' dir='ltr'>und</span> <span class='ocrx_word' id='word_1_285' title='bbox 940 2482 1104 2546; x_wconf 64' lang='lat' dir='ltr'>lr&#39;rrtersckrrjt</span> <span class='ocrx_word' id='word_1_286' title='bbox 1126 2482 1204 2530; x_wconf 77' lang='lat' dir='ltr'>rrichls</span> <span class='ocrx_word' id='word_1_287' title='bbox 1222 2481 1332 2530; x_wconf 83' lang='lat' dir='ltr'>Sidrcres.</span> <span class='ocrx_word' id='word_1_288' title='bbox 1372 2482 1417 2529; x_wconf 72' lang='lat' dir='ltr'>Die</span> <span class='ocrx_word' id='word_1_289' title='bbox 1436 2482 1518 2530; x_wconf 79' lang='lat' dir='ltr'>It&#39;rer&#39;se</span> <span class='ocrx_word' id='word_1_290' title='bbox 1542 2482 1586 2529; x_wconf 81' lang='lat' dir='ltr'>der</span> <span class='ocrx_word' id='word_1_291' title='bbox 1607 2482 1670 2528; x_wconf 75' lang='lat' dir='ltr'>Rota</span> <span class='ocrx_word' id='word_1_292' title='bbox 1692 2481 1888 2544; x_wconf 68' lang='lat' dir='ltr'>unregelmdssrg,</span> <span class='ocrx_word' id='word_1_293' title='bbox 1914 2480 2001 2544; x_wconf 60' lang='lat' dir='ltr'>reerig-</span> 
     </span>
     <span class='ocr_line' id='line_1_26' title="bbox 325 2547 2001 2618; baseline 0.003 -24"><span class='ocrx_word' id='word_1_294' title='bbox 325 2554 389 2595; x_wconf 81' lang='lat' dir='ltr'>rtens</span> <span class='ocrx_word' id='word_1_295' title='bbox 414 2547 537 2597; x_wconf 69' lang='lat' dir='ltr'>theilrrnse</span> <span class='ocrx_word' id='word_1_296' title='bbox 561 2566 607 2597; x_wconf 81' lang='lat' dir='ltr'>aus</span> <span class='ocrx_word' id='word_1_297' title='bbox 624 2550 706 2612; x_wconf 80' lang='lat' dir='ltr'>sreirr</span> <span class='ocrx_word' id='word_1_298' title='bbox 732 2551 813 2600; x_wconf 83' lang='lat' dir='ltr'>Hand</span> <span class='ocrx_word' id='word_1_299' title='bbox 830 2553 946 2616; x_wconf 72' lang='lat' dir='ltr'>gemacht.</span> <span class='ocrx_word' id='word_1_300' title='bbox 984 2554 1032 2602; x_wconf 78' lang='lat' dir='ltr'>Die</span> <span class='ocrx_word' id='word_1_301' title='bbox 1057 2555 1186 2618; x_wconf 76' lang='lat' dir='ltr'>Dotinmg</span> <span class='ocrx_word' id='word_1_302' title='bbox 1211 2553 1242 2602; x_wconf 80' lang='lat' dir='ltr'>ist</span> <span class='ocrx_word' id='word_1_303' title='bbox 1267 2569 1322 2600; x_wconf 85' lang='lat' dir='ltr'>vom</span> <span class='ocrx_word' id='word_1_304' title='bbox 1347 2553 1633 2616; x_wconf 70' lang='lat' dir='ltr'>Hauptkdrperschrer&#39;ber</span> <span class='ocrx_word' id='word_1_305' title='bbox 1657 2551 1814 2616; x_wconf 67' lang='lat' dir='ltr'>arngfir&#39;hrt,</span> <span class='ocrx_word' id='word_1_306' title='bbox 1839 2568 1891 2598; x_wconf 78' lang='lat' dir='ltr'>rtur</span> <span class='ocrx_word' id='word_1_307' title='bbox 1915 2551 2001 2599; x_wconf 77' lang='lat' dir='ltr'>dosR</span> 
     </span>
     <span class='ocr_line' id='line_1_27' title="bbox 327 2619 2000 2689; baseline 0.002 -23"><span class='ocrx_word' id='word_1_308' title='bbox 327 2619 435 2667; x_wconf 81' lang='lat' dir='ltr'>Rolnnds</span> <span class='ocrx_word' id='word_1_309' title='bbox 453 2621 507 2668; x_wconf 82' lang='lat' dir='ltr'>und</span> <span class='ocrx_word' id='word_1_310' title='bbox 523 2635 588 2669; x_wconf 87' lang='lat' dir='ltr'>anno</span> <span class='ocrx_word' id='word_1_311' title='bbox 606 2622 688 2685; x_wconf 89' lang='lat' dir='ltr'>primo</span> <span class='ocrx_word' id='word_1_312' title='bbox 706 2640 746 2670; x_wconf 84' lang='lat' dir='ltr'>am</span> <span class='ocrx_word' id='word_1_313' title='bbox 765 2623 875 2672; x_wconf 76' lang='lat' dir='ltr'>Schlwsc</span> <span class='ocrx_word' id='word_1_314' title='bbox 899 2624 944 2672; x_wconf 81' lang='lat' dir='ltr'>mit</span> <span class='ocrx_word' id='word_1_315' title='bbox 966 2624 1096 2674; x_wconf 82' lang='lat' dir='ltr'>drmklerer</span> <span class='ocrx_word' id='word_1_316' title='bbox 1118 2633 1190 2674; x_wconf 70' lang='lat' dir='ltr'>under·</span> <span class='ocrx_word' id='word_1_317' title='bbox 1211 2624 1260 2672; x_wconf 79' lang='lat' dir='ltr'>sich</span> <span class='ocrx_word' id='word_1_318' title='bbox 1280 2624 1386 2689; x_wconf 75' lang='lat' dir='ltr'>gleidrer</span> <span class='ocrx_word' id='word_1_319' title='bbox 1403 2625 1477 2672; x_wconf 76' lang='lat' dir='ltr'>Diale</span> <span class='ocrx_word' id='word_1_320' title='bbox 1496 2624 1652 2674; x_wconf 79' lang='lat' dir='ltr'>(verschiedcn</span> <span class='ocrx_word' id='word_1_321' title='bbox 1675 2639 1722 2672; x_wconf 83' lang='lat' dir='ltr'>von</span> <span class='ocrx_word' id='word_1_322' title='bbox 1741 2624 1783 2670; x_wconf 81' lang='lat' dir='ltr'>der</span> <span class='ocrx_word' id='word_1_323' title='bbox 1800 2623 1841 2670; x_wconf 84' lang='lat' dir='ltr'>des</span> <span class='ocrx_word' id='word_1_324' title='bbox 1859 2623 2000 2684; x_wconf 60' lang='lat' dir='ltr'>Kommpt-</span> 
     </span>
     <span class='ocr_line' id='line_1_28' title="bbox 326 2689 1999 2760; baseline 0.002 -23"><span class='ocrx_word' id='word_1_325' title='bbox 326 2689 466 2756; x_wconf 80' lang='lat' dir='ltr'>korrcctors)</span> <span class='ocrx_word' id='word_1_326' title='bbox 493 2691 675 2758; x_wconf 77' lang='lat' dir='ltr'>nachgrtragen.</span> <span class='ocrx_word' id='word_1_327' title='bbox 711 2695 759 2743; x_wconf 83' lang='lat' dir='ltr'>Die</span> <span class='ocrx_word' id='word_1_328' title='bbox 778 2695 956 2760; x_wconf 78' lang='lat' dir='ltr'>Zrugcnfirmen</span> <span class='ocrx_word' id='word_1_329' title='bbox 983 2697 1066 2744; x_wconf 68' lang='lat' dir='ltr'>werkm</span> <span class='ocrx_word' id='word_1_330' title='bbox 1091 2705 1163 2745; x_wconf 77' lang='lat' dir='ltr'>untcr</span> <span class='ocrx_word' id='word_1_331' title='bbox 1187 2695 1237 2744; x_wconf 77' lang='lat' dir='ltr'>siclt</span> <span class='ocrx_word' id='word_1_332' title='bbox 1254 2697 1349 2744; x_wconf 81' lang='lat' dir='ltr'>dieselbe</span> <span class='ocrx_word' id='word_1_333' title='bbox 1367 2695 1442 2744; x_wconf 72' lang='lat' dir='ltr'>Diu-te</span> <span class='ocrx_word' id='word_1_334' title='bbox 1464 2697 1518 2760; x_wconf 79' lang='lat' dir='ltr'>aus,</span> <span class='ocrx_word' id='word_1_335' title='bbox 1545 2695 1611 2744; x_wconf 76' lang='lat' dir='ltr'>wohl</span> <span class='ocrx_word' id='word_1_336' title='bbox 1633 2695 1669 2743; x_wconf 83' lang='lat' dir='ltr'>die</span> <span class='ocrx_word' id='word_1_337' title='bbox 1693 2695 1773 2744; x_wconf 83' lang='lat' dir='ltr'>dcsR</span> <span class='ocrx_word' id='word_1_338' title='bbox 1798 2695 1841 2742; x_wconf 85' lang='lat' dir='ltr'>der</span> <span class='ocrx_word' id='word_1_339' title='bbox 1864 2694 1999 2758; x_wconf 74' lang='lat' dir='ltr'>Datimng,</span> 
     </span>
     <span class='ocr_line' id='line_1_29' title="bbox 326 2761 1179 2832; baseline 0.006 -23"><span class='ocrx_word' id='word_1_340' title='bbox 326 2761 442 2810; x_wconf 77' lang='lat' dir='ltr'>vr&#39;elleicht</span> <span class='ocrx_word' id='word_1_341' title='bbox 458 2763 516 2811; x_wconf 82' lang='lat' dir='ltr'>sind</span> <span class='ocrx_word' id='word_1_342' title='bbox 529 2763 592 2812; x_wconf 79' lang='lat' dir='ltr'>auch</span> <span class='ocrx_word' id='word_1_343' title='bbox 609 2765 656 2814; x_wconf 81' lang='lat' dir='ltr'>alle</span> <span class='ocrx_word' id='word_1_344' title='bbox 666 2766 740 2830; x_wconf 72' lang='lat' dir='ltr'>fiinf</span> <span class='ocrx_word' id='word_1_345' title='bbox 752 2781 800 2814; x_wconf 83' lang='lat' dir='ltr'>von</span> <span class='ocrx_word' id='word_1_346' title='bbox 813 2767 917 2831; x_wconf 77' lang='lat' dir='ltr'>glrirher</span> <span class='ocrx_word' id='word_1_347' title='bbox 933 2767 1013 2816; x_wconf 85' lang='lat' dir='ltr'>Hand</span> <span class='ocrx_word' id='word_1_348' title='bbox 1024 2768 1179 2832; x_wconf 78' lang='lat' dir='ltr'>geschricben.</span> 
     </span>
    </p>
   </div>
   <div class='ocr_carea' id='block_1_5' title="bbox 1068 3023 1251 3097">
    <p class='ocr_par' dir='ltr' id='par_1_13' title="bbox 1068 3023 1251 3097">
     <span class='ocr_line' id='line_1_30' title="bbox 1068 3023 1251 3097; baseline -0.011 0"><span class='ocrx_word' id='word_1_349' title='bbox 1068 3023 1134 3097; x_wconf 90' lang='lat' dir='ltr'>Nr.</span> <span class='ocrx_word' id='word_1_350' title='bbox 1166 3027 1251 3097; x_wconf 88' lang='lat'>138.</span> 
     </span>
    </p>
   </div>
   <div class='ocr_carea' id='block_1_6' title="bbox 326 3149 1997 3416">
    <p class='ocr_par' dir='ltr' id='par_1_14' title="bbox 326 3149 1997 3416">
     <span class='ocr_line' id='line_1_31' title="bbox 326 3149 1997 3238; baseline 0.001 -25"><span class='ocrx_word' id='word_1_351' title='bbox 326 3149 521 3214; x_wconf 82' lang='lat' dir='ltr'>Anastasius</span> <span class='ocrx_word' id='word_1_352' title='bbox 537 3151 561 3214; x_wconf 87' lang='grc' dir='ltr'><em>Ι</em></span> <span class='ocrx_word' id='word_1_353' title='bbox 567 3150 597 3214; x_wconf 92' lang='lat' dir='ltr'><em>V</em></span> <span class='ocrx_word' id='word_1_354' title='bbox 613 3149 730 3216; x_wconf 82' lang='lat' dir='ltr'>m&#39;mmt</span> <span class='ocrx_word' id='word_1_355' title='bbox 757 3152 811 3217; x_wconf 82' lang='lat' dir='ltr'>die</span> <span class='ocrx_word' id='word_1_356' title='bbox 836 3151 1110 3237; x_wconf 78' lang='lat' dir='ltr'>Kollegiatkr&#39;rclze</span> <span class='ocrx_word' id='word_1_357' title='bbox 1133 3153 1234 3218; x_wconf 84' lang='lat' dir='ltr'>Santa</span> <span class='ocrx_word' id='word_1_358' title='bbox 1257 3155 1371 3218; x_wconf 83' lang='lat' dir='ltr'>Maria</span> <span class='ocrx_word' id='word_1_359' title='bbox 1394 3153 1441 3216; x_wconf 84' lang='lat' dir='ltr'>ad</span> <span class='ocrx_word' id='word_1_360' title='bbox 1462 3153 1580 3216; x_wconf 82' lang='lat' dir='ltr'>Finem</span> <span class='ocrx_word' id='word_1_361' title='bbox 1604 3151 1663 3234; x_wconf 88' lang='lat' dir='ltr'>(D.</span> <span class='ocrx_word' id='word_1_362' title='bbox 1687 3154 1788 3238; x_wconf 87' lang='lat' dir='ltr'>Pisa)</span> <span class='ocrx_word' id='word_1_363' title='bbox 1815 3154 1849 3215; x_wconf 86' lang='lat' dir='ltr'>in</span> <span class='ocrx_word' id='word_1_364' title='bbox 1877 3161 1997 3236; x_wconf 65' lang='lat' dir='ltr'>aposto</span> 
     </span>
     <span class='ocr_line' id='line_1_32' title="bbox 326 3239 1995 3327; baseline 0.001 -25"><span class='ocrx_word' id='word_1_365' title='bbox 326 3240 449 3303; x_wconf 76' lang='lat' dir='ltr'>lischen</span> <span class='ocrx_word' id='word_1_366' title='bbox 471 3239 587 3305; x_wconf 80' lang='lat' dir='ltr'>Schutz</span> <span class='ocrx_word' id='word_1_367' title='bbox 614 3241 683 3305; x_wconf 84' lang='lat' dir='ltr'>und</span> <span class='ocrx_word' id='word_1_368' title='bbox 702 3241 852 3325; x_wconf 65' lang='lat' dir='ltr'>bestlz&#39;tgt</span> <span class='ocrx_word' id='word_1_369' title='bbox 874 3245 943 3306; x_wconf 77' lang='lat' dir='ltr'>ilrre</span> <span class='ocrx_word' id='word_1_370' title='bbox 957 3243 1205 3324; x_wconf 79' lang='lat' dir='ltr'>Besitrtln&#39;c&#39;mer,</span> <span class='ocrx_word' id='word_1_371' title='bbox 1227 3245 1333 3324; x_wconf 73' lang='lat' dir='ltr'>wofiir</span> <span class='ocrx_word' id='word_1_372' title='bbox 1346 3242 1497 3327; x_wconf 79' lang='lat' dir='ltr'>J&#39;c‘z&#39;lrrliclz</span> <span class='ocrx_word' id='word_1_373' title='bbox 1520 3243 1610 3306; x_wconf 75' lang='lat' dir='ltr'>seclis</span> <span class='ocrx_word' id='word_1_374' title='bbox 1630 3242 1761 3305; x_wconf 81' lang='lat' dir='ltr'>Denare</span> <span class='ocrx_word' id='word_1_375' title='bbox 1784 3241 1995 3306; x_wconf 77' lang='lat' dir='ltr'>ercchesisclr</span> 
     </span>
     <span class='ocr_line' id='line_1_33' title="bbox 832 3330 1497 3416; baseline 0 -22"><span class='ocrx_word' id='word_1_376' title='bbox 832 3353 878 3395; x_wconf 81' lang='lat' dir='ltr'>arr</span> <span class='ocrx_word' id='word_1_377' title='bbox 902 3334 956 3395; x_wconf 59' lang='lat' dir='ltr'>dre</span> <span class='ocrx_word' id='word_1_378' title='bbox 981 3330 1085 3395; x_wconf 79' lang='lat' dir='ltr'>Kurie</span> <span class='ocrx_word' id='word_1_379' title='bbox 1107 3354 1147 3396; x_wconf 79' lang='lat' dir='ltr'>zu</span> <span class='ocrx_word' id='word_1_380' title='bbox 1170 3331 1344 3396; x_wconf 81' lang='lat' dir='ltr'>entrr&#39;clrten</span> <span class='ocrx_word' id='word_1_381' title='bbox 1366 3332 1445 3396; x_wconf 84' lang='lat' dir='ltr'>sind</span> <span class='ocrx_word' id='word_1_382' title='bbox 1461 3334 1497 3416; x_wconf 91' lang='lat'>¹).</span> 
     </span>
    </p>
   </div>
   <div class='ocr_carea' id='block_1_7' title="bbox 927 3465 1387 3548">
    <p class='ocr_par' dir='ltr' id='par_1_15' title="bbox 927 3465 1387 3548">
     <span class='ocr_line' id='line_1_34' title="bbox 927 3465 1387 3548; baseline 0.007 -21"><span class='ocrx_word' id='word_1_383' title='bbox 927 3467 1010 3528; x_wconf 81' lang='lat'><strong><em>1154</em></strong></span> <span class='ocrx_word' id='word_1_384' title='bbox 1025 3465 1127 3548; x_wconf 85' lang='lat' dir='ltr'>April</span> <span class='ocrx_word' id='word_1_385' title='bbox 1139 3469 1194 3529; x_wconf 82' lang='lat'>25.</span> <span class='ocrx_word' id='word_1_386' title='bbox 1235 3467 1387 3530; x_wconf 82' lang='lat' dir='ltr'>Lateran.</span> 
     </span>
    </p>
   </div>
   <div class='ocr_carea' id='block_1_8' title="bbox 325 3594 1996 5464">
    <p class='ocr_par' dir='ltr' id='par_1_16' title="bbox 325 3594 1996 5464">
     <span class='ocr_line' id='line_1_35' title="bbox 485 3594 1995 3682; baseline 0.003 -26"><span class='ocrx_word' id='word_1_387' title='bbox 485 3594 680 3659; x_wconf 85' lang='lat' dir='ltr'>Anastasius</span> <span class='ocrx_word' id='word_1_388' title='bbox 703 3599 885 3681; x_wconf 74' lang='lat' dir='ltr'>episcopus</span> <span class='ocrx_word' id='word_1_389' title='bbox 914 3619 1024 3663; x_wconf 91' lang='lat' dir='ltr'>servus</span> <span class='ocrx_word' id='word_1_390' title='bbox 1047 3621 1214 3663; x_wconf 91' lang='lat' dir='ltr'>servorum</span> <span class='ocrx_word' id='word_1_391' title='bbox 1239 3602 1300 3676; x_wconf 92' lang='lat' dir='ltr'>dei,</span> <span class='ocrx_word' id='word_1_392' title='bbox 1324 3601 1451 3663; x_wconf 89' lang='lat' dir='ltr'>dilectis</span> <span class='ocrx_word' id='word_1_393' title='bbox 1475 3599 1547 3662; x_wconf 86' lang='lat' dir='ltr'>filiis</span> <span class='ocrx_word' id='word_1_394' title='bbox 1571 3599 1735 3682; x_wconf 74' lang='lat' dir='ltr'>cipriano,</span> <span class='ocrx_word' id='word_1_395' title='bbox 1767 3600 1868 3680; x_wconf 88' lang='lat' dir='ltr'>priori</span> <span class='ocrx_word' id='word_1_396' title='bbox 1893 3599 1995 3681; x_wconf 89' lang='lat' dir='ltr'>plebis</span> 
     </span>
     <span class='ocr_line' id='line_1_36' title="bbox 327 3683 1994 3771; baseline 0.004 -27"><span class='ocrx_word' id='word_1_397' title='bbox 327 3692 439 3744; x_wconf 90' lang='lat' dir='ltr'>sancte</span> <span class='ocrx_word' id='word_1_398' title='bbox 463 3683 573 3760; x_wconf 86' lang='lat' dir='ltr'>Marie,</span> <span class='ocrx_word' id='word_1_399' title='bbox 605 3706 668 3766; x_wconf 91' lang='lat' dir='ltr'>que</span> <span class='ocrx_word' id='word_1_400' title='bbox 701 3687 818 3751; x_wconf 91' lang='lat' dir='ltr'>dicitur</span> <span class='ocrx_word' id='word_1_401' title='bbox 847 3689 889 3750; x_wconf 90' lang='lat' dir='ltr'>ad</span> <span class='ocrx_word' id='word_1_402' title='bbox 912 3691 1037 3765; x_wconf 88' lang='lat' dir='ltr'>Finem,</span> <span class='ocrx_word' id='word_1_403' title='bbox 1072 3692 1205 3771; x_wconf 91' lang='lat' dir='ltr'>eiusque</span> <span class='ocrx_word' id='word_1_404' title='bbox 1230 3689 1389 3764; x_wconf 70' lang='lat' dir='ltr'>iratribus</span> <span class='ocrx_word' id='word_1_405' title='bbox 1421 3700 1489 3751; x_wconf 93' lang='lat' dir='ltr'>tam</span> <span class='ocrx_word' id='word_1_406' title='bbox 1521 3689 1727 3770; x_wconf 90' lang='lat' dir='ltr'>presentibus</span> <span class='ocrx_word' id='word_1_407' title='bbox 1751 3709 1851 3770; x_wconf 90' lang='lat' dir='ltr'>quam</span> <span class='ocrx_word' id='word_1_408' title='bbox 1876 3689 1994 3760; x_wconf 86' lang='lat' dir='ltr'>sutun&#39;s,</span> 
     </span>
     <span class='ocr_line' id='line_1_37' title="bbox 326 3771 1995 3862; baseline 0.004 -31"><span class='ocrx_word' id='word_1_409' title='bbox 326 3771 507 3851; x_wconf 87' lang='lat' dir='ltr'>regularem</span> <span class='ocrx_word' id='word_1_410' title='bbox 545 3775 647 3837; x_wconf 88' lang='lat' dir='ltr'>vitam</span> <span class='ocrx_word' id='word_1_411' title='bbox 678 3776 842 3856; x_wconf 87' lang='lat' dir='ltr'>professis,</span> <span class='ocrx_word' id='word_1_412' title='bbox 873 3790 911 3839; x_wconf 82' lang='lat' dir='ltr'>IN</span> <span class='ocrx_word' id='word_1_413' title='bbox 941 3791 1019 3841; x_wconf 84' lang='lat' dir='ltr'><strong>PPM.</strong></span> <span class='ocrx_word' id='word_1_414' title='bbox 1050 3813 1093 3824; x_wconf 89' lang='lat'><em>-</em></span> <span class='ocrx_word' id='word_1_415' title='bbox 1120 3775 1331 3862; x_wconf 66' lang='lat' dir='ltr'>[Apostolici</span> <span class='ocrx_word' id='word_1_416' title='bbox 1369 3779 1602 3841; x_wconf 88' lang='lat' dir='ltr'>moderaminis</span> <span class='ocrx_word' id='word_1_417' title='bbox 1632 3778 1804 3859; x_wconf 76' lang='lat' dir='ltr'>clementie</span> <span class='ocrx_word' id='word_1_418' title='bbox 1836 3778 1995 3849; x_wconf 89' lang='lat' dir='ltr'>convenit,</span> 
     </span>
     <span class='ocr_line' id='line_1_38' title="bbox 327 3860 1994 3950; baseline 0.003 -29"><span class='ocrx_word' id='word_1_419' title='bbox 327 3860 496 3940; x_wconf 91' lang='lat' dir='ltr'>religiosos</span> <span class='ocrx_word' id='word_1_420' title='bbox 520 3862 652 3944; x_wconf 89' lang='lat' dir='ltr'>diligere</span> <span class='ocrx_word' id='word_1_421' title='bbox 676 3875 708 3926; x_wconf 92' lang='lat' dir='ltr'>et</span> <span class='ocrx_word' id='word_1_422' title='bbox 732 3885 843 3928; x_wconf 90' lang='lat' dir='ltr'>eorum</span> <span class='ocrx_word' id='word_1_423' title='bbox 867 3867 940 3929; x_wconf 92' lang='lat' dir='ltr'>loca</span> <span class='ocrx_word' id='word_1_424' title='bbox 962 3869 1018 3949; x_wconf 89' lang='lat' dir='ltr'>pia</span> <span class='ocrx_word' id='word_1_425' title='bbox 1041 3871 1247 3950; x_wconf 92' lang='lat' dir='ltr'>protectione</span> <span class='ocrx_word' id='word_1_426' title='bbox 1263 3869 1396 3931; x_wconf 90' lang='lat' dir='ltr'>munire.</span> <span class='ocrx_word' id='word_1_427' title='bbox 1436 3869 1581 3948; x_wconf 88' lang='lat' dir='ltr'>Dignum</span> <span class='ocrx_word' id='word_1_428' title='bbox 1602 3887 1744 3948; x_wconf 91' lang='lat' dir='ltr'>namque</span> <span class='ocrx_word' id='word_1_429' title='bbox 1760 3874 1793 3928; x_wconf 92' lang='lat' dir='ltr'>et</span> <span class='ocrx_word' id='word_1_430' title='bbox 1808 3860 1994 3950; x_wconf 71' lang='lat' dir='ltr'>honesltati]</span> 
     </span>
     <span class='ocr_line' id='line_1_39' title="bbox 327 3951 1995 4038; baseline 0.004 -29"><span class='ocrx_word' id='word_1_431' title='bbox 327 3951 524 4014; x_wconf 90' lang='lat' dir='ltr'>conveniens</span> <span class='ocrx_word' id='word_1_432' title='bbox 548 3972 617 4014; x_wconf 90' lang='lat' dir='ltr'>esse</span> <span class='ocrx_word' id='word_1_433' title='bbox 641 3956 856 4034; x_wconf 90' lang='lat' dir='ltr'>cognoscitur,</span> <span class='ocrx_word' id='word_1_434' title='bbox 878 3953 882 4038; x_wconf 78' lang='lat' dir='ltr'>l</span> <span class='ocrx_word' id='word_1_435' title='bbox 903 3967 947 4030; x_wconf 91' lang='lat' dir='ltr'>ut,</span> <span class='ocrx_word' id='word_1_436' title='bbox 972 3958 1026 4038; x_wconf 93' lang='lat' dir='ltr'>qui</span> <span class='ocrx_word' id='word_1_437' title='bbox 1058 3958 1100 4020; x_wconf 90' lang='lat' dir='ltr'>ad</span> <span class='ocrx_word' id='word_1_438' title='bbox 1131 3959 1339 4021; x_wconf 89' lang='lat' dir='ltr'>ecclesiarum</span> <span class='ocrx_word' id='word_1_439' title='bbox 1371 3958 1514 4038; x_wconf 87' lang='lat' dir='ltr'>regimen</span> <span class='ocrx_word' id='word_1_440' title='bbox 1549 3958 1706 4038; x_wconf 90' lang='lat' dir='ltr'>assumpti</span> <span class='ocrx_word' id='word_1_441' title='bbox 1731 3976 1850 4030; x_wconf 89' lang='lat' dir='ltr'>sumus,</span> <span class='ocrx_word' id='word_1_442' title='bbox 1882 3976 1939 4018; x_wconf 90' lang='lat' dir='ltr'>eas</span> <span class='ocrx_word' id='word_1_443' title='bbox 1965 3965 1995 4016; x_wconf 90' lang='lat' dir='ltr'>et</span> 
     </span>
     <span class='ocr_line' id='line_1_40' title="bbox 327 4040 1994 4132; baseline 0.004 -33"><span class='ocrx_word' id='word_1_444' title='bbox 327 4058 347 4099; x_wconf 91' lang='lat' dir='ltr'>a</span> <span class='ocrx_word' id='word_1_445' title='bbox 369 4059 545 4119; x_wconf 89' lang='lat' dir='ltr'>pravorum</span> <span class='ocrx_word' id='word_1_446' title='bbox 567 4040 737 4104; x_wconf 91' lang='lat' dir='ltr'>hominum</span> <span class='ocrx_word' id='word_1_447' title='bbox 760 4045 906 4124; x_wconf 90' lang='lat' dir='ltr'>nequitia</span> <span class='ocrx_word' id='word_1_448' title='bbox 935 4055 1083 4108; x_wconf 89' lang='lat' dir='ltr'>tueamur</span> <span class='ocrx_word' id='word_1_449' title='bbox 1106 4057 1140 4109; x_wconf 93' lang='lat' dir='ltr'>et</span> <span class='ocrx_word' id='word_1_450' title='bbox 1167 4047 1349 4132; x_wconf 70' lang='lat' dir='ltr'>apostolice</span> <span class='ocrx_word' id='word_1_451' title='bbox 1379 4047 1465 4108; x_wconf 89' lang='lat' dir='ltr'>sedis</span> <span class='ocrx_word' id='word_1_452' title='bbox 1496 4047 1679 4127; x_wconf 91' lang='lat' dir='ltr'>patrocinio</span> <span class='ocrx_word' id='word_1_453' title='bbox 1712 4045 1891 4106; x_wconf 78' lang='lat' dir='ltr'>foveamus.</span> <span class='ocrx_word' id='word_1_454' title='bbox 1938 4041 1994 4105; x_wconf 85' lang='lat' dir='ltr'>Ea·</span> 
     </span>
     <span class='ocr_line' id='line_1_41' title="bbox 328 4128 1996 4217; baseline 0.004 -30"><span class='ocrx_word' id='word_1_455' title='bbox 328 4137 479 4208; x_wconf 92' lang='lat' dir='ltr'>propter,</span> <span class='ocrx_word' id='word_1_456' title='bbox 511 4128 619 4192; x_wconf 87' lang='lat' dir='ltr'>dilecti</span> <span class='ocrx_word' id='word_1_457' title='bbox 653 4131 684 4192; x_wconf 92' lang='lat' dir='ltr'>in</span> <span class='ocrx_word' id='word_1_458' title='bbox 717 4132 852 4195; x_wconf 92' lang='lat' dir='ltr'>domino</span> <span class='ocrx_word' id='word_1_459' title='bbox 881 4133 953 4208; x_wconf 83' lang='lat' dir='ltr'>lilii,</span> <span class='ocrx_word' id='word_1_460' title='bbox 982 4136 1097 4197; x_wconf 89' lang='lat' dir='ltr'>vestris</span> <span class='ocrx_word' id='word_1_461' title='bbox 1128 4137 1217 4199; x_wconf 91' lang='lat' dir='ltr'>iustis</span> <span class='ocrx_word' id='word_1_462' title='bbox 1248 4135 1525 4217; x_wconf 89' lang='lat' dir='ltr'>postulationibus</span> <span class='ocrx_word' id='word_1_463' title='bbox 1556 4136 1733 4198; x_wconf 91' lang='lat' dir='ltr'>clementer</span> <span class='ocrx_word' id='word_1_464' title='bbox 1761 4135 1936 4195; x_wconf 89' lang='lat' dir='ltr'>annuimus</span> <span class='ocrx_word' id='word_1_465' title='bbox 1965 4143 1996 4194; x_wconf 89' lang='lat' dir='ltr'>et</span> 
     </span>
     <span class='ocr_line' id='line_1_42' title="bbox 326 4216 1994 4306; baseline 0.004 -30"><span class='ocrx_word' id='word_1_466' title='bbox 326 4216 487 4296; x_wconf 86' lang='lat' dir='ltr'>prefatam</span> <span class='ocrx_word' id='word_1_467' title='bbox 511 4217 691 4294; x_wconf 89' lang='lat' dir='ltr'>ecclesiam,</span> <span class='ocrx_word' id='word_1_468' title='bbox 726 4219 759 4282; x_wconf 93' lang='lat' dir='ltr'>in</span> <span class='ocrx_word' id='word_1_469' title='bbox 784 4242 848 4301; x_wconf 89' lang='lat' dir='ltr'>qua</span> <span class='ocrx_word' id='word_1_470' title='bbox 872 4222 983 4285; x_wconf 90' lang='lat' dir='ltr'>divino</span> <span class='ocrx_word' id='word_1_471' title='bbox 1008 4226 1182 4306; x_wconf 88' lang='lat' dir='ltr'>mancipati</span> <span class='ocrx_word' id='word_1_472' title='bbox 1207 4226 1284 4287; x_wconf 89' lang='lat' dir='ltr'>estis</span> <span class='ocrx_word' id='word_1_473' title='bbox 1308 4225 1478 4305; x_wconf 90' lang='lat' dir='ltr'>obsequi0,</span> <span class='ocrx_word' id='word_1_474' title='bbox 1511 4224 1571 4287; x_wconf 93' lang='lat' dir='ltr'>sub</span> <span class='ocrx_word' id='word_1_475' title='bbox 1603 4223 1692 4286; x_wconf 88' lang='lat' dir='ltr'>beati</span> <span class='ocrx_word' id='word_1_476' title='bbox 1716 4224 1800 4285; x_wconf 90' lang='lat' dir='ltr'>Petri</span> <span class='ocrx_word' id='word_1_477' title='bbox 1830 4233 1864 4284; x_wconf 93' lang='lat' dir='ltr'>et</span> <span class='ocrx_word' id='word_1_478' title='bbox 1889 4233 1994 4284; x_wconf 86' lang='lat' dir='ltr'>nostra</span> 
     </span>
     <span class='ocr_line' id='line_1_43' title="bbox 327 4307 1994 4395; baseline 0.004 -30"><span class='ocrx_word' id='word_1_479' title='bbox 327 4307 532 4384; x_wconf 89' lang='lat' dir='ltr'>protectione</span> <span class='ocrx_word' id='word_1_480' title='bbox 552 4308 745 4388; x_wconf 89' lang='lat' dir='ltr'>suscipimus</span> <span class='ocrx_word' id='word_1_481' title='bbox 769 4320 801 4371; x_wconf 91' lang='lat' dir='ltr'>et</span> <span class='ocrx_word' id='word_1_482' title='bbox 824 4313 984 4391; x_wconf 89' lang='lat' dir='ltr'>presentis</span> <span class='ocrx_word' id='word_1_483' title='bbox 1006 4314 1117 4394; x_wconf 90' lang='lat' dir='ltr'>scripti</span> <span class='ocrx_word' id='word_1_484' title='bbox 1142 4314 1312 4395; x_wconf 90' lang='lat' dir='ltr'>privilegio</span> <span class='ocrx_word' id='word_1_485' title='bbox 1336 4315 1584 4376; x_wconf 90' lang='lat' dir='ltr'>communimus.</span> <span class='ocrx_word' id='word_1_486' title='bbox 1630 4313 1826 4387; x_wconf 89' lang='lat' dir='ltr'>Statuentes,</span> <span class='ocrx_word' id='word_1_487' title='bbox 1851 4323 1888 4374; x_wconf 92' lang='lat' dir='ltr'>ut</span> <span class='ocrx_word' id='word_1_488' title='bbox 1905 4331 1994 4392; x_wconf 90' lang='lat' dir='ltr'>quas·</span> 
     </span>
     <span class='ocr_line' id='line_1_44' title="bbox 327 4397 1992 4484; baseline 0.005 -31"><span class='ocrx_word' id='word_1_489' title='bbox 327 4412 467 4473; x_wconf 92' lang='lat' dir='ltr'>cumque</span> <span class='ocrx_word' id='word_1_490' title='bbox 490 4397 722 4475; x_wconf 90' lang='lat' dir='ltr'>possessiones,</span> <span class='ocrx_word' id='word_1_491' title='bbox 748 4418 952 4480; x_wconf 91' lang='lat' dir='ltr'>quecumque</span> <span class='ocrx_word' id='word_1_492' title='bbox 975 4401 1064 4464; x_wconf 92' lang='lat' dir='ltr'>bona</span> <span class='ocrx_word' id='word_1_493' title='bbox 1087 4402 1203 4464; x_wconf 89' lang='lat' dir='ltr'>eadem</span> <span class='ocrx_word' id='word_1_494' title='bbox 1227 4403 1364 4465; x_wconf 87' lang='lat' dir='ltr'>ecclesia</span> <span class='ocrx_word' id='word_1_495' title='bbox 1388 4403 1669 4484; x_wconf 88' lang='lat' dir='ltr'>inpresentiarum</span> <span class='ocrx_word' id='word_1_496' title='bbox 1692 4403 1774 4463; x_wconf 89' lang='lat' dir='ltr'>iuste</span> <span class='ocrx_word' id='word_1_497' title='bbox 1790 4411 1823 4463; x_wconf 91' lang='lat' dir='ltr'>et</span> <span class='ocrx_word' id='word_1_498' title='bbox 1838 4401 1992 4463; x_wconf 83' lang='lat' dir='ltr'>canonice</span> 
     </span>
     <span class='ocr_line' id='line_1_45' title="bbox 326 4483 1993 4573; baseline 0.004 -30"><span class='ocrx_word' id='word_1_499' title='bbox 326 4483 482 4562; x_wconf 89' lang='lat' dir='ltr'>possidet,</span> <span class='ocrx_word' id='word_1_500' title='bbox 507 4485 610 4547; x_wconf 91' lang='lat' dir='ltr'>autin</span> <span class='ocrx_word' id='word_1_501' title='bbox 627 4485 769 4548; x_wconf 82' lang='lat' dir='ltr'>futurum</span> <span class='ocrx_word' id='word_1_502' title='bbox 785 4490 997 4552; x_wconf 89' lang='lat' dir='ltr'>concessione</span> <span class='ocrx_word' id='word_1_503' title='bbox 1013 4491 1215 4572; x_wconf 87' lang='lat' dir='ltr'>pontificum,</span> <span class='ocrx_word' id='word_1_504' title='bbox 1232 4492 1405 4573; x_wconf 90' lang='lat' dir='ltr'>largitione</span> <span class='ocrx_word' id='word_1_505' title='bbox 1421 4511 1533 4572; x_wconf 91' lang='lat' dir='ltr'>regum</span> <span class='ocrx_word' id='word_1_506' title='bbox 1548 4492 1599 4553; x_wconf 92' lang='lat' dir='ltr'>vel</span> <span class='ocrx_word' id='word_1_507' title='bbox 1616 4491 1809 4572; x_wconf 89' lang='lat' dir='ltr'>principum,</span> <span class='ocrx_word' id='word_1_508' title='bbox 1827 4490 1993 4552; x_wconf 88' lang='lat' dir='ltr'>oblatione</span> 
     </span>
     <span class='ocr_line' id='line_1_46' title="bbox 326 4569 1992 4662; baseline 0.005 -31"><span class='ocrx_word' id='word_1_509' title='bbox 326 4569 470 4633; x_wconf 88' lang='lat' dir='ltr'>fidelium</span> <span class='ocrx_word' id='word_1_510' title='bbox 494 4593 549 4634; x_wconf 92' lang='lat' dir='ltr'>seu</span> <span class='ocrx_word' id='word_1_511' title='bbox 574 4573 644 4636; x_wconf 89' lang='lat' dir='ltr'>aliis</span> <span class='ocrx_word' id='word_1_512' title='bbox 675 4575 764 4638; x_wconf 91' lang='lat' dir='ltr'>iustis</span> <span class='ocrx_word' id='word_1_513' title='bbox 797 4578 903 4640; x_wconf 91' lang='lat' dir='ltr'>modis</span> <span class='ocrx_word' id='word_1_514' title='bbox 934 4580 998 4641; x_wconf 93' lang='lat' dir='ltr'>deo</span> <span class='ocrx_word' id='word_1_515' title='bbox 1030 4581 1175 4662; x_wconf 91' lang='lat' dir='ltr'>propitio</span> <span class='ocrx_word' id='word_1_516' title='bbox 1207 4582 1329 4661; x_wconf 89' lang='lat' dir='ltr'>poterit</span> <span class='ocrx_word' id='word_1_517' title='bbox 1357 4582 1503 4661; x_wconf 89' lang='lat' dir='ltr'>adipisci,</span> <span class='ocrx_word' id='word_1_518' title='bbox 1535 4580 1627 4642; x_wconf 89' lang='lat' dir='ltr'>firma</span> <span class='ocrx_word' id='word_1_519' title='bbox 1649 4581 1744 4642; x_wconf 92' lang='lat' dir='ltr'>vobis</span> <span class='ocrx_word' id='word_1_520' title='bbox 1767 4575 1992 4660; x_wconf 73' lang='lat' dir='ltr'>vestrisqued)</span> 
     </span>
     <span class='ocr_line' id='line_1_47' title="bbox 326 4662 1990 4751; baseline 0.004 -31"><span class='ocrx_word' id='word_1_521' title='bbox 326 4662 565 4724; x_wconf 91' lang='lat' dir='ltr'>successoribus</span> <span class='ocrx_word' id='word_1_522' title='bbox 582 4669 614 4724; x_wconf 90' lang='lat' dir='ltr'>et</span> <span class='ocrx_word' id='word_1_523' title='bbox 627 4662 750 4726; x_wconf 90' lang='lat' dir='ltr'>illibata</span> <span class='ocrx_word' id='word_1_524' title='bbox 765 4679 988 4745; x_wconf 88' lang='lat' dir='ltr'>permaneant.</span> <span class='ocrx_word' id='word_1_525' title='bbox 1014 4670 1050 4732; x_wconf 95' lang='lat' dir='ltr'>ln</span> <span class='ocrx_word' id='word_1_526' title='bbox 1065 4670 1181 4749; x_wconf 94' lang='lat' dir='ltr'>quibus</span> <span class='ocrx_word' id='word_1_527' title='bbox 1194 4668 1255 4732; x_wconf 94' lang='lat' dir='ltr'>hec</span> <span class='ocrx_word' id='word_1_528' title='bbox 1267 4671 1407 4751; x_wconf 91' lang='lat' dir='ltr'>propriis</span> <span class='ocrx_word' id='word_1_529' title='bbox 1425 4670 1576 4732; x_wconf 85' lang='lat' dir='ltr'>duximus</span> <span class='ocrx_word' id='word_1_530' title='bbox 1586 4669 1800 4750; x_wconf 87' lang='lat' dir='ltr'>exprimenda</span> <span class='ocrx_word' id='word_1_531' title='bbox 1812 4667 1990 4730; x_wconf 84' lang='lat' dir='ltr'>vocabulis:</span> 
     </span>
     <span class='ocr_line' id='line_1_48' title="bbox 326 4748 1991 4839; baseline 0.005 -30"><span class='ocrx_word' id='word_1_532' title='bbox 326 4748 496 4810; x_wconf 86' lang='lat' dir='ltr'>ecclesiam</span> <span class='ocrx_word' id='word_1_533' title='bbox 519 4751 672 4814; x_wconf 91' lang='lat' dir='ltr'>videlicet</span> <span class='ocrx_word' id='word_1_534' title='bbox 700 4753 741 4814; x_wconf 92' lang='lat' dir='ltr'>de</span> <span class='ocrx_word' id='word_1_535' title='bbox 767 4755 890 4818; x_wconf 89' lang='lat' dir='ltr'>Peneto</span> <span class='ocrx_word' id='word_1_536' title='bbox 921 4767 954 4819; x_wconf 91' lang='lat' dir='ltr'>et</span> <span class='ocrx_word' id='word_1_537' title='bbox 985 4759 1141 4839; x_wconf 91' lang='lat' dir='ltr'>quicquid</span> <span class='ocrx_word' id='word_1_538' title='bbox 1175 4759 1206 4820; x_wconf 94' lang='lat' dir='ltr'>in</span> <span class='ocrx_word' id='word_1_539' title='bbox 1238 4759 1354 4821; x_wconf 87' lang='lat' dir='ltr'>eadem</span> <span class='ocrx_word' id='word_1_540' title='bbox 1378 4758 1454 4821; x_wconf 89' lang='lat' dir='ltr'>villa</span> <span class='ocrx_word' id='word_1_541' title='bbox 1483 4760 1566 4820; x_wconf 91' lang='lat' dir='ltr'>iuste</span> <span class='ocrx_word' id='word_1_542' title='bbox 1596 4759 1727 4832; x_wconf 89' lang='lat' dir='ltr'>tenetis,</span> <span class='ocrx_word' id='word_1_543' title='bbox 1758 4757 1932 4820; x_wconf 91' lang='lat' dir='ltr'>ecclesiam</span> <span class='ocrx_word' id='word_1_544' title='bbox 1954 4756 1991 4817; x_wconf 88' lang='lat' dir='ltr'>de</span> 
     </span>
     <span class='ocr_line' id='line_1_49' title="bbox 326 4837 1990 4929; baseline 0.003 -29"><span class='ocrx_word' id='word_1_545' title='bbox 326 4837 517 4919; x_wconf 88' lang='lat' dir='ltr'>Galtiperga</span> <span class='ocrx_word' id='word_1_546' title='bbox 547 4848 580 4900; x_wconf 92' lang='lat' dir='ltr'>et</span> <span class='ocrx_word' id='word_1_547' title='bbox 610 4843 833 4921; x_wconf 87' lang='lat' dir='ltr'>possessiones</span> <span class='ocrx_word' id='word_1_548' title='bbox 862 4865 942 4925; x_wconf 91' lang='lat' dir='ltr'>quas</span> <span class='ocrx_word' id='word_1_549' title='bbox 973 4847 1005 4908; x_wconf 93' lang='lat' dir='ltr'>in</span> <span class='ocrx_word' id='word_1_550' title='bbox 1029 4848 1148 4909; x_wconf 89' lang='lat' dir='ltr'>eodem</span> <span class='ocrx_word' id='word_1_551' title='bbox 1179 4847 1254 4911; x_wconf 92' lang='lat' dir='ltr'>loco</span> <span class='ocrx_word' id='word_1_552' title='bbox 1285 4848 1423 4923; x_wconf 88' lang='lat' dir='ltr'>habetis,</span> <span class='ocrx_word' id='word_1_553' title='bbox 1455 4848 1611 4929; x_wconf 91' lang='lat' dir='ltr'>quicquid</span> <span class='ocrx_word' id='word_1_554' title='bbox 1644 4849 1676 4908; x_wconf 91' lang='lat' dir='ltr'>in</span> <span class='ocrx_word' id='word_1_555' title='bbox 1707 4857 1796 4909; x_wconf 91' lang='lat' dir='ltr'>curte</span> <span class='ocrx_word' id='word_1_556' title='bbox 1828 4847 1873 4908; x_wconf 89' lang='lat' dir='ltr'>de</span> <span class='ocrx_word' id='word_1_557' title='bbox 1896 4845 1990 4918; x_wconf 88' lang='lat' dir='ltr'>Colle,</span> 
     </span>
     <span class='ocr_line' id='line_1_50' title="bbox 327 4926 1990 5012; baseline 0.005 -26"><span class='ocrx_word' id='word_1_558' title='bbox 327 4926 358 4987; x_wconf 91' lang='lat' dir='ltr'>in</span> <span class='ocrx_word' id='word_1_559' title='bbox 391 4937 480 4989; x_wconf 90' lang='lat' dir='ltr'>curte</span> <span class='ocrx_word' id='word_1_560' title='bbox 510 4929 612 4990; x_wconf 91' lang='lat' dir='ltr'>sancti</span> <span class='ocrx_word' id='word_1_561' title='bbox 643 4931 777 5011; x_wconf 89' lang='lat' dir='ltr'>Reguli,</span> <span class='ocrx_word' id='word_1_562' title='bbox 812 4933 843 4994; x_wconf 93' lang='lat' dir='ltr'>in</span> <span class='ocrx_word' id='word_1_563' title='bbox 875 4932 1017 4998; x_wconf 89' lang='lat' dir='ltr'>Castello</span> <span class='ocrx_word' id='word_1_564' title='bbox 1049 4937 1150 4998; x_wconf 92' lang='lat' dir='ltr'>veteri</span> <span class='ocrx_word' id='word_1_565' title='bbox 1175 4947 1208 4998; x_wconf 89' lang='lat' dir='ltr'>et</span> <span class='ocrx_word' id='word_1_566' title='bbox 1238 4939 1269 4999; x_wconf 92' lang='lat' dir='ltr'>in</span> <span class='ocrx_word' id='word_1_567' title='bbox 1300 4947 1389 5000; x_wconf 90' lang='lat' dir='ltr'>curte</span> <span class='ocrx_word' id='word_1_568' title='bbox 1419 4937 1565 4999; x_wconf 91' lang='lat' dir='ltr'>eiusdem</span> <span class='ocrx_word' id='word_1_569' title='bbox 1599 4937 1710 5012; x_wconf 89' lang='lat' dir='ltr'>castri,</span> <span class='ocrx_word' id='word_1_570' title='bbox 1748 4937 1779 4998; x_wconf 92' lang='lat' dir='ltr'>in</span> <span class='ocrx_word' id='word_1_571' title='bbox 1804 4935 1940 4998; x_wconf 90' lang='lat' dir='ltr'>castello</span> <span class='ocrx_word' id='word_1_572' title='bbox 1961 4943 1990 4995; x_wconf 87' lang='lat' dir='ltr'>et</span> 
     </span>
     <span class='ocr_line' id='line_1_51' title="bbox 326 5016 1989 5109; baseline 0.005 -33"><span class='ocrx_word' id='word_1_573' title='bbox 326 5022 415 5077; x_wconf 91' lang='lat' dir='ltr'>curte</span> <span class='ocrx_word' id='word_1_574' title='bbox 446 5016 487 5079; x_wconf 89' lang='lat' dir='ltr'>de</span> <span class='ocrx_word' id='word_1_575' title='bbox 517 5017 657 5080; x_wconf 89' lang='lat' dir='ltr'>Parrana</span> <span class='ocrx_word' id='word_1_576' title='bbox 687 5019 769 5082; x_wconf 89' lang='lat' dir='ltr'>iuste</span> <span class='ocrx_word' id='word_1_577' title='bbox 800 5041 837 5083; x_wconf 88' lang='lat' dir='ltr'>ac</span> <span class='ocrx_word' id='word_1_578' title='bbox 868 5022 1011 5104; x_wconf 91' lang='lat' dir='ltr'>legitime</span> <span class='ocrx_word' id='word_1_579' title='bbox 1040 5027 1232 5106; x_wconf 55' lang='lat' dir='ltr'>possidetis</span> <span class='ocrx_word' id='word_1_580' title='bbox 1266 5027 1372 5088; x_wconf 89' lang='lat' dir='ltr'>eidem</span> <span class='ocrx_word' id='word_1_581' title='bbox 1404 5027 1540 5109; x_wconf 77' lang='lat' dir='ltr'>ecclesie</span> <span class='ocrx_word' id='word_1_582' title='bbox 1572 5025 1812 5088; x_wconf 86' lang='lat' dir='ltr'>confirmamus.</span> <span class='ocrx_word' id='word_1_583' title='bbox 1860 5025 1989 5087; x_wconf 87' lang='lat' dir='ltr'>Terram</span> 
     </span>
     <span class='ocr_line' id='line_1_52' title="bbox 326 5105 1989 5196; baseline 0.004 -31"><span class='ocrx_word' id='word_1_584' title='bbox 326 5124 403 5167; x_wconf 91' lang='lat' dir='ltr'>vero</span> <span class='ocrx_word' id='word_1_585' title='bbox 427 5115 460 5167; x_wconf 93' lang='lat' dir='ltr'>et</span> <span class='ocrx_word' id='word_1_586' title='bbox 483 5105 734 5170; x_wconf 90' lang='lat' dir='ltr'>decimationem</span> <span class='ocrx_word' id='word_1_587' title='bbox 758 5121 969 5185; x_wconf 90' lang='lat' dir='ltr'>mortuorum,</span> <span class='ocrx_word' id='word_1_588' title='bbox 1002 5114 1223 5190; x_wconf 90' lang='lat' dir='ltr'>donationem,</span> <span class='ocrx_word' id='word_1_589' title='bbox 1256 5115 1466 5190; x_wconf 89' lang='lat' dir='ltr'>oblationem,</span> <span class='ocrx_word' id='word_1_590' title='bbox 1498 5125 1530 5177; x_wconf 90' lang='lat' dir='ltr'>et</span> <span class='ocrx_word' id='word_1_591' title='bbox 1560 5115 1716 5195; x_wconf 89' lang='lat' dir='ltr'>quicquid</span> <span class='ocrx_word' id='word_1_592' title='bbox 1740 5113 1877 5195; x_wconf 93' lang='lat' dir='ltr'>Opitho,</span> <span class='ocrx_word' id='word_1_593' title='bbox 1909 5115 1989 5196; x_wconf 67' lang='lat' dir='ltr'>bone</span> 
     </span>
     <span class='ocr_line' id='line_1_53' title="bbox 326 5195 1987 5285; baseline 0.005 -32"><span class='ocrx_word' id='word_1_594' title='bbox 326 5195 482 5280; x_wconf 71' lang='lat' dir='ltr'>memorie</span> <span class='ocrx_word' id='word_1_595' title='bbox 497 5195 631 5258; x_wconf 88' lang='lat' dir='ltr'>Pisanus</span> <span class='ocrx_word' id='word_1_596' title='bbox 655 5199 829 5280; x_wconf 90' lang='lat' dir='ltr'>episcopus</span> <span class='ocrx_word' id='word_1_597' title='bbox 846 5199 880 5278; x_wconf 64' lang='grc' dir='ltr'>ς),</span> <span class='ocrx_word' id='word_1_598' title='bbox 905 5203 1141 5265; x_wconf 91' lang='lat' dir='ltr'>rationabiliter</span> <span class='ocrx_word' id='word_1_599' title='bbox 1156 5204 1250 5266; x_wconf 92' lang='lat' dir='ltr'>vobis</span> <span class='ocrx_word' id='word_1_600' title='bbox 1266 5207 1435 5280; x_wconf 89' lang='lat' dir='ltr'>concessit,</span> <span class='ocrx_word' id='word_1_601' title='bbox 1460 5225 1519 5285; x_wconf 92' lang='lat' dir='ltr'>per</span> <span class='ocrx_word' id='word_1_602' title='bbox 1534 5204 1693 5285; x_wconf 89' lang='lat' dir='ltr'>presentis</span> <span class='ocrx_word' id='word_1_603' title='bbox 1708 5204 1819 5284; x_wconf 88' lang='lat' dir='ltr'>scripti</span> <span class='ocrx_word' id='word_1_604' title='bbox 1840 5205 1987 5284; x_wconf 88' lang='lat' dir='ltr'>paginam</span> 
     </span>
     <span class='ocr_line' id='line_1_54' title="bbox 325 5283 1987 5374; baseline 0.004 -31"><span class='ocrx_word' id='word_1_605' title='bbox 325 5283 526 5346; x_wconf 88' lang='lat' dir='ltr'>roboramus.</span> <span class='ocrx_word' id='word_1_606' title='bbox 573 5285 680 5365; x_wconf 86' lang='lat' dir='ltr'>Quod,</span> <span class='ocrx_word' id='word_1_607' title='bbox 711 5287 737 5348; x_wconf 95' lang='lat' dir='ltr'>si</span> <span class='ocrx_word' id='word_1_608' title='bbox 772 5289 844 5368; x_wconf 91' lang='lat' dir='ltr'>quis</span> <span class='ocrx_word' id='word_1_609' title='bbox 876 5289 917 5352; x_wconf 93' lang='lat' dir='ltr'>de</span> <span class='ocrx_word' id='word_1_610' title='bbox 948 5291 1295 5356; x_wconf 90' lang='lat' dir='ltr'>circumadiacentibus</span> <span class='ocrx_word' id='word_1_611' title='bbox 1327 5293 1480 5374; x_wconf 90' lang='lat' dir='ltr'>plebibus</span> <span class='ocrx_word' id='word_1_612' title='bbox 1511 5294 1544 5354; x_wconf 92' lang='lat' dir='ltr'>in</span> <span class='ocrx_word' id='word_1_613' title='bbox 1567 5295 1636 5355; x_wconf 90' lang='lat' dir='ltr'>vita</span> <span class='ocrx_word' id='word_1_614' title='bbox 1665 5293 1733 5354; x_wconf 89' lang='lat' dir='ltr'>sive</span> <span class='ocrx_word' id='word_1_615' title='bbox 1763 5293 1795 5353; x_wconf 93' lang='lat' dir='ltr'>in</span> <span class='ocrx_word' id='word_1_616' title='bbox 1824 5303 1929 5354; x_wconf 89' lang='lat' dir='ltr'>morte</span> <span class='ocrx_word' id='word_1_617' title='bbox 1951 5289 1987 5350; x_wconf 89' lang='lat' dir='ltr'>de</span> 
     </span>
     <span class='ocr_line' id='line_1_55' title="bbox 326 5371 1985 5464; baseline 0.004 -31"><span class='ocrx_word' id='word_1_618' title='bbox 326 5371 392 5434; x_wconf 90' lang='lat' dir='ltr'>iure</span> <span class='ocrx_word' id='word_1_619' title='bbox 416 5393 476 5436; x_wconf 93' lang='lat' dir='ltr'>suo</span> <span class='ocrx_word' id='word_1_620' title='bbox 500 5373 685 5437; x_wconf 91' lang='lat' dir='ltr'>devotionis</span> <span class='ocrx_word' id='word_1_621' title='bbox 708 5377 825 5440; x_wconf 90' lang='lat' dir='ltr'>intuitu</span> <span class='ocrx_word' id='word_1_622' title='bbox 847 5378 943 5441; x_wconf 90' lang='lat' dir='ltr'>vobis</span> <span class='ocrx_word' id='word_1_623' title='bbox 965 5381 1089 5462; x_wconf 89' lang='lat' dir='ltr'>aliquid</span> <span class='ocrx_word' id='word_1_624' title='bbox 1113 5381 1240 5444; x_wconf 89' lang='lat' dir='ltr'>dederit</span> <span class='ocrx_word' id='word_1_625' title='bbox 1269 5402 1326 5444; x_wconf 92' lang='lat' dir='ltr'>seu</span> <span class='ocrx_word' id='word_1_626' title='bbox 1349 5393 1486 5464; x_wconf 91' lang='lat' dir='ltr'>propter</span> <span class='ocrx_word' id='word_1_627' title='bbox 1514 5382 1705 5463; x_wconf 92' lang='lat' dir='ltr'>religionem</span> <span class='ocrx_word' id='word_1_628' title='bbox 1729 5401 1764 5444; x_wconf 89' lang='lat' dir='ltr'>se</span> <span class='ocrx_word' id='word_1_629' title='bbox 1788 5381 1832 5442; x_wconf 88' lang='lat' dir='ltr'>ad</span> <span class='ocrx_word' id='word_1_630' title='bbox 1855 5379 1985 5442; x_wconf 89' lang='lat' dir='ltr'>eandem</span> 
     </span>
    </p>
   </div>
   <div class='ocr_carea' id='block_1_9' title="bbox 327 5500 725 5516">
    <p class='ocr_par' dir='ltr' id='par_1_17' title="bbox 327 5500 725 5516">
     <span class='ocr_line' id='line_1_56' title="bbox 327 5500 725 5516; baseline 0.018 -7"><span class='ocrx_word' id='word_1_631' title='bbox 327 5500 451 5513; x_wconf 44' lang='lat' dir='ltr'><strong>⁸-..ss</strong></span> <span class='ocrx_word' id='word_1_632' title='bbox 462 5507 605 5514; x_wconf 79' lang='lat'>-.-..-—..</span> <span class='ocrx_word' id='word_1_633' title='bbox 613 5509 628 5514; x_wconf 88' lang='lat'>...</span> <span class='ocrx_word' id='word_1_634' title='bbox 637 5510 663 5514; x_wconf 86' lang='grc'>-</span> <span class='ocrx_word' id='word_1_635' title='bbox 685 5511 696 5515; x_wconf 90' lang='grc'>-</span> <span class='ocrx_word' id='word_1_636' title='bbox 718 5511 725 5516; x_wconf 91' lang='grc'>.</span> 
     </span>
    </p>
   </div>
   <div class='ocr_carea' id='block_1_10' title="bbox 324 5566 1985 5778">
    <p class='ocr_par' dir='ltr' id='par_1_18' title="bbox 324 5566 1985 5778">
     <span class='ocr_line' id='line_1_57' title="bbox 483 5566 1984 5641; baseline 0.006 -28"><span class='ocrx_word' id='word_1_637' title='bbox 483 5570 508 5628; x_wconf 79' lang='lat' dir='ltr'>a)</span> <span class='ocrx_word' id='word_1_638' title='bbox 532 5566 581 5614; x_wconf 79' lang='lat' dir='ltr'>Von</span> <span class='ocrx_word' id='word_1_639' title='bbox 599 5567 623 5615; x_wconf 90' lang='lat' dir='ltr'>in</span> <span class='ocrx_word' id='word_1_640' title='bbox 641 5567 676 5616; x_wconf 82' lang='lat' dir='ltr'>bis</span> <span class='ocrx_word' id='word_1_641' title='bbox 694 5571 832 5619; x_wconf 84' lang='lat' dir='ltr'>reverentia</span> <span class='ocrx_word' id='word_1_642' title='bbox 850 5572 902 5635; x_wconf 66' lang='lat' dir='ltr'>aas</span> <span class='ocrx_word' id='word_1_643' title='bbox 914 5575 999 5623; x_wconf 79' lang='lat' dir='ltr'>Rasur</span> <span class='ocrx_word' id='word_1_644' title='bbox 1015 5589 1063 5622; x_wconf 82' lang='lat' dir='ltr'>von</span> <span class='ocrx_word' id='word_1_645' title='bbox 1081 5573 1255 5623; x_wconf 80' lang='lat' dir='ltr'>abweiclrrndcr</span> <span class='ocrx_word' id='word_1_646' title='bbox 1270 5575 1347 5626; x_wconf 76' lang='lat' dir='ltr'>Dim</span> <span class='ocrx_word' id='word_1_647' title='bbox 1419 5576 1444 5631; x_wconf 78' lang='lat' dir='ltr'>bl</span> <span class='ocrx_word' id='word_1_648' title='bbox 1464 5575 1505 5641; x_wconf 90' lang='lat' dir='ltr'>pp&#39;</span> <span class='ocrx_word' id='word_1_649' title='bbox 1519 5575 1667 5641; x_wconf 79' lang='lat' dir='ltr'>geschrr&#39;eben</span> <span class='ocrx_word' id='word_1_650' title='bbox 1765 5574 1790 5638; x_wconf 90' lang='lat' dir='ltr'>c)</span> <span class='ocrx_word' id='word_1_651' title='bbox 1808 5589 1832 5624; x_wconf 79' lang='lat' dir='ltr'>rs</span> <span class='ocrx_word' id='word_1_652' title='bbox 1849 5574 1910 5623; x_wconf 77' lang='lat' dir='ltr'>steht</span> <span class='ocrx_word' id='word_1_653' title='bbox 1925 5569 1984 5634; x_wconf 78' lang='lat' dir='ltr'>diag&#39;</span> 
     </span>
     <span class='ocr_line' id='line_1_58' title="bbox 324 5635 1985 5710; baseline 0.006 -28"><span class='ocrx_word' id='word_1_654' title='bbox 324 5635 352 5700; x_wconf 91' lang='lat' dir='ltr'>d)</span> <span class='ocrx_word' id='word_1_655' title='bbox 370 5635 448 5683; x_wconf 59' lang='grc' dir='ltr'><em>(ἴαυον</em></span> <span class='ocrx_word' id='word_1_656' title='bbox 464 5639 554 5696; x_wconf 77' lang='lat' dir='ltr'>Rasur,</span> <span class='ocrx_word' id='word_1_657' title='bbox 581 5639 647 5687; x_wconf 76' lang='lat' dir='ltr'>took!</span> <span class='ocrx_word' id='word_1_658' title='bbox 669 5638 730 5688; x_wconf 83' lang='lat' dir='ltr'>eines</span> <span class='ocrx_word' id='word_1_659' title='bbox 748 5648 779 5691; x_wconf 92' lang='lat' dir='ltr'>et.</span> <span class='ocrx_word' id='word_1_660' title='bbox 799 5681 852 5687; x_wconf 62' lang='lat'>„-</span> <span class='ocrx_word' id='word_1_661' title='bbox 872 5651 906 5698; x_wconf 81' lang='lat' dir='ltr'>.1l</span> <span class='ocrx_word' id='word_1_662' title='bbox 931 5645 1007 5709; x_wconf 80' lang='lat' dir='ltr'>Vergl.</span> <span class='ocrx_word' id='word_1_663' title='bbox 1037 5645 1073 5693; x_wconf 84' lang='lat' dir='ltr'>die</span> <span class='ocrx_word' id='word_1_664' title='bbox 1102 5645 1161 5695; x_wconf 85' lang='lat' dir='ltr'>Urk.</span> <span class='ocrx_word' id='word_1_665' title='bbox 1190 5661 1244 5694; x_wconf 84' lang='lat' dir='ltr'>vom</span> <span class='ocrx_word' id='word_1_666' title='bbox 1265 5648 1300 5695; x_wconf 82' lang='lat'>23</span> <span class='ocrx_word' id='word_1_667' title='bbox 1327 5647 1458 5710; x_wconf 69' lang='lat' dir='ltr'>September</span> <span class='ocrx_word' id='word_1_668' title='bbox 1486 5649 1559 5707; x_wconf 80' lang='lat'>1178,</span> <span class='ocrx_word' id='word_1_669' title='bbox 1584 5648 1631 5698; x_wconf 85' lang='lat' dir='ltr'>Nr.</span> <span class='ocrx_word' id='word_1_670' title='bbox 1656 5649 1715 5706; x_wconf 67' lang='lat'>446,</span> <span class='ocrx_word' id='word_1_671' title='bbox 1743 5645 1795 5706; x_wconf 70' lang='lat' dir='ltr'>Or„</span> <span class='ocrx_word' id='word_1_672' title='bbox 1821 5647 1855 5694; x_wconf 81' lang='lat' dir='ltr'>im</span> <span class='ocrx_word' id='word_1_673' title='bbox 1882 5643 1985 5695; x_wconf 65' lang='lat' dir='ltr'>Ambivio</span> 
     </span>
     <span class='ocr_line' id='line_1_59' title="bbox 324 5707 1375 5778; baseline 0.013 -24"><span class='ocrx_word' id='word_1_674' title='bbox 324 5707 493 5758; x_wconf 75' lang='lat' dir='ltr'>Arrr&#39;vrsrovr&#39;le</span> <span class='ocrx_word' id='word_1_675' title='bbox 509 5725 539 5756; x_wconf 79' lang='lat' dir='ltr'>m</span> <span class='ocrx_word' id='word_1_676' title='bbox 561 5709 628 5760; x_wconf 83' lang='lat' dir='ltr'>Pisa.</span> <span class='ocrx_word' id='word_1_677' title='bbox 705 5713 733 5778; x_wconf 88' lang='lat'>2)</span> <span class='ocrx_word' id='word_1_678' title='bbox 755 5713 843 5774; x_wconf 72' lang='lat' dir='ltr'>Opim,</span> <span class='ocrx_word' id='word_1_679' title='bbox 864 5715 968 5778; x_wconf 61' lang='lat' dir='ltr'>Biscluff</span> <span class='ocrx_word' id='word_1_680' title='bbox 981 5732 1028 5764; x_wconf 79' lang='lat' dir='ltr'>von</span> <span class='ocrx_word' id='word_1_681' title='bbox 1049 5717 1115 5774; x_wconf 85' lang='lat' dir='ltr'>Pisa,</span> <span class='ocrx_word' id='word_1_682' title='bbox 1138 5718 1243 5765; x_wconf 69' lang='lat'><strong><em>1039-</em></strong></span> <span class='ocrx_word' id='word_1_683' title='bbox 1257 5734 1276 5769; x_wconf 85' lang='lat' dir='ltr'>r.</span> <span class='ocrx_word' id='word_1_684' title='bbox 1301 5721 1375 5768; x_wconf 79' lang='lat'><strong><em>1060.</em></strong></span> 
     </span>
    </p>
   </div>
   <div class='ocr_carea' id='block_1_11' title="bbox 0 0 2068 6356">
    <p class='ocr_par' dir='ltr' id='par_1_19' title="bbox 0 0 2068 6356">
     <span class='ocr_line' id='line_1_60' title="bbox 0 0 2068 6356; baseline 0 1"><span class='ocrx_word' id='word_1_685' title='bbox 0 0 2068 6356; x_wconf 95' lang='lat' dir='ltr'> </span> 
     </span>
    </p>
   </div>
  </div>
 </body>
</html>
