4126 6366
1678 329 1738 394 34¹

54 500 144 575 suis,
189 500 362 564 ecclesiam
391 501 495 562 sancti
527 499 696 575 Iohannis,
734 501 906 564 ecclesiam
938 501 1041 564 saneti
1065 499 1194 574 Iacobi,
1225 501 1396 564 ecclesiam
1427 503 1530 566 sancti
1562 501 1742 578 Cristoiori,

56 589 238 654 ecclesiam
267 599 380 653 sancte
411 590 515 653 Marie
546 591 579 652 in
610 588 819 666 Genestrula,
853 591 1024 654 ecclesiam
1054 591 1158 653 sancti
1190 590 1342 653 Nicholai
1374 601 1408 654 et
1437 602 1552 655 sancte
1580 593 1667 655 Iuste
1699 593 1742 656 de

57 679 242 754 Ocretano,
274 679 447 742 ecclesiam
477 688 590 742 sancte
614 679 718 742 Marie
749 678 791 741 de
815 678 967 756 Brittu10,
1000 680 1172 742 ecclesiam
1202 681 1306 743 sancti
1329 680 1495 744 Laurentii
1528 681 1570 744 de
1593 681 1741 758 Fabrica,

56 768 237 832 ecclesiam
259 769 362 832 sancti
387 766 541 832 Iohannis
572 769 606 830 in
629 768 763 844 Balne0,
795 769 966 832 ecclesiam
989 770 1093 832 sancti
1117 770 1283 832 Laurentii
1314 769 1356 832 de
1378 771 1538 845 Unican0,
1571 770 1741 834 ecclesiam

55 868 177 922 sancte
193 859 298 922 Marie
321 859 354 920 in
370 857 482 933 Plano,
507 857 680 921 ecclesiam
703 869 815 920 sancte
832 859 936 921 Marie
952 859 984 920 in
1002 857 1133 921 Cellulis
1158 877 1231 921 curn
1248 859 1410 940 pertintiis
1426 879 1545 935 earum,
1571 860 1742 923 ecelesiam

55 959 177 1011 sancte
200 947 304 1011 Marie
328 948 371 1010 de
392 946 517 1010 Valezo
549 957 583 1010 et
604 945 780 1022 Valezum,
811 947 983 1010 ecclesiam
1013 957 1126 1010 sancte
1150 946 1287 1022 Cecilie,
1318 949 1490 1011 ecclesiam
1520 958 1634 1012 sancte
1656 949 1744 1012 Iuste

56 1039 103 1100 de
127 1035 309 1100 Fellonaco
333 1043 366 1100 et
388 1036 601 1100 Fellonacum
626 1057 701 1099 curn
723 1037 928 1118 pertinentiis
951 1037 1025 1099 suis
1072 1035 1199 1100 Crisma
1220 1057 1310 1111 vero,
1343 1036 1453 1100 oleum
1475 1045 1633 1114 sanctum,
1665 1059 1743 1101 con·

55 1127 264 1190 secrationes
287 1126 436 1190 altarium
463 1145 521 1188 seu
552 1126 776 1201 basilicarum,
810 1126 1035 1188 ordinationes
1066 1125 1273 1202 clericorum,
1307 1127 1362 1207 qui
1396 1127 1439 1190 ad
1469 1148 1580 1190 sacros
1611 1127 1743 1191 ordines

56 1216 184 1280 fuerint
213 1215 449 1298 promovendi,
480 1236 500 1278 a
530 1213 708 1278 diocesano
740 1215 924 1297 suscipietis
955 1215 1129 1296 episcopo,
1170 1215 1333 1296 siquidem
1364 1217 1542 1280 catholicus
1578 1216 1675 1280 luerit
1710 1228 1744 1279 et

55 1306 204 1388 gratiam
227 1304 410 1387 apostolice
433 1304 520 1368 sedis
543 1303 694 1368 habuerit
721 1314 756 1367 et
787 1325 827 1368 ea
848 1305 949 1386 gratis
973 1315 1006 1367 et
1028 1304 1154 1386 absque
1177 1305 1338 1386 pravitate
1361 1306 1413 1369 vel
1436 1306 1617 1369 exactione·¹
1634 1306 1744 1388 aliqua

55 1396 159 1460 vobis
181 1394 324 1458 voluerit
345 1393 511 1458 exhibere.
556 1392 717 1476 Alioquin
741 1393 839 1457 liceat
861 1394 973 1469 vobis,
1005 1413 1105 1474 quem
1135 1393 1321 1470 malueritis,
1345 1394 1435 1458 adire
1458 1395 1653 1472 antistitem,
1687 1396 1742 1477 qui

55 1495 177 1549 nostra
205 1483 303 1547 fultus
327 1483 537 1559 auctoritate,
571 1483 663 1564 quod
692 1483 884 1566 postulatur,
916 1483 1091 1565 indulgeat.
1144 1482 1354 1565 Sepulturam
1385 1504 1516 1566 quoque
1547 1485 1648 1565 ipsius
1680 1485 1743 1548 loci

57 1574 200 1638 liberam
224 1594 296 1637 esse
319 1573 534 1648 decernimus,
565 1583 601 1636 ut
623 1592 737 1636 eorum
762 1572 931 1636 devotioni
955 1583 989 1634 et
1011 1581 1157 1635 extreme
1180 1573 1351 1648 voluntati,
1383 1574 1439 1655 qui
1466 1593 1502 1636 se
1525 1573 1591 1636 illie
1612 1574 1743 1655 sepeliri

56 1663 324 1740 deliberaverint,
356 1663 416 1726 nisi
446 1660 530 1726 forte
553 1663 829 1725 excommunicati
853 1663 918 1725 sint
940 1661 993 1724 vel
1016 1661 1188 1736 interdicti,
1212 1661 1317 1724 nullus
1341 1662 1487 1738 obsistat,
1518 1662 1610 1726 salva
1632 1671 1743 1726 tamen

56 1754 187 1817 iustitia
219 1752 346 1815 illarum
376 1751 599 1826 ecclesiarum,
631 1772 650 1814 a
681 1752 800 1834 quibus
830 1761 1032 1815 mortuorum
1064 1771 1202 1830 corpora
1224 1762 1439 1815 assumuntur.
1486 1751 1642 1816 Obeunte
1664 1772 1743 1816 vero

56 1855 102 1920 te,
136 1862 225 1906 nunc
251 1841 398 1906 eiusdem
429 1841 492 1904 loci
524 1840 663 1917 abbate,
695 1841 747 1904 vel
779 1851 910 1904 tuorum
942 1840 1092 1922 quolibet
1113 1861 1346 1917 successorum,
1380 1841 1486 1905 nullus
1518 1841 1564 1904 ibi
1596 1841 1744 1923 qualibet

55 1933 287 2014 subreptionis
310 1931 429 1994 astutia
451 1951 509 1994 seu
531 1929 688 1993 violentia
711 1939 922 2012 preponatur,
953 1930 1014 1992 nisi
1044 1949 1142 2010 quem
1166 1929 1281 1993 fratres
1310 1933 1476 1994 communi
1506 1950 1668 1994 consensu
1691 1930 1744 1993 vel

57 2022 200 2085 fratrum
224 2021 329 2083 maior
351 2041 428 2102 pars
451 2019 576 2082 consilii
599 2019 737 2083 sanioris
759 2018 940 2083 secundum
963 2019 1017 2081 dei
1041 2021 1192 2082 timorem
1221 2030 1255 2081 et
1285 2020 1373 2083 beati
1396 2020 1567 2084 Benedicti
1598 2019 1743 2101 re'gulam

57 2111 269 2194 providerint
290 2109 487 2192 eligendum,
519 2108 714 2172 aRomano
738 2129 870 2191 semper
895 2116 1067 2190 tamquam
1096 2109 1139 2170 ad
1170 2109 1278 2190 ipsum
1308 2111 1494 2190 specialiter
1525 2109 1744 2191 pertinentem

56 2193 223 2284 pontifice
246 2198 519 2263 benedicendum.
565 2198 782 2261 Decernimus
805 2218 893 2280 ergo,
925 2210 961 2260 ut
984 2198 1062 2260 nulli
1086 2198 1222 2260 omnino
1246 2196 1417 2261 hominum
1446 2200 1550 2274 liceat,
1582 2197 1744 2279 prefatum

57 2291 331 2354 monasterium.
357 2335 364 2350 .
389 2333 396 2349 .
422 2287 533 2350 usibus
557 2287 758 2350 omnimodis
787 2286 971 2370 profutura,
1005 2287 1096 2350 salva
1125 2287 1213 2349 sedis
1245 2288 1429 2369 apostolice
1459 2287 1661 2352 auctoritate.
1708 2286 1743 2351 Si

59 2400 129 2462 qua
154 2380 281 2462 igitur.
308 2427 314 2440 .
340 2427 346 2440 .
371 2377 505 2441 Cunctis
530 2386 638 2440 autem
664 2426 670 2440 .
695 2427 702 2440 .
727 2425 734 2439 .
759 2377 934 2440 inveniant.
980 2376 1100 2439 Amen.
1124 2374 1215 2439 Am.
1238 2375 1358 2440 Arnen.
1382 2412 1425 2423 —-

279 2463 334 2549 (R)
357 2467 430 2548 Ego
454 2465 609 2530 Urbanus
633 2465 794 2529 catholice
817 2467 955 2529 ecclesie
978 2467 1155 2548 episcopus
1178 2486 1219 2529 ss.
1243 2461 1305 2551 (M)

280 2553 301 2637 †
323 2557 397 2638 Ego
421 2555 581 2618 Henricus
604 2553 804 2619 Albanensis
828 2557 1004 2637 episcopus
1026 2575 1066 2618 ss.
1090 2550 1136 2639 (6)

280 2655 323 2690 ’-
345 2645 366 2724 †
390 2643 463 2726 Ego
486 2640 625 2727 P(etrus)
649 2644 691 2707 de
713 2645 809 2707 Bono
833 2644 995 2726 presbiter
1018 2644 1191 2707 cardinalis
1214 2645 1262 2707 tit.
1285 2653 1397 2707 sancte
1413 2643 1562 2708 Susanne
1584 2665 1626 2710 ss.

279 2735 301 2812 †
323 2735 397 2816 Ego
409 2734 582 2796 laborans
593 2733 756 2815 presbiter
766 2733 940 2797 cardinalis
951 2745 1063 2796 sancte
1076 2733 1179 2796 Marie
1191 2733 1410 2797 transtiberim
1422 2734 1502 2797 TiT.
1515 2731 1633 2798 Calixti
1646 2755 1687 2798 ss.
1698 2731 1745 2820 (ι)

280 2823 300 2902 †
323 2821 396 2905 Ego
419 2822 598 2885 Pandulsus
621 2822 791 2904 presbiter,
806 2822 979 2886 cardinalis
1002 2823 1049 2885 tit
1073 2836 1124 2886 ΧΗ
1147 2821 1389 2905 Apostolorum
1411 2844 1452 2886 ss.

279 2913 301 2993 †
324 2910 397 2994 Ego
411 2912 529 2975 Melior
540 2912 702 2993 presbiter
713 2913 885 2975 cardinalis
897 2922 1084 2975 sanctorum
1097 2912 1251 2976 Iohannis
1264 2922 1296 2974 et
1305 2913 1395 2975 Pauli
1408 2913 1455 2975 tit.
1467 2913 1634 2976 Pamachii
1644 2935 1685 2977 ss.
1699 2909 1746 2999 (2)

281 3037 325 3047 -
347 3002 368 3081 †
391 3002 465 3082 Ego
488 2996 656 3086 lac(intus)
680 3001 837 3065 diaconus
861 3002 1035 3065 cardinalis
1057 3009 1170 3064 sancte
1194 3002 1297 3064 Marie
1320 3003 1353 3064 in
1377 3001 1559 3083 Cosmidyn
1583 3023 1625 3065 ss.

280 3093 301 3169 †
324 3091 398 3173 Ego
423 3089 597 3154 Gratianus
619 3098 805 3153 sanctorum
828 3090 949 3154 Cosme
972 3099 1004 3154 et
1027 3091 1181 3154 Damiani
1206 3091 1364 3154 diaconus
1387 3091 1560 3155 cardinalis
1583 3112 1624 3154 ss.

282 3179 303 3262 †
325 3180 399 3262 Ego
422 3177 520 3242 Bobo
543 3179 647 3242 sancti
670 3177 791 3261 Angeli
815 3180 972 3243 diaconus
996 3180 1169 3243 cardinalis
1192 3201 1233 3244 ss.

280 3270 302 3347 †
325 3268 399 3351 Ego
423 3265 592 3332 Soffredus
615 3279 728 3332 sancte
752 3270 856 3333 Marie
878 3269 909 3332 in
932 3267 999 3332 Via
1021 3270 1087 3332 lata
1111 3270 1269 3332 diaconus
1292 3268 1465 3332 cardinalis
1487 3290 1529 3332 ss.

281 3359 308 3438 †'
325 3359 399 3440 Ego
421 3358 604 3421 Rollandus
627 3366 741 3421 sancte
764 3359 868 3421 Marie
891 3360 924 3421 in
947 3359 1078 3422 Porticu
1102 3359 1260 3422 diaconus
1283 3359 1457 3422 cardinalis
1479 3379 1521 3421 ss.

281 3446 302 3528 †
324 3445 398 3530 Ego
422 3447 536 3512 Petrus
558 3447 662 3510 sancti
687 3445 838 3511 Nicholai
863 3449 896 3510 in
919 3467 1048 3510 carcere
1071 3448 1223 3511 Tulliano
1247 3448 1406 3511 diaconus
1428 3447 1602 3512 cardinalis
1624 3469 1665 3511 ss.

282 3535 302 3620 †
325 3538 400 3620 Ego
423 3537 582 3600 Radulsus
605 3548 717 3601 sancte
741 3537 874 3618 Georgii
898 3538 940 3600 ad
963 3537 1083 3600 Velum
1113 3557 1246 3600 aureum
1273 3537 1431 3600 diaconus
1455 3537 1628 3600 cardinalis
1650 3558 1690 3600 ss.

227 3628 305 3689 Dat.
329 3624 473 3702 Verone,
497 3647 557 3708 per
580 3645 713 3688 manum
736 3625 876 3702 Alberti,
907 3634 1020 3689 sancte
1042 3627 1194 3689 Romane
1218 3625 1355 3690 ecclesie
1377 3626 1550 3708 presbiteri
1574 3625 1747 3689 cardinalis

62 3725 97 3779 et
122 3716 319 3779 cancellarii.
364 3714 511 3779 x1111Kl.
528 3715 625 3778 Febr.
671 3715 854 3778 Indictione
876 3725 945 3777 vta.
990 3714 1226 3779 incarnationis
1250 3715 1417 3778 dominice
1440 3735 1528 3778 anno
1551 3727 1746 3779 MCLXXXVI.

62 3804 283 3870 Pontificatus
304 3825 384 3868 vero
408 3805 521 3867 domni
545 3805 686 3873 URBANl
710 3824 799 3886 pape
822 3818 861 3868 111
884 3824 971 3867 anno
995 3818 1029 3867 11.

238 3918 281 3967 Or.
301 3918 328 3966 E
349 3918 390 3967 VI.
411 3920 468 3978 182,
486 3917 514 3968 in
530 3919 574 3967 der
590 3917 652 3967 Bibl.
674 3917 792 3984 Chr'gr'una
810 3935 838 3967 ru
857 3919 926 3968 Rom.

238 3989 307 4056 Perg.
327 3989 388 4049 ital,
407 3990 442 4038 br.
462 3991 550 4049 0,4ὅὸ,
568 3991 630 4054 lang
646 3991 730 4050 0,ᾰό5,
749 3996 824 4040 unten
842 3991 919 4048 0,oat
936 3992 1128 4056 ungescltlagcn,
1155 3990 1233 4039 durch
1251 3993 1267 4038 2
1287 3989 1380 4039 deher
1394 3989 1456 4054 ging
1473 3989 1513 4038 dic
1531 3989 1638 4046 Schmr,
1661 3991 1748 4039 welche

63 4062 110 4112 m't
127 4061 182 4111 dm
202 4061 281 4127 Siegel
293 4063 410 4121 verlorm,
430 4061 539 4126 Fadmg
554 4062 598 4110 der
614 4062 710 4110 Bullm
748 4061 847 4110 Sowoltl
860 4063 937 4111 reclus
954 4065 993 4110 als
1010 4062 1074 4111 links
1092 4062 1150 4110 zuei
1167 4061 1320 4112 Seitndinien
1335 4076 1444 4128 gmgcn,
1469 4061 1519 4110 eine
1545 4063 1623 4111 adher
1649 4077 1683 4110 an
1705 4061 1749 4110 der

63 4134 156 4192 Korde,
175 4133 214 4182 die
231 4133 319 4182 andere
335 4136 404 4184 nulr
419 4134 484 4184 nach
501 4133 582 4192 brnen,
602 4131 640 4181 die
658 4133 758 4182 innerm
775 4133 833 4182 sr'nd
848 4135 886 4181 als
903 4133 982 4184 Norm
991 4134 1045 4197 su'r
1063 4133 1252 4198 Zeilenanfdnge
1270 4134 1324 4184 wad
1341 4133 1452 4182 Scllr'lssc
1466 4133 1579 4197 gnudtlt.
1610 4133 1748 4198 Rr'ngkreuz

63 4205 160 4256 udis·
180 4205 224 4254 der
245 4204 409 4269 Unlerschrist
425 4205 504 4270 stigen
527 4205 612 4254 hellen
630 4205 704 4254 Diale
727 4205 766 4252 als
789 4205 834 4252 dar
857 4204 962 4270 Uedrr'ge,
981 4205 1109 4270 Datimng
1133 4221 1188 4254 vom
1206 4204 1496 4270 Hauptk'o'rperschreiber‚
1524 4205 1659 4253 astiteris
1685 4205 1751 4254 awti

62 4277 261 4342 mckgetragm
295 4276 313 4336 †
332 4277 353 4326 E
371 4291 427 4326 vom
445 4275 573 4326 Diakonen
590 4276 692 4325 Roland
706 4277 790 4326 hellcre
806 4276 883 4326 Dinte
906 4279 944 4325 als
968 4277 1005 4326 die
1026 4277 1119 4326 weltere
1140 4276 1320 4342 Unterschris‘t,·
1345 4277 1372 4326 ob
1389 4276 1511 4326 cimicia
1528 4275 1566 4325 bei
1581 4275 1688 4326 andum
1706 4276 1750 4326 der

63 4349 129 4408 Fall,
147 4347 303 4412 smer'scllost.
341 4347 393 4398 Ein
414 4346 486 4398 Thn'l
500 4348 544 4397 der
561 4347 741 4414 ngenfimm
759 4363 809 4396 von
821 4348 925 4413 gleicher
942 4348 1024 4398 Hand
1038 4349 1197 4415 eingetragen.

817 4632 886 4707 Nr.
912 4637 1001 4709 390.

70 4765 184 4833 Urdan
202 4765 224 4830 I
222 4764 266 4830 II
279 4765 430 4849 bestdttgt
448 4765 523 4829 dem
539 4764 691 4845 Bisclrose
704 4764 819 4830 Albert
840 4787 901 4829 von
925 4765 1062 4831 Vercelli
1082 4763 1137 4829 die
1153 4765 1396 4830 Besitztlni'mer
1417 4766 1521 4831 seines
1536 4764 1747 4848 Hochstiftes,

529 4853 665 4919 welches
680 4875 718 4918 er
733 4855 767 4918 in
781 4853 1012 4939 apostolrschen
1027 4853 1145 4920 Sckutz
1160 4852 1284 4920 nz'mmt.

709 4973 796 5033 1187
808 4969 896 5044 Juni
909 4973 938 5035 1.
975 4968 1110 5035 Verona.

229 5087 383 5152 Urbanus
413 5086 598 5169 episcopus,
629 5107 741 5150 servus
771 5107 937 5150 servorum
967 5087 1028 5164 dei,
1060 5088 1237 5152 venerabili
1261 5087 1349 5151 fratri
1373 5084 1524 5163 Alberto,
1547 5089 1748 5153 Vercellensi

65 5179 246 5262 episcopo,
277 5179 411 5259 eiusque
441 5176 684 5240 successoribus
714 5177 874 5240 canonice
903 5177 1153 5258 substituendiS‚
1187 5191 1225 5240 ΙΝ
1249 5190 1325 5240 PPM.
1349 5177 1500 5241 —Cum
1529 5199 1573 5241 ex
1604 5179 1749 5243 iniuncto

64 5267 166 5332 nobis
183 5286 204 5328 a
220 5265 284 5329 deo
302 5265 508 5349 apostolatus
524 5264 644 5338 officio,
668 5285 734 5347 quo
751 5267 876 5328 cunctis
893 5263 1011 5330 Christi
1028 5266 1180 5331 fidelibus
1196 5277 1329 5330 auctore
1345 5267 1482 5330 domino
1499 5269 1750 5349 preeminemus,

63 5355 273 5440 singulorum
304 5356 377 5438 paci
408 5365 443 5419 et
477 5353 703 5436 tranquillitati
737 5355 917 5419 debeamus
947 5357 1133 5432 intendere,
1175 5357 1346 5438 presertim
1382 5377 1444 5439 pro
1478 5357 1607 5420 illorum
1638 5358 1748 5440 quiete

64 5455 228 5529 opportet
251 5465 312 5508 nos
335 5465 406 5508 esse
428 5444 595 5520 sollicitos,
619 5445 674 5526 qui
699 5444 855 5526 pastorali
880 5446 1040 5528 dignitate
1062 5455 1139 5510 sunt
1154 5446 1274 5528 prediti
1290 5456 1324 5509 et
1339 5446 1382 5509 ad
1398 5446 1545 5509 officium
1560 5447 1751 5529 pontificale

64 5535 224 5619 promoti.
270 5532 341 5597 Nisi
364 5535 453 5597 enim
477 5554 546 5610 nos,
570 5553 683 5597 eorum
707 5534 900 5598 utilitatibus
923 5535 1139 5611 intendentes,
1164 5535 1310 5616 ipsorum
1334 5537 1411 5612 iura,
1437 5535 1469 5598 in
1493 5545 1660 5618 quantum,
1685 5537 1749 5600 deo

65 5625 290 5708 permittente,
315 5643 496 5706 possumus,
524 5625 651 5705 integra
674 5642 903 5686 conservemus
927 5633 960 5686 et
983 5625 1176 5687 auctoritate
1200 5625 1385 5706 apostolica
1407 5644 1467 5688 eos
1490 5625 1533 5688 ab
1565 5626 1748 5707 iniquorum

66 5714 254 5778 incursibus
278 5713 509 5788 defendamus,
543 5713 584 5776 de
615 5711 742 5775 illorum
775 5713 879 5776 salute
903 5733 970 5775 non
997 5734 1074 5777 vere
1097 5724 1253 5796 poterunt
1276 5735 1347 5778 esse
1371 5715 1511 5790 solliciti,
1543 5717 1598 5796 qui
1621 5716 1682 5779 sibi
1707 5714 1749 5778 ad
