4090 6358
812 531 879 607 Nr.
909 536 971 606 34.

54 652 166 718 Calr'xt
181 654 230 718 ΙΙ
248 655 399 739 ὐῐείᾶίζξί
419 655 481 720 der
503 651 666 718 Arbtzssin
687 648 828 718 onrado
849 675 910 718 non
933 653 966 718 S.
985 653 1093 719 Pietro
1117 656 1150 718 in
1176 653 1310 721 Victum
1332 655 1387 720 die
1410 655 1647 722 Besitzthomer
1664 656 1734 721 und

675 743 792 808 Rechte
808 744 895 808 ihres
912 742 1057 808 Klosters
1075 746 1113 822 ¹).
1604 785 1609 794 ·

626 861 713 923 1123
729 857 910 924 November
923 863 978 924 20.
1012 861 1160 924 Lateran.

213 994 360 1060 Calixtus
384 995 597 1077 (episcopus),
624 1015 735 1057 servus
757 1015 925 1058 servorum
949 995 1011 1072 dei,
1036 996 1175 1059 dilectae
1198 997 1230 1059 in
1254 997 1384 1062 Christo
1408 997 1493 1060 filiae
1514 998 1669 1061 Meradae
1688 994 1729 1080 ³),

48 1085 241 1148 abbatissae
265 1085 452 1149 monasterii
476 1085 579 1147 sancti
603 1084 687 1147 Petri
711 1084 906 1148 Vicentinae
930 1085 1078 1162 civitatis,
1110 1085 1239 1167 sibique
1261 1086 1512 1150 succedentibus
1544 1087 1730 1170 regulariter

48 1174 298 1250 substituendis,
323 1175 355 1236 in
379 1185 584 1256 perpetuum.
630 1173 818 1254 Aequitatis
842 1184 875 1237 et
902 1175 1042 1238 iustitiae
1072 1176 1154 1237 ratio
1186 1176 1361 1257 persuadet
1391 1197 1460 1251 nos,
1490 1177 1635 1240 ecclesiis
1658 1197 1729 1259 per·

48 1274 184 1346 petuam
211 1283 319 1328 rerum
341 1284 472 1327 suarum
496 1261 683 1326 firmitatem
706 1273 740 1325 et
762 1265 884 1346 vigoris
908 1265 1089 1327 inconcussi
1115 1265 1317 1328 monimenta
1340 1266 1496 1328 conferre.
1542 1266 1619 1328 Non
1642 1267 1729 1329 enim

48 1353 224 1430 convenit,
264 1373 437 1436 personas,
476 1353 588 1415 divino
620 1351 789 1415 famulatui
821 1353 964 1429 deditas,
998 1354 1135 1434 pertesis
1166 1374 1342 1436 pravorum
1371 1354 1541 1417 hominum
1573 1355 1729 1418 molestiis

48 1443 162 1524 agitari
198 1453 236 1506 et
265 1443 444 1506 temerariis
477 1441 698 1525 quorumlibet
727 1442 957 1506 vexationibus
993 1441 1129 1525 fatigari.
1183 1443 1339 1507 Similiter
1376 1453 1410 1506 et
1447 1445 1579 1526 predia,
1617 1445 1729 1508 usibus

48 1531 221 1596 celestium
245 1542 445 1596 secretorum
468 1531 595 1607 dedita,
629 1531 732 1594 nullas
762 1532 948 1614 potentium
979 1533 1129 1614 angarias
1152 1533 1231 1595 nihil
1256 1534 1379 1596 debent
1408 1542 1501 1596 extra
1530 1534 1729 1596 ordinarium

47 1622 219 1685 sustinere.
267 1622 350 1687 Cum
374 1622 471 1704 igitur
493 1621 640 1684 omnium
663 1620 872 1684 ecclesiarum
896 1642 973 1684 cura
995 1622 1091 1685 nobis
1115 1642 1272 1685 concessa
1294 1624 1344 1697 sit,
1371 1633 1522 1698 vestram,
1554 1623 1673 1686 dilecta
1696 1623 1728 1685 in

49 1709 179 1774 Christo
215 1709 283 1774 filia
307 1710 452 1786 Merada,
485 1708 654 1773 abbatissa
683 1709 772 1773 beati
795 1710 889 1786 Petri,
923 1711 1082 1773 debemus
1105 1712 1276 1774 ecclesiam
1301 1713 1504 1794 apostolicae
1527 1713 1729 1775 auctoritatis

48 1800 203 1882 suffragio
230 1813 263 1863 et
285 1802 353 1864 eius
377 1800 592 1883 protectionis
615 1800 798 1881 patrocinio
822 1799 1008 1863 confovere.
1055 1800 1156 1863 Porro
1179 1803 1405 1883 possessiones
1437 1821 1551 1864 omnes
1574 1812 1607 1865 et
1630 1801 1728 1877 bona,

49 1910 132 1972 quae
162 1891 381 1954 concessione
412 1888 620 1972 pontificum,
660 1887 856 1952 liberalitate
893 1889 1143 1971 imperatorum,
1183 1890 1353 1953 oblatione
1384 1890 1528 1953 fidelium
1559 1891 1627 1953 sive
1658 1891 1729 1954 aliis

49 1979 137 2042 iustis
162 1979 275 2043 modis
298 1979 436 2043 ecclesia
459 1980 531 2060 ipsa
554 1979 586 2040 in
610 1979 753 2061 presenti
777 1978 925 2061 possidet
941 1989 997 2041 aut
1020 1979 1219 2055 infuturum,
1244 1980 1401 2061 largiente
1418 1981 1562 2055 domin0,
1587 1981 1730 2062 potuerit

49 2068 197 2150 adipisci,
233 2068 293 2132 tibi
328 2078 361 2131 et
391 2069 445 2145 iis,
479 2069 534 2149 qui
564 2077 641 2150 post
665 2077 698 2131 te
722 2067 865 2149 legitime
887 2070 1110 2144 successerint,
1143 2069 1382 2132 confirmamus.
1428 2069 1464 2131 ln
1498 2068 1616 2150 quibus
1647 2068 1730 2132 haec

48 2158 190 2240 propriis
215 2157 404 2221 nominibus
427 2158 497 2220 visa
519 2167 594 2220 sunt
617 2159 846 2240 exprimenda:
870 2157 1023 2220 videlicet
1046 2158 1184 2221 ecclesia
1206 2159 1309 2221 sancti
1324 2158 1409 2221 Petri
1433 2178 1506 2221 cum
1530 2158 1684 2221 omnibus
1699 2159 1729 2220 ei

50 2246 291 2328 pertinentibus
314 2245 398 2310 infra
421 2247 585 2310 civitatem
601 2247 772 2310 Vicentiae
789 2256 821 2309 et
843 2255 944 2318 extra,
968 2247 1092 2309 scilicet
1107 2246 1263 2310 suburbia
1279 2268 1353 2310 cum
1370 2247 1515 2324 decimis,
1540 2247 1730 2310 molendina

50 2355 120 2398 cum
144 2337 286 2400 decimis
309 2346 342 2400 et
364 2335 449 2412 villa,
474 2356 559 2417 quae
582 2335 700 2398 dicitur
721 2335 824 2399 sancti
846 2336 940 2410 Petri,
964 2356 1038 2399 cum
1063 2336 1206 2411 decimis,
1230 2347 1263 2399 et
1287 2336 1485 2418 Quartezolo
1510 2346 1542 2400 et
1565 2337 1663 2419 plebe
1687 2337 1729 2399 de

50 2425 219 2502 Grumolo,
244 2426 419 2489 villacum
443 2425 578 2488 decimis
602 2435 635 2488 et
656 2425 787 2508 synodo
811 2445 885 2488 cum
910 2425 1062 2488 omnibus
1086 2424 1221 2506 capellis
1244 2426 1351 2489 eidem
1375 2426 1464 2508 plebi
1481 2426 1729 2508 pertinentibus,

50 2523 80 2577 et
102 2515 369 2598 Grugnotortum
402 2535 477 2577 cum
508 2515 657 2590 decimiS,
687 2524 721 2578 et
753 2516 897 2596 quinque
930 2516 1033 2577 mansi
1066 2515 1098 2577 in
1127 2515 1334 2592 Barbaran0,
1378 2525 1411 2578 et
1450 2515 1597 2578 decimae
1629 2517 1729 2579 totius

50 2604 260 2669 domocultus
284 2605 430 2668 eiusdem
460 2604 630 2686 episcopii,
664 2614 698 2667 et
728 2605 831 2667 mansi
864 2605 896 2666 in
922 2603 1089 2680 Custodia,
1121 2605 1224 2666 mansi
1249 2605 1282 2666 in
1306 2604 1471 2680 Altavilla,
1503 2606 1535 2667 in
1558 2604 1729 2682 Credaci0,

53 2695 81 2756 in
112 2693 345 2758 Montemedio
377 2703 411 2757 et
442 2693 475 2755 in
507 2693 684 2770 MonteclO,
715 2703 748 2756 et
781 2694 864 2756 duae
896 2693 1032 2756 braidae
1062 2694 1095 2756 in
1127 2691 1285 2757 Altavilla
1316 2714 1391 2757 cum
1422 2693 1569 2771 decimis,
1602 2694 1730 2776 capella

51 2782 149 2846 sancti
166 2785 257 2847 Petri
274 2785 306 2846 in
322 2783 482 2857 Garzone,
506 2784 568 2846 sita
584 2783 616 2845 in
633 2783 762 2859 Scledo,
788 2803 862 2845 cum
878 2783 1032 2846 omnibus
1054 2783 1081 2845 ei
1098 2783 1346 2865 pertinentibus,
1370 2785 1503 2866 insuper
1524 2783 1729 2847 massariciae

51 2872 156 2936 eidem
180 2873 384 2936 monasterio
408 2873 441 2934 in
464 2872 583 2935 eodem
608 2872 682 2935 loco
706 2873 915 2954 pertinentes,
940 2882 973 2935 et
995 2872 1112 2955 plebes
1136 2872 1177 2935 de
1193 2872 1313 2936 Scledo
1331 2893 1405 2936 cum
1425 2873 1578 2936 omnibus
1594 2873 1728 2955 capellis

51 2962 155 3025 eidem
189 2961 282 3046 plebi
314 2961 563 3044 pertinentibus
596 2972 630 3025 et
662 2962 813 3042 quartise‚
846 2961 992 3044 synodus
1023 2972 1056 3025 et
1086 2962 1201 3044 plebes
1225 2963 1351 3025 Marani
1385 2982 1459 3024 cum
1491 2963 1662 3043 quartisiis,
1695 2973 1729 3026 et

51 3053 195 3134 synodus
206 3061 241 3114 et
250 3051 377 3134 capella
385 3052 488 3114 sancti
496 3050 583 3114 Petri
600 3053 632 3113 in
649 3061 761 3114 monte
778 3052 820 3114 de
830 3049 943 3115 Berica
960 3072 1034 3115 cum
1051 3051 1246 3114 montecello
1263 3061 1296 3114 et
1311 3051 1437 3134 capella
1446 3049 1549 3113 sancti
1558 3051 1728 3115 Michaelis

52 3142 81 3202 in
102 3140 281 3204 Besortolo
305 3161 380 3203 cum
403 3139 593 3204 monticello
618 3151 651 3203 et
681 3150 765 3204 terra
797 3160 896 3222 quam
919 3140 1020 3204 habet
1043 3142 1075 3202 in
1098 3141 1293 3204 Pedevenne
1311 3137 1340 3224 b)
1373 3149 1406 3203 et
1436 3140 1468 3203 in
1491 3140 1666 3204 Prenomia
1686 3141 1726 3219 ε).

51 3229 266 3293 Decemimus
290 3250 432 3313 quoque,
465 3239 500 3292 ut
530 3228 608 3291 nulli
642 3230 777 3292 omnino
810 3229 981 3292 hominum
1005 3231 1108 3304 liceat,
1141 3228 1230 3292 idem
1253 3231 1487 3292 monasterium
1510 3239 1632 3293 temere
1656 3252 1726 3313 per-

9 3337 10 3340 ’
51 3320 178 3383 turbare
216 3330 273 3382 aut
307 3321 375 3382 eius
408 3319 635 3401 possessiones
670 3318 805 3381 aufferre
843 3319 895 3382 vel
930 3319 1057 3382 ablatas
1093 3321 1246 3395 retinere,
1283 3321 1427 3382 minuere
1461 3318 1512 3381 vel
1547 3320 1727 3382 temerariis

50 3408 280 3472 vexationibus
304 3408 450 3490 fatigare,
479 3408 539 3471 sed
563 3409 675 3471 omnia
697 3409 823 3490 integra
846 3419 1079 3471 conserventur
1101 3427 1219 3484 earum,
1245 3429 1305 3490 pro
1330 3429 1466 3490 quarum
1491 3410 1727 3473 sustentatione

51 3508 81 3561 et
93 3498 335 3580 gubernatione
355 3518 512 3561 concessa
535 3507 619 3571 sunt,
644 3498 756 3561 usibus
772 3499 971 3561 omnimodis
987 3497 1164 3578 profutura,
1189 3498 1468 3579 quemadmodum
1492 3499 1524 3560 in
1540 3498 1726 3580 privilegiis,

49 3587 264 3652 aVicentInis
280 3587 445 3670 episcopis
468 3587 565 3650 vobis
588 3588 760 3662 concessis
785 3589 978 3650 continetur.
1027 3587 1181 3650 Obeunte
1204 3597 1245 3662 te,
1271 3607 1357 3649 nunc
1380 3589 1448 3650 eius
1465 3587 1527 3649 loci
1549 3587 1726 3664 abbatissa,

49 3677 131 3740 nulla
165 3676 213 3740 ibi
247 3676 394 3759 qualibet
425 3677 638 3758 surreptionis
669 3678 792 3739 astucia
823 3698 879 3739 seu
909 3675 1071 3739 violencia
1103 3686 1340 3757 praeponatur,
1373 3677 1433 3739 nisi
1466 3696 1564 3757 quam
1597 3697 1726 3740 sorores

48 3767 212 3830 communi
237 3787 398 3829 consensu
420 3766 473 3829 vel
497 3786 646 3829 sororum
669 3786 745 3852 pars
768 3766 894 3828 consilii
925 3766 1062 3829 sanioris
1093 3764 1272 3828 secundum
1306 3765 1357 3827 dei
1388 3765 1540 3828 timorem
1570 3776 1603 3848 et
1634 3765 1723 3830 beati

49 3854 217 3919 Benedicti
249 3855 394 3938 regulam
429 3855 633 3938 providerint
663 3855 858 3936 eligendam.
905 3854 1069 3930 Chrisma,
1111 3854 1220 3917 oleum
1260 3864 1423 3930 sanctum,
1462 3856 1724 3920 consecrationes

49 3945 195 4008 altarium
227 3965 284 4008 seu
314 3945 531 4020 basilicamm,
563 3944 788 4007 ordinationes
819 3944 1052 4007 monacharum
1085 3944 1243 4025 ipsarum,
1276 3963 1359 4024 quae
1390 3944 1433 4006 ad
1464 3965 1574 4007 sacros
1605 3944 1724 4008 luerint

50 4034 175 4098 ordines
199 4034 457 4116 promovendae,
482 4055 502 4096 a
518 4034 693 4097 Vicentino
710 4034 877 4116 accipietis
894 4034 1062 4115 episc0p0‚
1086 4033 1113 4095 si
1131 4032 1264 4115 quidem
1279 4034 1419 4115 gratiam
1435 4043 1469 4096 et
1491 4034 1723 4097 comunionem

50 4124 131 4186 sedis
155 4124 341 4206 apostolice
365 4123 516 4188 habuerit
542 4133 584 4199 et,
615 4123 641 4185 si
666 4143 705 4185 ea
726 4124 827 4204 gratis
858 4143 896 4186 ac
928 4124 997 4186 sine
1028 4123 1189 4204 pravitate
1218 4123 1356 4186 voluerit
1387 4123 1552 4186 exhibere.
1599 4122 1633 4187 Si
1658 4144 1724 4204 qua

50 4233 121 4276 vero
133 4213 166 4276 in
178 4213 322 4276 futurum
333 4212 554 4276 ecclesiastica
569 4211 762 4275 secularisve
778 4232 927 4295 persona,
943 4211 1027 4275 hanc
1043 4221 1173 4276 nostrae
1189 4213 1429 4276 constitutionis
1445 4214 1600 4295 paginam
1608 4212 1722 4290 sciens,

51 4313 160 4365 contra
184 4323 259 4366 eam
275 4312 397 4366 temere
420 4303 531 4365 venire
551 4303 770 4383 temptaverit,
793 4302 940 4365 secundo
963 4302 1102 4365 tertiove
1126 4303 1335 4379 commonita,
1360 4302 1386 4365 si
1411 4322 1477 4365 non
1501 4302 1723 4366 satisfactione

50 4411 189 4473 congma
205 4393 438 4467 emendaverit,
455 4391 628 4474 potestatis
645 4390 845 4472 honorisque
855 4392 903 4453 sui
914 4389 1101 4474 (dignitate)
1117 4402 1234 4467 careat,
1252 4412 1406 4471 reamque
1422 4413 1456 4454 se
1473 4391 1584 4454 divino
1601 4391 1721 4454 iudicio

51 4481 186 4544 existere
210 4481 253 4568 de
276 4491 465 4563 perpetrata
497 4481 667 4560 iniquitate
692 4491 879 4562 cognoscat,
910 4490 943 4543 et
966 4501 986 4543 a
1009 4480 1227 4544 sacratissimo
1258 4501 1395 4562 corpore
1419 4492 1452 4544 et
1481 4482 1638 4563 sanguine
1669 4481 1720 4544 dei

51 4588 84 4632 ac
106 4569 233 4633 domini
264 4571 366 4633 nostri
390 4570 461 4633 lesu
486 4569 604 4633 Christi
628 4569 823 4644 alienafiat,
857 4579 956 4651 atque
986 4571 1018 4632 in
1049 4580 1197 4632 extremo
1228 4571 1378 4632 examine
1411 4571 1576 4633 districtae
1607 4570 1721 4633 ultioni

9 4653 10 4656 '
50 4658 222 4723 subiaceat.
269 4659 402 4724 Cunctis
433 4667 555 4734 autem,
588 4659 695 4721 eidem
719 4658 793 4721 loco
822 4659 906 4722 iusta
937 4658 1157 4734 servantibus,
1189 4659 1230 4721 sit
1262 4679 1329 4740 pax
1359 4659 1484 4721 domini
1516 4659 1617 4722 nostri
1649 4659 1720 4722 Iesu

9 4803 10 4806 ,
51 4745 171 4826 Christi,
197 4759 359 4830 quatenus
375 4748 476 4812 ethic
499 4747 638 4811 fructum
655 4748 763 4810 bonae
787 4748 924 4811 actionis
947 4745 1159 4832 percipia(n)t
1181 4743 1240 4832 (et)
1264 4748 1353 4829 apud
1377 4748 1556 4812 districtum
1581 4748 1721 4812 iudicem

9 4895 11 4906 ‚
50 4839 206 4917 premium
252 4846 384 4901 eternae
430 4837 521 4918 pacis
559 4838 725 4900 inveniant
764 4837 935 4902 dominum
978 4848 1124 4900 nostrum
1162 4838 1268 4900 lesum
1307 4837 1469 4901 Christum
1496 4833 1534 4922 d).
1601 4838 1720 4901 Arnen.

9 4949 10 4970 r
52 4925 164 4990 Amen.
189 4924 312 4990 Amen.

9 5025 10 5030 ’
204 5015 261 5097 (R)
284 5017 358 5098 Ego
383 5014 529 5078 Calixtus
553 5015 733 5079 catholicae
758 5016 915 5078 ecclesiae
939 5016 1114 5096 episcopus
1131 5034 1171 5077 ss

9 5157 10 5180 2
207 5105 330 5169 Datum
355 5105 517 5179 Laterani,
547 5126 607 5187 per
637 5124 768 5167 manum
790 5105 816 5185 e)
845 5105 1010 5182 Aimerici,
1040 5115 1173 5167 sanctae
1203 5107 1373 5169 Romanae
1405 5106 1557 5168 ecclesiae
1590 5107 1719 5168 diaconi

9 5201 10 5208 ’
51 5195 219 5258 cardinalis
257 5202 291 5257 et
328 5194 521 5257 cancellarii.
568 5208 618 5257 ΧΗ
648 5192 721 5257 Kal.
753 5195 913 5258 Decemb.
971 5194 1154 5257 indictione
1185 5209 1219 5257 Η.
1266 5195 1502 5258 incarnationis
1535 5196 1720 5258 dominicae

9 5293 10 5350 ἶ
51 5302 131 5346 anno
155 5297 305 5347 Mcxxnl.
352 5283 564 5346 Pontificatus
588 5283 700 5346 domni
726 5283 843 5347 Calixti
868 5298 893 5346 11
916 5284 974 5347 ΡΡ.
998 5304 1084 5346 anno
1108 5297 1141 5346 v.

203 5395 327 5462 Absckn'fl
342 5396 368 5446 in
386 5397 430 5446 der
447 5395 573 5446 Biblioltca
594 5397 724 5446 Conrunale
740 5414 770 5445 nu
794 5399 902 5447 Virmzo.

9 5613 10 5616 ’
51 5608 104 5658 villa
121 5625 185 5676 quae
203 5609 344 5660 nominatur
361 5611 495 5660 Preuumia
591 5611 618 5672 d)
638 5611 737 5661 Selluss
758 5619 832 5661 etwas
856 5612 882 5661 in
904 5613 1064 5678 Unordnung,
1090 5614 1199 5681 cffinbor
1221 5614 1298 5663 durch
1323 5613 1526 5663 Willknrlichkeit
1547 5615 1587 5662 des
1605 5611 1720 5676 Kopistm

52 5681 73 5743 e)
90 5682 191 5746 propria
209 5697 292 5732 manu.
313 5720 334 5725 -
382 5685 419 5748 ,1)
438 5681 508 5732 Nock
533 5683 586 5732 dem
604 5683 705 5732 Drurke
727 5683 753 5731 in
779 5685 813 5732 D.
841 5685 966 5743 Bor-tolon,
992 5683 1010 5732 I
1027 5683 1141 5751 Privilegi
1164 5687 1205 5734 del
1228 5686 1364 5735 Monostero
1382 5686 1409 5734 di
1425 5686 1450 5736 S.
1472 5685 1550 5734 Pr'etro
1568 5685 1593 5735 in
1618 5683 1720 5734 Vienna

49 5757 72 5814 p.
90 5755 130 5813 Η,
147 5754 197 5804 mir
209 5754 304 5820 giib'gst
319 5754 449 5819 sugesondl
465 5770 512 5804 von
529 5754 613 5804 Herm
633 5755 702 5819 llus.
722 5756 850 5805 Bernordo
868 5755 1029 5805 Morsolin
1046 5757 1071 5806 in
1095 5757 1203 5807 Vicenza.
1236 5799 1240 5808 .
