4126 6366
526 504 547 590 †
570 505 643 588 Ego
666 506 880 570 Theobaldus
904 508 1092 570 Hostiensis
1115 516 1148 571 et
1170 507 1381 571 Velletrensis
1405 509 1582 590 episcopus
1605 525 1647 568 ss.

527 594 547 678 †
571 597 643 678 Ego
666 595 827 660 Iohannes
851 598 1014 680 presbiter
1037 598 1209 661 cardinalis
1231 598 1277 660 tit.
1301 599 1404 660 sancti
1428 596 1531 660 Marci
1555 615 1595 657 33.

526 683 547 767 1
571 685 643 767 Ego
667 686 837 750 Laborans
860 687 1023 769 presbiter
1047 686 1219 750 cardinalis
1241 697 1353 750 sancte
1377 687 1481 749 Marie
1506 682 1724 748 transtiberim
1740 685 1787 746 tit
1806 682 1930 746 Calixti
1957 701 2009 742 33.

527 772 547 856 †
571 774 643 858 Ego
667 775 844 839 Pandullus
869 776 1033 858 presbiter
1056 776 1225 840 cardinalis
1249 776 1384 840 basilice
1407 789 1457 838 ΧΗ
1481 773 1723 856 Apostolorum
1746 793 1788 836 ss.

526 865 547 942 †
570 864 643 946 Ego
666 863 809 928 Albinus
833 866 882 928 tit.
905 872 1018 928 sancte
1043 865 1154 928 Crucis
1178 867 1209 928 in
1232 865 1407 928 Ierusalem
1431 865 1593 947 presbiter
1616 862 1787 925 cardinalis
1810 882 1852 924 ss

526 955 547 1032 †
569 955 643 1036 Ego
667 952 853 1017 Adelardus
876 956 925 1018 tit.
949 956 1052 1018 sancti
1078 956 1223 1019 Marcelli
1247 955 1409 1037 presbiter
1431 951 1604 1017 cardinalis
1626 973 1667 1016 ss.
1687 950 1715 1036 1)

526 1039 547 1124 1
570 1041 643 1123 Ego
667 1043 782 1106 Bobus
805 1044 852 1106 tit.
877 1051 988 1106 sancte
1011 1042 1187 1107 Anastasie
1210 1045 1372 1126 presbiter
1394 1041 1562 1106 cardinalis
1585 1062 1626 1104 ss.

526 1133 547 1210 †
569 1133 643 1214 Ego
666 1134 779 1196 Petrus
803 1132 849 1196 tit.
872 1135 976 1196 sancti
1000 1133 1178 1196 Clementis
1201 1135 1365 1216 presbiter
1388 1132 1560 1196 cardinalis
1584 1151 1625 1193 ss.

527 1218 547 1302 †
571 1221 643 1303 Ego
668 1220 807 1285 Alexius
830 1223 877 1285 tit.
901 1229 1014 1285 sancte
1039 1221 1187 1286 Susanne
1210 1222 1374 1305 presbiter
1397 1220 1567 1285 cardinalis
1589 1241 1631 1285 33.

526 1311 547 1389 †
570 1311 643 1392 Ego
667 1312 781 1374 Petrus
804 1312 907 1374 sancti
931 1311 1103 1375 Laurencii
1127 1315 1159 1374 in
1183 1311 1329 1376 Damaso
1353 1312 1516 1394 presbiter
1538 1308 1713 1373 cardinalis
1736 1327 1777 1370 ss.

526 1401 547 1477 †
570 1401 643 1482 Ego
667 1399 808 1464 lacintus
832 1401 988 1464 diaconus
1012 1400 1182 1464 cardinalis
1204 1410 1318 1465 sancte
1342 1401 1447 1464 Marie
1470 1402 1501 1463 in
1526 1398 1695 1462 Cosmidin
1717 1417 1760 1460 ss.

527 1486 547 1570 †
570 1489 645 1570 Ego
669 1491 869 1553 Octavianus
891 1499 1079 1553 sanctorum
1103 1487 1207 1574 Sergii
1231 1499 1264 1554 et
1287 1488 1391 1554 Bachi
1414 1492 1573 1553 diaconus
1596 1487 1764 1551 cardinalis
1787 1507 1830 1548 33.

525 1577 546 1658 †
569 1577 642 1659 Ego
667 1577 844 1661 Gregorius
867 1587 980 1642 sancte
1003 1577 1107 1642 Marie
1130 1581 1161 1642 in
1184 1583 1312 1663 porticu
1336 1581 1494 1643 diaconus
1517 1577 1685 1641 cardinalis
1708 1597 1749 1639 ss.

526 1669 644 1750 †Ego
677 1666 840 1731 lohannes
873 1668 951 1731 felix
983 1672 1086 1732 sancti
1119 1669 1285 1733 Eustachii
1317 1669 1474 1733 diaconus
1506 1667 1677 1731 cardinalis
1709 1666 1800 1728 iuxta
1831 1664 2006 1748 templum

741 1756 894 1840 Agrippe
918 1778 960 1821 ss.

526 1845 555 1926 †,
569 1848 642 1929 Ego
666 1843 829 1910 lohannes
852 1848 955 1910 sancti
978 1847 1148 1910 Theodori
1172 1848 1326 1912 diaconus
1351 1846 1525 1911 cardinalis
1548 1867 1590 1910 33.

526 1934 547 2015 †
569 1937 643 2018 Ego
666 1937 851 1999 Bernardus
875 1945 989 1999 sancte
1014 1939 1116 2001 Marie
1136 1933 1224 2002 'nove
1247 1938 1405 2000 diaconus
1430 1935 1601 1999 cardinalis
1624 1956 1665 1998 ss.

527 2023 547 2104 †
570 2023 643 2106 Ego
668 2023 844 2108 Gregorius
868 2035 980 2090 sancte
1004 2027 1106 2090 Marie
1129 2029 1160 2089 in
1185 2025 1314 2106 Aquiro
1339 2027 1498 2090 diaconus
1522 2024 1695 2088 cardinalis
1718 2043 1760 2085 ss.

474 2112 562 2176 Data
585 2114 745 2191 Laterani,
779 2135 838 2197 per
862 2135 993 2178 manum
1019 2115 1139 2197 Moysi,
1171 2115 1318 2178 Romane
1343 2115 1479 2179 ecclesie
1506 2114 1707 2187 subdiaconi,
1738 2113 1843 2175 vicem
1868 2111 2006 2192 agentis

315 2201 505 2266 cancellarii.
549 2217 601 2264 1111
624 2203 874 2267 KlNovembr.
912 2204 1091 2268 Indictione
1114 2220 1173 2269 vll.
1212 2206 1451 2269 incarnacionis
1474 2205 1641 2267 dominice
1664 2223 1748 2265 anno
1772 2213 2007 2264 MCLxxan.

314 2291 523 2356 Pontificatus
546 2312 625 2356 vero
649 2293 760 2356 domni
785 2291 966 2356 Clementis
990 2315 1077 2377 pape
1102 2309 1141 2359 111
1164 2316 1250 2358 anno
1275 2298 1392 2377 primo.

474 2407 599 2472 Absclrrr‘sl
614 2422 669 2456 vom
689 2409 723 2457 14
744 2407 846 2471 Jahrb,
865 2408 906 2457 des
927 2409 983 2462 Cod.
1007 2410 1059 2460 Vnt.
1079 2411 1157 2471 3880,
1182 2411 1233 2459 Vat.
1253 2410 1324 2459 6420
1337 2416 1364 2473 p.
1383 2410 1426 2468 24,
1445 2407 1471 2458 in
1489 2407 1533 2457 der
1550 2407 1612 2456 Bibl.
1636 2406 1751 2456 Vaticano
1768 2421 1799 2454 ru
1816 2406 1886 2455 Rom.

1062 2695 1129 2770 Nr.
1157 2698 1246 2770 424.

323 2824 468 2890 Clemens
484 2826 550 2891 HI
559 2826 712 2912 bestiitrgt
732 2826 805 2890 dem
820 2823 1026 2909 Erzpn'ester
1039 2827 1197 2891 Heinrich
1218 2848 1282 2890 oon
1298 2826 1482 2891 Nonantola
1505 2825 1564 2908 (D.
1588 2825 1739 2912 Modrna)
1763 2825 1825 2887 den
1847 2822 2003 2888 53131εᾶ3-

376 2916 494 3000 spnrch
511 2917 545 2980 in
560 2914 663 2980 er'nem
679 2915 796 2980 Streite
811 2917 874 2978 rnr‘t
885 2916 947 2979 der
962 2914 1083 2979 Kr'rclre
1098 2915 1166 2980 Son
1182 2917 1329 2980 Martr'no
1344 2915 1385 2979 de
1405 2914 1435 2979 C
1431 2917 1543 2980 oziano
1557 2935 1666 2998 wegen
1681 2915 1768 2978 eines
1784 2911 1942 2978 Zelrrrten.

889 3035 974 3095 1188
990 3029 1174 3096 November
1187 3035 1240 3096 21.
1271 3032 1423 3096 Lateran.

479 3148 648 3213 CLEMENS
660 3149 846 3231 episcopus,
860 3167 972 3211 servus
984 3167 1150 3211 servorum
1163 3149 1224 3224 dei,
1241 3147 1360 3212 dilecto
1377 3147 1445 3213 filio
1469 3143 1649 3232 .Hen(rico)
1666 3146 1705 3232 b),
1721 3146 2003 3230 archipresbitero

318 3237 561 3312 Nonantulano,
592 3238 731 3300 salutem
755 3247 788 3300 et
811 3237 1027 3320 apostolicam
1052 3238 1326 3302 benedictionem.
1373 3239 1456 3302 Cum
1480 3235 1715 3322 controlversie
1744 3236 1788 3300 ab
1811 3237 2003 3319 apostolica

319 3326 399 3389 sede
422 3329 598 3389 commisse
621 3328 742 3389 iudicio
765 3326 817 3390 331
840 3327 1017 3390 concordia
1047 3326 1216 3402 finiuntur,
1247 3348 1289 3391 ne
1321 3330 1353 3390 in
1384 3328 1493 3391 futuro
1525 3327 1654 3390 valeant
1691 3327 1723 3389 13
1747 3327 2000 3389 contentionem

319 3415 447 3490 adduci,
478 3417 623 3498 ipsarum
645 3415 650 3498 1
669 3419 832 3479 sententie
863 3419 895 3479 in
917 3417 1073 3499 scriptum
1097 3426 1173 3480 sunt
1195 3419 1395 3480 autenticum
1429 3416 1614 3481 reducende
1645 3423 1679 3479 et
1701 3415 1788 3479 sedis
1811 3415 2001 3498 apostolice

318 3505 499 3587 patrocinio
523 3504 715 3568 roborande.
741 3505 843 3569 'Cum
867 3515 977 3568 autem
1001 3508 1085 3568 inter
1111 3506 1243 3588 plebem
1273 3507 1374 3570 sancti
1398 3506 1555 3581 Michalis‚
1587 3515 1643 3569 tue
1674 3525 1749 3569 cure
1772 3506 2000 3580 commissam,

317 3605 352 3658 et
374 3592 545 3659 ecclesiam
577 3596 680 3657 sancti
705 3594 836 3658 Martini
869 3596 912 3658 de
935 3593 1077 3658 Caucino
1097 3593 1120 3681 ¹)
1152 3597 1372 3659 controversia
1401 3605 1583 3659 verteretur
1620 3614 1720 3676 super
1749 3603 1819 3658 tota
1852 3595 1999 3671 decima,

316 3704 415 3764 quam
441 3684 534 3766 plebs
559 3685 630 3766 ipsa
652 3684 787 3747 tenebat
808 3686 893 3746 inter
914 3685 1116 3748 Bisentulum
1141 3693 1174 3748 et
1197 3685 1316 3748 flumen
1338 3685 1532 3768 Pontilongi,
1554 3683 1691 3748 limitem
1710 3679 1940 3770 'Musq[onem]
1967 3691 2001 3747 et

318 3773 489 3837 Panarium
514 3781 607 3837 vetus
638 3793 677 3836 ac
701 3771 879 3850 Cenosam,
911 3782 944 3836 et
966 3795 1066 3856 super
1088 3776 1202 3857 viginti
1227 3772 1322 3838 blave
1346 3773 1481 3850 modiis,
1511 3775 1554 3837 de
1585 3773 1728 3854 quadarn
1752 3781 1838 3836 terra
1861 3775 1894 3835 in
1918 3773 1999 3837 villa

316 3863 418 3926 sancti
449 3861 618 3926 Theodori
652 3859 839 3948 posita(m),
876 3883 896 3926 a
926 3865 1017 3926 cuius
1048 3858 1267 3950 o[cciden]tali
1298 3871 1392 3946 parte
1423 3863 1559 3946 quidam
1591 3862 1754 3947 capitanei
1785 3883 1843 3926 sua
1875 3864 1999 3945 predia

316 3953 504 4035 possident,
535 3974 555 4015 a
578 3952 756 4015 meridiana
778 3971 857 4015 vero
882 3955 1064 4034 prescripta
1087 3956 1190 4016 sancti
1214 3955 1345 4016 Martini
1370 3954 1524 4030 ecclesia,
1556 3953 1599 4016 ab
1631 3952 1828 4016 occidentali
1852 3952 1997 4016 ecclesia

315 4043 420 4105 sancti
443 4039 598 4116 Silvestri,
632 4061 651 4104 a
679 4041 927 4123 septentrionali
958 4051 1067 4106 autem
1092 4043 1219 4126 prelata
1242 4051 1351 4106 vestra
1373 4045 1476 4105 sancti
1501 4041 1674 4106 Michaelis
1697 4042 1835 4105 ecclesia
1857 4044 1995 4106 tandem

315 4131 423 4195 dilecti
447 4129 500 4194 filii
524 4132 624 4194 nostri
672 4130 725 4194 .M.
748 4126 876 4215 albbas]
909 4133 1012 4194 sancti
1036 4131 1121 4195 Petri
1144 4132 1344 4206 Mutinensis,
1374 4140 1408 4194 et
1431 4132 1585 4214 magister
1608 4129 1784 4208 Rolandus,
1816 4131 1997 4195 Brixiensis

314 4221 507 4296 canonicus,
544 4219 631 4282 idem
663 4238 706 4281 ex
736 4218 944 4300 delegatione
974 4220 1077 4284 felicis
1109 4224 1267 4285 memorie
1297 4219 1424 4285 Urbani
1456 4240 1544 4305 pape
1561 4220 1602 4307 ²),
1633 4223 1850 4284 antecessoris
1881 4224 1996 4295 nostri,

314 4317 529 4392 susceperunt
552 4309 719 4391 negotium
743 4307 930 4384 finiendum,
962 4311 994 4372 in
1018 4330 1158 4391 quorum
1182 4311 1346 4374 arbitrium
1370 4318 1491 4394 partes,
1522 4318 1646 4374 statuta
1668 4330 1767 4393 pena,
1799 4311 1996 4374 unanimiter

315 4406 544 4473 convenerunt,
576 4393 608 4483 [u
624 4398 689 4460 nde
711 4397 837 4461 iudices
861 4399 933 4479 ipsi,
965 4400 1084 4462 auditis
1108 4401 1286 4464 rationibus
1309 4399 1383 4464 hinc
1406 4400 1482 4463 inde
1513 4402 1703 4484 propositis,
1735 4408 1927 4474 statuerunt,
1960 4407 1995 4462 ut

314 4487 409 4570 plebs
432 4495 541 4551 vestra
565 4483 694 4572 [totam
718 4486 879 4549 decimam
904 4487 992 4550 illam
1016 4497 1050 4551 et
1072 4487 1203 4552 blavam
1228 4498 1261 4553 et
1283 4499 1402 4553 terram
1427 4490 1470 4553 de
1493 4498 1605 4553 cetero
1629 4488 1766 4574 pacifice
1797 4490 1994 4572 possideret,

315 4579 518 4658 procuratori
543 4574 679 4639 ecclesie
701 4577 804 4638 333311
822 4577 952 4639 Martini
977 4579 1109 4641 nomine
1134 4580 1235 4661 ipsius
1259 4579 1397 4643 ecclesie
1420 4599 1519 4661 super
1542 4579 1592 4642 his
1616 4587 1813 4662 perpetuum
1830 4579 1992 4643 silentium

315 4668 531 4748 imponentes.
577 4665 625 4730 Ut
647 4665 743 4748 igitur
765 4667 925 4729 sententia
948 4668 1020 4749 ipsa
1043 4667 1263 4731 inviolabilem
1288 4668 1436 4732 obtineat
1458 4668 1655 4744 firmitatem,
1679 4688 1762 4744 eam,
1791 4669 1874 4732 sicut
1897 4669 1992 4732 ratio·

315 4754 463 4818 nabiliter
491 4754 556 4817 1313
596 4762 647 4817 331
684 4774 745 4818 333
776 4754 923 4836 legitima
953 4755 1176 4838 appellatione
1200 4779 1374 4840 suspensa,
1406 4759 1447 4822 ad
1479 4760 1579 4821 instar
1609 4757 1746 4840 predicti
1776 4761 1991 4822 antecessoris

316 4845 417 4907 nostri
441 4845 634 4908 auctoritate
657 4843 842 4925 apostolica
872 4843 1102 4909 confirmamus
1133 4855 1167 4909 et
1196 4850 1357 4929 presentis
1389 4850 1502 4930 scripti
1536 4848 1717 4929 patrocinio
1741 4851 1990 4911 communimus

314 4933 404 4996 Nulli
428 4954 507 5016 ergo
531 4935 663 4997 omnino
686 4932 854 4997 hominurn
878 4932 981 5011 liceat,
1012 4933 1098 4997 hanc
1130 4939 1285 5019 paginam
1315 4944 1427 5000 nostre
1457 4937 1712 5000 confirmationis
1742 4936 1919 5020 infringere
1941 4935 1989 5000 vel

315 5025 344 5086 ei
368 5043 447 5086 ausu
470 5024 644 5086 temerario
668 5023 836 5086 contraire.
882 5020 917 5085 Si
941 5025 1013 5105 quis
1036 5033 1145 5088 autem
1170 5025 1234 5089 hoc
1249 5036 1448 5108 attemptare
1464 5029 1707 5110 presumpserit,
1732 5026 1987 5109 indignationem

315 5112 551 5196 omnipotentis
567 5113 621 5175 dei
645 5121 678 5176 et
693 5111 865 5175 beatorum
882 5113 966 5176 Petri
990 5122 1024 5177 et
1038 5114 1137 5190 Pauli,
1158 5110 1163 5199 Ι
1184 5116 1410 5198 apostolorum
1427 5119 1505 5192 eius,
1527 5136 1563 5179 33
1579 5116 1705 5180 3033311
1721 5118 1936 5180 incursurum.
1949 5149 1988 5162 -

314 5201 390 5266 Dat
413 5202 577 5278 Laterani,
600 5217 639 5266 xl
661 5199 713 5264 Kl.
737 5201 913 5265 Decembr.
959 5202 1168 5267 Pontificatus
1193 5207 1294 5268 nostri
1319 5225 1404 5268 anno
1429 5208 1545 5288 primo.

477 5318 522 5368 Or.
540 5315 574 5368 r'rn
590 5315 705 5368 Arrnivio
723 5317 787 5366 della
804 5333 886 5368 memo
904 5317 1022 5368 abbaoale
1039 5335 1069 5368 su
1087 5319 1235 5370 Noouion.

475 5389 545 5455 Ρη.
565 5389 626 5448 irai,
646 5389 681 5439 br.
700 5391 768 5450 0,19,
788 5391 851 5454 lang
866 5389 935 5450 0,18,
958 5398 1034 5440 untrn
1061 5393 1141 5451 0,(112
1165 5393 1355 5458 umgerchlagen,
1381 5393 1459 5444 durch
1481 5392 1539 5442 333ιί
1563 5393 1654 5444 delrrr
1673 5390 1736 5459 ging
1758 5391 1797 5443 dir
1822 5390 1985 5458 auspi-angon

313 5476 369 5510 roso
387 5460 572 5523 Sridrnsclrnur,
591 5462 663 5512 deren
681 5459 805 5528 Bleisiegrl
818 5463 933 5522 verlornr,
953 5463 1064 5528 Faltung
1079 5463 1123 5512 der
1139 5463 1240 5514 Breoen.

474 5665 500 5730 a)
518 5665 588 5716 Fehlt
603 5666 685 5717 bril).
702 5666 731 5717 G.
803 5666 831 5732 b)
848 5668 916 5717 aoohl
929 5683 978 5716 von
1000 5668 1104 5718 anderen
1120 5667 1200 5718 Hand
1222 5668 1381 5736 n'ngetragrn.
1401 5709 1452 5714 --
1471 5672 1507 5734 .1)
1530 5669 1629 5720 Curiano
1644 5669 1702 5735 lirgt
1717 5670 1836 5722 noischen
1855 5669 1984 5720 1113303131

312 5738 370 5787 und
385 5737 535 5787 Mirondola.
609 5741 635 5805 2)
656 5735 736 5804 Jaffe',
757 5740 813 5805 fi'rg.
833 5741 911 5789 9980.
948 5739 1010 5789 Hirr
1025 5741 1056 5788 r'st
1073 5757 1125 5790 nur
1141 5741 1220 5790 abbas
1240 5741 1265 5792 S.
1284 5743 1358 5806 Petri,
1377 5743 1436 5792 ohne
1454 5742 1640 5792 Nammr'nr'tiole
1654 5749 1744 5809 grsogt.
