4126 6356
321 250 384 329 136

1057 436 1123 510 Nr.
1156 439 1242 512 129.

316 567 510 632 Anastasius
534 565 596 632 IV
614 565 764 650 bestcitigt
790 565 864 630 dem
895 565 1109 650 Dompropste
1140 567 1271 633 Roland
1293 590 1354 632 von
1387 567 1508 631 Arenae
1533 566 1588 630 die
1614 567 1831 651 Prz'uilegien,
1865 566 1988 632 Bestia·

736 655 863 720 ttamer
886 656 956 719 und
973 656 1096 721 Rechte
1118 657 1175 722 des
1199 657 1564 723 Kanonikerkonventes.

905 773 989 835 1154
1004 773 1146 847 Januar
1160 777 1213 836 12.
1252 774 1401 838 Lateran.

475 889 667 951 Anastasius
699 889 890 970 episcopus,
922 908 1034 952 servus
1064 909 1230 953 servorum
1262 889 1331 964 dei,
1371 887 1494 952 dilecto
1524 886 1591 950 filio
1614 886 1783 962 Rolando,
1815 889 1986 969 preposito

318 977 453 1065 ecclesie
475 980 578 1040 sancti
595 977 717 1040 Donati
738 974 899 1063 Aretlinil,
922 978 1055 1061 eiusque
1077 979 1318 1043 successoribus
1341 979 1498 1042 canonice
1520 977 1765 1052 substituendis,
1780 989 1820 1040 ΙΝ
1835 989 1914 1040 ΡΡΜ.
1931 973 1984 1060 -)

317 1067 354 1129 In
377 1067 557 1155 apostolice
581 1067 668 1129 sedis
698 1066 855 1148 regimine
885 1067 992 1130 divina
1019 1069 1218 1151 disponente
1251 1069 1425 1132 clementia
1454 1068 1623 1130 constituti
1654 1085 1789 1130 necesse
1819 1064 1987 1140 habemus,

317 1151 497 1242 un[iversis]
530 1155 673 1219 ecclesiis
704 1164 841 1237 paterna
878 1156 1099 1221 sollicitudine
1129 1159 1304 1241 providere
1342 1166 1375 1221 et
1413 1158 1503 1221 iustis
1542 1155 1776 1238 postulantium
1815 1156 1988 1218 desideriis

318 1245 494 1308 clementer
522 1265 671 1309 annuere.
710 1241 882 1325 Quocirca,
905 1246 1025 1310 dilecte
1051 1249 1085 1310 in
1109 1249 1242 1312 domino
1266 1247 1320 1323 fili,
1343 1248 1519 1310 ROLANDE
1542 1247 1717 1327 preposite,
1741 1243 1988 1308 rationabilibus

317 1337 380 1396 tuis
404 1330 640 1419 peti[tion]ibus
672 1334 849 1416 benignum
881 1335 1056 1418 prebemus
1088 1357 1265 1414 assensum,
1297 1345 1331 1400 et
1361 1337 1629 1419 predecessorum
1661 1343 1855 1410 nostrorum,
1888 1333 1989 1396 felicis

318 1426 476 1511 memorie
506 1422 679 1486 V1crorus
711 1424 845 1487 secundi
863 1421 901 1506 ¹),
939 1425 1119 1490 Statuam
1159 1430 1236 1490 noni
1255 1428 1297 1509 ²),
1327 1425 1544 1488 Annxruom
1583 1423 1719 1486 secundi
1738 1422 1780 1503 ⁵),
1819 1421 1989 1486 Pascnms

318 1513 452 1577 secundi
469 1511 497 1594 ⁴)
527 1521 560 1576 et
583 1513 738 1576 EUGENII
766 1513 851 1576 tertii
867 1511 903 1595 ⁵),
927 1513 1150 1578 Romanorum
1176 1516 1375 1598 pontificum,
1404 1513 1548 1595 vestigiis
1581 1511 1773 1586 inherentes,
1803 1514 1989 1594 predictam

317 1603 408 1666 beati
431 1602 555 1665 Donati
580 1602 759 1676 ecclesiam,
790 1604 822 1664 in
847 1623 911 1685 qua
934 1604 1091 1686 prepositi
1117 1605 1235 1681 officio,
1268 1605 1425 1687 largiente
1448 1604 1599 1677 domino,
1631 1601 1783 1683 iungeris,
1815 1601 1878 1664 sub
1903 1602 1990 1665 beati

319 1691 407 1754 Petri
438 1700 472 1754 et
508 1700 619 1753 nostra
656 1693 861 1773 protectione
892 1695 1085 1775 suscipimus
1116 1701 1150 1756 et
1179 1697 1341 1777 presentis
1375 1694 1489 1776 scripti
1528 1691 1701 1773 privilegio
1739 1691 1988 1754 communimus.

319 1779 520 1843 Donationes
537 1799 670 1862 quoque
685 1789 719 1842 et
734 1783 971 1855 concessiones,
995 1782 1258 1847 confirmationes
1277 1782 1304 1869 a)
1327 1787 1435 1858 etiam,
1458 1781 1541 1844 sicut
1562 1779 1831 1844 rationabilitera
1851 1779 1879 1859 b)
1904 1779 1990 1866 bone

319 1871 477 1956 memorie
507 1870 731 1932 Tunosntoo
748 1869 789 1949 Θ),
826 1871 1018 1933 Hatrnnro
1037 1871 1071 1948 7),
1101 1871 1271 1936 Anunnro
1287 1872 1323 1952 ⁸),
1352 1872 1535 1935 Aruleno
1552 1869 1577 1946 ⁹)
1609 1877 1643 1933 et
1672 1868 1931 1932 consrmnno
1951 1871 1990 1951 ¹⁰)

319 1961 485 2041 episcopis
507 1958 567 2022 tibi
589 1960 717 2039 tuisque
740 1960 980 2024 successoribus
1011 1961 1097 2048 facte
1127 1970 1202 2025 sunt
1232 1971 1273 2038 et,
1305 1983 1369 2044 que
1400 1964 1432 2024 in
1462 1959 1633 2043 privilegio
1655 1959 1852 2022 venerabilis
1884 1959 1991 2021 iratris

319 2050 429 2124 nostri,
457 2048 622 2123 leronimi,
653 2069 739 2111 nunc
768 2049 912 2112 eiusdem
936 2050 999 2112 loci
1023 2052 1170 2133 episcopi
1189 2053 1237 2135 11),
1268 2052 1414 2134 legitime
1437 2051 1649 2123 continentur,
1679 2051 1875 2111 auctoritate
1905 2047 1991 2110 sedis

319 2135 499 2225 apostolice
531 2138 591 2200 tibi
621 2139 751 2218 tuisque
781 2139 1024 2201 successoribus
1059 2140 1289 2203 confirmamus
1326 2150 1360 2203 et
1390 2140 1505 2203 lumris
1534 2139 1739 2220 temporibus
1770 2139 1992 2220 [permaJnere

319 2227 531 2290 decernimus.
576 2226 818 2289 Decimationes
841 2226 966 2291 scilicet
989 2247 1031 2291 ex
1054 2237 1140 2292 terra
1162 2229 1225 2306 illa,
1248 2250 1346 2311 quam
1370 2237 1405 2292 tu
1422 2237 1455 2292 et
1478 2229 1634 2291 canonica
1657 2228 1758 2289 sancti
1783 2225 1907 2288 Donati
1931 2245 1992 2309 per

319 2317 531 2380 donationem
556 2316 769 2397 imperatoris,
792 2336 913 2398 regum,
942 2317 1164 2381 marchionum
1189 2328 1222 2382 et
1244 2319 1377 2382 aliorum
1402 2319 1455 2381 dei
1477 2315 1619 2380 fidelium
1643 2314 1789 2398 legitime
1809 2316 1991 2398 possidetis

319 2417 376 2470 aut
399 2413 474 2488 post
497 2404 558 2468 hac
581 2405 670 2467 iustis
693 2405 801 2468 modis
825 2408 976 2488 poteritis
998 2408 1143 2490 adipisci,
1176 2409 1423 2484 ordinationem,
1454 2408 1637 2470 custodiam
1669 2413 1703 2467 et
1725 2406 1797 2480 alia,
1828 2425 1894 2484 que
1918 2425 1991 2487 pre-

319 2497 509 2558 decessores
532 2494 579 2557 tui
602 2515 621 2556 a
641 2504 791 2575 tempore
810 2494 945 2559 iocundi
965 2495 1001 2578 1²)
1024 2499 1183 2579 prepositi
1206 2499 1238 2561 in
1262 2498 1411 2580 plebibus
1432 2496 1561 2559 Aretini
1585 2504 1619 2557 et
1641 2494 1793 2559 Senensis
1816 2495 1991 2557 comitatus

321 2587 478 2648 canonice
498 2587 525 2664 c)
549 2581 700 2646 habuisse
722 2593 906 2660 noscuntur,
938 2606 1000 2673 qup
1023 2595 1100 2648 sunt
1121 2586 1231 2669 viginti
1256 2596 1290 2650 et
1312 2608 1385 2662 una,
1409 2606 1543 2668 quarum
1569 2593 1708 2667 quatuor
1729 2585 1771 2647 ad
1797 2585 1991 2646 canonicam

320 2674 408 2737 beati
431 2671 554 2736 Donati
576 2671 756 2754 spetialiter
778 2675 949 2755 pertinent,
979 2696 1053 2738 cum
1077 2677 1166 2738 omni
1188 2677 1255 2739 iure
1278 2696 1347 2752 suo,
1379 2673 1544 2739 videlicet:
1579 2672 1717 2737 ecclesia
1739 2675 1844 2736 sancti
1867 2670 1991 2753 Quirici

320 2765 354 2826 in
378 2761 512 2826 Osenna
529 2760 578 2841 ¹³),
607 2763 711 2825 sancti
734 2762 803 2824 Viti
826 2763 858 2824 in
881 2761 1079 2841 Corsiniano‚
1110 2765 1248 2829 ecclesia
1278 2765 1379 2829 sancti
1401 2765 1544 2827 Victoris
1574 2766 1606 2826 in
1629 2762 1802 2846 Rapolano
1830 2769 1865 2824 et
1887 2763 1992 2824 sancti

320 2851 474 2916 Iohannis
503 2853 535 2914 in
557 2852 719 2926 Vescona,
751 2851 793 2914 ad
825 2850 886 2915 hec
919 2852 1078 2934 capellam
1108 2855 1208 2917 sancti
1232 2854 1409 2918 Clementis
1440 2856 1473 2917 in
1503 2861 1615 2916 monte
1638 2852 1795 2928 Cercone‚
1829 2850 1992 2933 capellam

320 2943 423 3004 sancti
446 2939 624 3005 Salvatoris
647 2941 680 3002 in
704 2939 815 3028 Turre,
846 2940 1006 3023 capellam
1030 2945 1131 3006 sancti
1154 2943 1281 3008 Ansani
1305 2945 1337 3007 in
1359 2943 1494 3018 Zumuli,
1526 2941 1685 3025 capellam
1710 2942 1753 3004 de
1775 2940 1883 3003 Fossa
1906 2959 1992 3014 ceoe,

321 3029 481 3113 capellam
504 3030 607 3092 sancti
629 3029 757 3092 Ansani
784 3032 817 3092 in
839 3029 953 3106 Arbia,
984 3033 1172 3096 canonicam
1192 3033 1221 3113 d)
1244 3033 1347 3096 sancti
1370 3033 1499 3095 Martini
1528 3032 1560 3094 in
1583 3031 1797 3112 Rivomagno‚
1829 3029 1991 3110 capellam

321 3121 426 3183 sancti
454 3117 550 3182 Blasii
580 3120 613 3181 in
642 3115 809 3195 Cannuce,
848 3118 979 3201 plebem
1010 3124 1115 3185 sancti
1145 3123 1231 3185 Petri
1262 3125 1294 3184 in
1326 3122 1427 3197 Creti,
1460 3121 1592 3205 plebem
1623 3128 1735 3208 sancte
1767 3117 1931 3204 Christine
1960 3119 1992 3180 in

320 3208 471 3284 Bacialla,
495 3206 655 3289 capellam
678 3209 779 3270 sancti
801 3207 929 3290 Augei,
961 3218 994 3272 et
1017 3212 1173 3291 quicquid
1197 3213 1354 3275 canonica
1377 3211 1465 3274 beati
1488 3211 1610 3273 Donati
1633 3207 1735 3272 habet
1766 3211 1798 3270 in
1821 3207 1992 3282 Ferclone,

322 3296 483 3380 capellam
506 3297 609 3359 sancti
632 3295 752 3378 Angeli
773 3297 805 3360 in
828 3295 956 3374 Sicheo,
981 3301 1140 3382 capellam
1164 3301 1266 3363 sancti
1287 3300 1407 3382 Angeli
1430 3303 1462 3363 in
1487 3298 1671 3373 Castilione,
1695 3295 1856 3380 capellam
1880 3305 1993 3382 sancte

323 3387 425 3472 Marie
463 3387 495 3448 in
528 3384 752 3467 Petrognano,
789 3386 947 3468 capellam
986 3393 1089 3453 sancti
1120 3391 1230 3453 lacobi
1266 3392 1299 3452 in
1330 3391 1491 3464 Mercato,
1532 3387 1691 3471 capellam
1728 3389 1833 3450 sancti
1866 3386 1992 3450 Donati

323 3478 356 3539 in
384 3476 608 3558 Pergognano,
639 3473 796 3556 capellam
826 3479 929 3541 sancti
959 3478 1125 3542 Laurentii
1157 3482 1189 3542 in
1214 3477 1332 3555 Broilo,
1363 3479 1523 3561 capellam
1552 3479 1654 3540 sancti
1678 3477 1801 3539 Donati
1823 3479 1857 3539 in
1881 3482 1994 3538 monte

324 3565 424 3640 Tino,
455 3563 612 3646 capellam
644 3565 745 3627 sancti
768 3566 888 3647 Angeli
919 3567 963 3629 de
985 3568 1098 3644 Prato,
1129 3567 1288 3650 capellam
1320 3577 1431 3631 sancte
1453 3568 1594 3650 Agnetis
1626 3569 1658 3630 in
1689 3566 1817 3628 civitate
1845 3562 1994 3638 Aretina,

323 3653 454 3738 plebem
478 3656 581 3716 sancti
604 3651 761 3736 Stephani
784 3657 816 3717 in
841 3655 953 3719 Classe
976 3677 1049 3720 cum
1074 3658 1209 3740 capellis
1229 3665 1263 3721 et
1285 3657 1486 3741 pertinentiis
1508 3659 1590 3732 suis,
1614 3655 1818 3719 oblationem
1842 3653 1993 3716 altarium

323 3743 460 3829 ecclesie
482 3743 569 3807 beati
592 3744 714 3807 Donati
746 3764 818 3807 cum
842 3745 945 3809 tribus
968 3746 1115 3828 partibus
1144 3746 1345 3823 letaniarum,
1377 3748 1461 3809 sicut
1484 3747 1515 3808 in
1538 3745 1665 3827 scriptis
1688 3743 1826 3807 Arnaldi
1851 3753 1885 3806 et
1910 3740 1995 3805 Con·

322 3833 470 3908 stantini,
506 3832 718 3896 Aretinorum
755 3835 1003 3917 episcoporum,
1041 3836 1274 3900 rationabiliter
1314 3839 1506 3899 continetur.
1559 3837 1726 3912 Preterea,
1764 3833 1856 3915 quod
1896 3851 1995 3913 super

323 3924 485 3986 electione
504 3920 715 3985 Aretinorum
739 3924 971 4005 episcoporum
995 3932 1028 3987 et
1050 3945 1149 4007 super
1171 3915 1330 3989 electione
1353 3923 1572 3988 archidiaconi
1595 3932 1629 3987 et
1651 3922 1828 4006 primicerii¹
1859 3929 1894 3984 et
1918 3940 1995 3983 con·

322 4013 505 4076 firmatione
536 4031 649 4074 eorum
671 4011 703 4074 in
733 4013 862 4094 scriptis
884 4012 1035 4076 leronimi
1066 4015 1213 4097 episcopi
1236 4018 1320 4078 iuste
1343 4021 1376 4076 et
1399 4015 1554 4078 canonice
1577 4020 1734 4076 statutum
1766 4019 1824 4087 est,
1855 4010 1994 4096 Aretine

324 4101 459 4165 ecclesie
490 4100 669 4163 secundum
707 4102 976 4164 consuetudinem
1006 4105 1108 4185 ipsius
1142 4103 1367 4168 nichilominus
1388 4102 1417 4186 e)
1448 4102 1688 4166 confirmamus.
1733 4099 1935 4173 Statuentes,
1960 4106 1994 4160 ut

323 4209 547 4271 quascumque
569 4190 803 4272 possessiones,
827 4209 1033 4272 quecumque
1061 4188 1172 4279 bon[a]
1202 4195 1330 4276 prelata
1352 4193 1491 4257 ecclesia
1514 4195 1546 4255 in
1577 4190 1812 4275 presentiarum
1844 4191 1930 4252 iuste
1962 4196 1994 4250 et

324 4281 479 4342 canonice
510 4279 658 4360 possidet
688 4285 744 4340 aut
772 4279 804 4340 in
833 4279 976 4344 futurum
1007 4283 1252 4346 rationabilibus
1283 4283 1389 4346 modis
1420 4283 1485 4344 deo
1514 4283 1660 4364 propitio
1690 4281 1813 4363 poterit
1842 4278 1993 4360 adipisci,

324 4366 417 4431 firma
446 4367 507 4430 tibi
538 4369 667 4449 tuisque
698 4370 940 4433 successoribus
970 4377 1005 4433 et
1032 4371 1157 4435 illibata
1186 4380 1407 4454 permaneant.
1459 4371 1673 4434 Decernimus
1704 4388 1799 4451 ergo,
1839 4375 1877 4430 ut
1917 4365 1994 4429 nulli

324 4458 456 4521 omnino
486 4455 654 4519 hominum
683 4454 794 4532 liceat,
828 4458 989 4540 prefatam
1022 4459 1191 4524 ecclesiam
1216 4508 1223 4523 .
1249 4463 1419 4526 ..usibus
1450 4460 1646 4525 omnimodis
1676 4458 1864 4542 profutura,
1903 4455 1993 4519 salva

323 4547 411 4610 sedis
440 4545 620 4633 apostolice
652 4549 845 4610 auctoritate
874 4557 908 4611 et
930 4548 1058 4613 Aretini
1089 4551 1236 4634 episcopi
1267 4553 1421 4614 canonica
1450 4550 1585 4614 iusticia.
1638 4546 1674 4612 Si
1705 4568 1771 4630 qua
1800 4547 1994 4629 igitur...

325 4635 457 4700 Cunctis
480 4643 589 4698 autem
613 4682 620 4696 .
644 4683 652 4696 .
678 4684 684 4698 .
708 4635 880 4700 inveniant.
925 4637 1043 4701 Amen.
1068 4675 1108 4686 -
1133 4639 1223 4703 Α-ιῃ.
1247 4677 1291 4688 —-
1313 4641 1430 4704 Amen.
1453 4675 1498 4685 -

536 4721 595 4806 (R)
618 4722 691 4806 Ego
714 4723 907 4790 Anastasius
931 4727 1093 4817 catholice
1116 4728 1253 4818 ecclesip
1277 4732 1452 4814 episcopus
1476 4750 1517 4792 ss.
1542 4728 1606 4816 (M)

538 4809 558 4896 †
580 4815 653 4895 Ego
676 4811 815 4879 Ymarus
838 4816 1039 4880 Tusculanus
1062 4819 1236 4901 episcopus
1260 4839 1300 4886 sa

538 4898 559 4983 †
581 4904 654 4984 Ego
677 4903 777 4987 Hugo
801 4903 985 4970 Hostiensis
1008 4909 1184 4990 episcopus
1206 4928 1248 4970 ss.
1272 4905 1341 4992 (13)

535 5025 579 5038 —
602 4989 623 5073 †
646 4993 719 5076 Ego
744 4991 1018 5080 GG.(Gregon'us)
1042 4997 1202 5079 presbiter
1225 4996 1396 5061 cardinalis
1420 4997 1466 5060 tit.
1491 4995 1607 5062 Calixti
1630 5014 1672 5060 ss.

536 5074 557 5164 †
581 5080 655 5164 Ego
679 5081 787 5147 Guido
811 5086 973 5167 presbiter
996 5085 1168 5150 cardinalis
1191 5089 1293 5151 sancti
1317 5085 1491 5170 Grisogoni
1513 5107 1555 5150 ss.
1672 5158 1674 5160 ,

536 5167 557 5252 †
579 5169 653 5252 Ego
676 5170 848 5238 Hubaldus
871 5175 1032 5256 presbiter
1055 5176 1223 5240 cardinalis
1246 5178 1295 5240 tit.
1318 5185 1430 5240 sancte
1452 5177 1608 5240 Praxedis
1631 5193 1672 5237 ss.

484 5365 509 5432 a)
529 5362 724 5416 confirmationis
805 5368 832 5434 b)
853 5375 877 5419 et
955 5372 980 5436 c)
999 5386 1014 5419 a
1032 5371 1084 5436 aus
1095 5373 1180 5420 Raner
1250 5366 1277 5436 d)
1296 5371 1341 5420 das
1357 5379 1416 5422 erste
1433 5385 1450 5421 n
1467 5372 1520 5437 arcs
1531 5373 1616 5422 Ramr
1685 5370 1710 5436 e)
1729 5381 1746 5418 o
1763 5367 1816 5431 arcs
1828 5367 1923 5414 Rastr-
1943 5405 1990 5412 -

326 5432 361 5499 .1)
374 5428 452 5481 Nicit
467 5433 581 5485 erhaltm.
655 5441 681 5502 2)
703 5435 781 5506 Jaffe‘,
799 5441 858 5507 Reg.
871 5442 949 5492 3318.
1022 5445 1049 5508 3)
1071 5437 1130 5492 Uri.
1143 5442 1389 5508 vmsoSeprember
1402 5446 1478 5493 1064.
1550 5447 1577 5507 4)
1601 5439 1660 5494 Urk.
1673 5439 1989 5504 vomsseptemberrrot-

325 5505 352 5571 5)
370 5503 446 5553 Niche
462 5505 574 5556 erhalten.
647 5509 674 5572 6)
697 5509 822 5572 Theobald,
841 5507 999 5578 Buchofvon
1012 5516 1106 5574 Arma,
1126 5515 1308 5565 roas-1036.
1371 5517 1398 5582 7)
1416 5516 1536 5579 Elimpm
1551 5515 1586 5575 II,
1608 5515 1787 5564 1081-1104.
1863 5511 1891 5576 8)
1903 5516 1990 5570 ΑΜ,

326 5576 470 5628 1013-c.
490 5581 566 5628 1022.
652 5583 993 5645 9)Amld1051-1063.
1080 5586 1498 5647 10)Konstantin‚1064—1081.
1585 5589 1627 5653 11)
1651 5585 1784 5644 Girolnmo,
1806 5586 1990 5636 rus-1177.

328 5647 370 5714 12)
395 5648 472 5714 Vergl.
489 5648 526 5700 die
542 5650 791 5704 hnrdtnalmrtunde
808 5671 829 5704 c.
848 5658 1019 5708 1142-1143
1035 5659 1061 5708 ἐκ
1081 5658 1311 5725 &tregit-Hortum&
1332 5659 1489 5724 IterpAtio.
1565 5661 1607 5727 13)
1631 5658 1708 5724 Vergl.
1728 5657 1808 5724 wige
1826 5657 1991 5724 Amnerhmg·
