4126 6356
529 541 574 552 -
597 502 617 587 l
640 507 713 589 Ego
738 506 808 571 GG.
833 506 1041 590 (Gregorius)
1066 507 1227 590 presbiter
1250 503 1423 570 cardinalis
1445 507 1494 570 tit.
1518 505 1637 570 Calixti
1661 527 1702 568 ss
1726 504 1772 586 (6)

531 592 552 677 †
574 596 647 678 Ego
672 596 810 660 Cencius
833 598 996 680 presbiter
1014 596 1043 679 ²)
1068 598 1240 661 cardinalis
1264 599 1312 660 tit.
1337 599 1369 660 in
1392 597 1518 660 Lucina
1540 617 1582 658 ss.

531 682 551 768 †
574 686 647 767 Ego
671 685 805 768 ottob)
839 688 996 750 diaconus
1026 687 1199 750 cardinalis
1229 687 1333 750 sancti
1357 686 1491 767 Georgii
1522 685 1565 747 ad
1586 682 1707 747 Velum
1730 699 1866 745 aureum
1887 700 1928 741 ss.
1952 673 1993 762 (1)

530 775 551 853 †
573 775 647 856 Ego
671 774 848 858 Gregorius
872 777 1029 839 diaconus
1053 777 1226 840 cardinalis
1249 777 1353 839 sancti
1376 775 1498 857 Angeli
1521 795 1562 837 ss.

531 860 551 946 †
575 863 648 945 Ego
672 865 782 928 Guido
807 866 964 930 diaconus
988 867 1146 929 cadinalis
1168 876 1282 929 sancte
1306 867 1409 928 Marie
1432 867 1465 927 in
1487 864 1618 927 Porticu
1642 883 1683 925 ss.
1709 863 1761 938 (2)

531 949 552 1035 †
575 953 649 1035 Ego
673 955 838 1018 Gerardus
862 966 974 1040 sancte
997 956 1148 1043 Romane
1172 956 1310 1042 ecclesie
1335 956 1493 1017 diaconus
1517 952 1690 1016 cardinalis
1713 971 1754 1013 ss.

479 1042 555 1104 Dat.
572 1041 693 1124 Signia
718 1065 778 1126 per
801 1065 934 1107 manum
950 1046 1115 1120 BOSONIS,
1139 1055 1251 1130 sancte
1267 1047 1417 1131 Romane
1435 1044 1571 1129 ecclesie
1593 1041 1769 1122 scriptoris.
1809 1035 1864 1099 Kl.
1881 1033 1995 1098 Martii.

318 1131 502 1194 Indictione
524 1145 582 1194 xv.
632 1133 868 1197 Incarnationis
899 1134 1064 1223 dominice
1095 1154 1182 1198 anno
1206 1146 1301 1197 Μαι.
1348 1133 1561 1195 Pontificatus
1592 1152 1670 1194 vero
1703 1129 1816 1192 domni
1847 1124 1995 1187 EUGENH

319 1220 379 1283 ΡΡ.
403 1237 440 1280 111
464 1241 551 1283 anno
576 1232 705 1285 octavo.

483 1335 526 1384 Or.
546 1335 582 1400 (S.
604 1335 687 1385 Maria
706 1336 734 1385 di
753 1337 879 1386 Casonova
898 1337 981 1388 Mam
999 1339 1040 1406 J),
1060 1338 1092 1386 r'm
1111 1337 1224 1388 Archiur'o
1242 1338 1269 1386 di
1285 1337 1352 1386 Staio
1369 1354 1399 1386 au
1422 1337 1447 1386 Τ
1443 1335 1509 1386 urin.
1910 1399 1916 1410 ι

483 1407 552 1472 Pcrg.
573 1408 632 1467 ital,
659 1409 694 1458 br.
715 1411 800 1472 0,455,
831 1411 892 1475 lang
908 1413 960 1470 0‚6,
985 1419 1059 1460 unten
1077 1411 1139 1470 0,03
1163 1410 1359 1477 umgesclrlagen,
1390 1409 1467 1458 durch
1491 1407 1548 1456 awti
1571 1405 1663 1455 Li'clm
1682 1404 1741 1468 geht
1763 1401 1801 1450 dic
1824 1397 1999 1464 wcrkslrckgtbr

321 1477 505 1538 Seidenschnur,
531 1479 602 1528 deren
620 1480 746 1546 Blrisiegel
766 1482 882 1530 verloren.
919 1482 1028 1548 Fallung
1044 1483 1087 1531 der
1104 1483 1200 1532 Bullm.
1238 1482 1349 1532 Initiale:
1379 1481 1532 1545 Uncialsom
1549 1479 1594 1527 mit
1611 1473 1811 1539 Sckuppmband.
1855 1471 1999 1534 Oberldngen

320 1549 364 1598 der
380 1557 456 1598 ersten
475 1549 537 1600 Zeile
554 1551 659 1600 zicmlict
674 1553 794 1617 gestreckt.
838 1554 994 1619 Verewigung
1010 1555 1058 1604 Nr.
1078 1558 1093 1603 2
1115 1555 1151 1603 Pr
1155 1558 1172 1586 ⁰
1209 1553 1331 1619 dicklinig,
1347 1555 1417 1618 fu'llt
1434 1555 1522 1611 0,065.
1559 1551 1597 1599 Im
1615 1548 1756 1611 Konsm'pte
1774 1544 1918 1610 Mojuskeln
1942 1540 2000 1590 nael

320 1618 423 1670 storkem
445 1621 543 1671 Punkte
560 1623 627 1671 nicht
640 1639 711 1688 grass
728 1625 785 1673 aber
801 1625 883 1688 belant,
909 1625 1144 1692 glinksgesclrwer'ft
1166 1626 1211 1675 mit
1226 1625 1372 1685 Halsstn'clr,
1399 1625 1544 1673 Zeilenwer'te
1561 1638 1580 1672 c.
1600 1622 1685 1680 0‚018.
1722 1618 1771 1667 Dic
1788 1619 1867 1666 Amen
1885 1614 1934 1666 Nr.
1949 1609 2001 1660 71¹

321 1693 389 1741 stark
406 1694 667 1759 ursarmnengedrci'ngt.
704 1698 768 1744 Rota
785 1697 832 1745 Nr.
853 1700 874 1754 1,
901 1697 934 1746 im
961 1699 1138 1748 Durchmesser
1154 1699 1240 1758 0,05!,
1263 1713 1310 1746 von
1337 1697 1380 1746 der
1404 1698 1484 1744 letzem
1503 1695 1565 1743 Zeile
1582 1694 1671 1752 0,004,
1697 1706 1744 1739 von
1762 1691 1806 1738 der
1823 1687 1906 1736 lirrkm
1926 1685 2001 1734 Kane

322 1766 410 1824 0,079,
437 1780 491 1813 vom
510 1765 691 1831 Morwgramme
710 1769 796 1827 0‚223.
835 1767 1004 1834 Morrogramm
1032 1771 1079 1820 Nr.
1100 1773 1138 1829 2⁵,
1165 1769 1224 1818 koch
1248 1772 1335 1830 0,051,
1364 1769 1423 1818 breit
1446 1769 1534 1829 0928,
1561 1782 1609 1814 von
1636 1764 1680 1812 der
1705 1761 1799 1811 rechten
1817 1760 1900 1808 Kante
1919 1755 2000 1836 offla.

326 1836 401 1885 Ueber
418 1837 565 1901 Ringkreua,
597 1838 656 1887 Um·
677 1840 734 1887 und
752 1839 916 1905 Unterscbnst
942 1841 1019 1890 nichts
1045 1841 1145 1891 sicheres
1170 1857 1200 1889 zu
1226 1857 1308 1907 sagen.
1344 1840 1473 1905 Datimng
1494 1854 1548 1886 vom
1573 1833 1861 1900 Hauptkdrpersclrreiber
1884 1830 1945 1878 aber
1964 1834 2004 1908 ml

321 1907 426 1956 anderer
442 1909 523 1968 Dinte,
545 1910 651 1958 Bosonis
670 1910 742 1960 dorin
760 1911 941 1978 naclgetragm.
973 1913 1021 1962 Die
1038 1913 1220 1980 Zeugmfirmm
1238 1913 1347 1962 mer'stenr
1362 1928 1410 1960 von
1425 1911 1530 1976 gleicher
1545 1909 1626 1958 Hand
1640 1907 1697 1956 und
1705 1906 1788 1968 Dine,
1807 1904 1885 1952 sicher
1902 1901 1940 1951 die
1957 1901 2002 1948 dm

323 1979 442 2044 Bisclrbfh
461 1981 504 2029 der
523 1980 627 2031 Pn'ester
647 1982 739 2048 Gregor
756 1983 812 2031 und
825 1983 925 2033 Diakon
947 1985 1008 2034 Orto.
1049 1986 1153 2051 Gregors
1171 1985 1261 2034 Firma
1269 1986 1338 2050 fitllt
1355 2000 1407 2034 nur
1424 1985 1512 2043 0‚047.

1070 2270 1139 2345 Nr.
1172 2274 1260 2347 108.

324 2396 439 2480 Eugen
464 2397 529 2462 III
547 2397 664 2463 nz'mmt
690 2399 753 2463 das
777 2399 908 2465 Kloster
929 2399 1032 2465 Santa
1063 2401 1189 2468 Trinz'td
1219 2404 1258 2468 di
1288 2401 1385 2467 Torri
1408 2401 1442 2464 in
1469 2395 1703 2484 apostolz'schen
1726 2392 1844 2456 Schuta
1872 2388 1943 2452 und
1962 2386 2004 2450 br-

323 2489 439 2571 stiz'tigt
458 2488 571 2552 dassen
593 2488 836 2554 Besz'tatln'imer
864 2491 934 2554 und
954 2491 1089 2573 Rechte,
1120 2495 1228 2574 wofiir
1257 2515 1291 2557 es
1305 2490 1457 2577 Jlt'lzrliclz
1482 2489 1566 2553 arvei
1591 2481 1702 2549 Solidz'
1724 2477 1941 2546 Lucclzeszsch
1964 2498 2004 2539 an

931 2580 986 2644 die
1011 2580 1116 2646 Kurz'e
1138 2605 1178 2648 au
1201 2582 1317 2648 zallen
1338 2582 1406 2645 hat.

979 2719 1066 2779 1152
1080 2717 1158 2781 Mai
1172 2720 1224 2782 13.
1256 2715 1366 2800 Segni.

486 2842 656 2927 Eugenius
673 2846 857 2929 episcopus,
882 2871 994 2915 servus
1009 2874 1177 2916 servorum
1201 2852 1263 2930 dei,
1288 2852 1410 2915 dilecto
1434 2849 1501 2912 filio
1518 2846 1668 2922 Amulf0‚
1693 2842 1807 2907 abbati
1824 2834 2005 2904 monasterii

326 2944 439 3019 sancte
463 2935 632 2998 Trinitatis
656 2936 698 2997 de
721 2936 825 3014 Turri,
858 2941 993 3022 eiusque
1021 2943 1182 3019 fratribus,
1213 2953 1281 3006 tam
1304 2939 1512 3024 presentibus
1541 2956 1640 3019 quam
1668 2934 1789 3008 suturis,
1824 2929 2007 3010 regulariter

326 3023 562 3087 substituendis
586 3039 624 3087 IN
647 3039 724 3087 PPM.
748 3061 792 3072 -
813 3023 817 3111 l
837 3029 1012 3111 Religiosis
1044 3033 1213 3095 desideriis
1244 3033 1380 3114 dignum
1413 3037 1462 3092 cst
1491 3027 1619 3090 facilem
1642 3023 1781 3107 prebere
1805 3035 2004 3090 consensum,

327 3122 363 3175 ut
385 3112 490 3176 fidelis
514 3113 648 3177 devotio
673 3114 811 3178 celerem
835 3120 989 3182 sortiatur
1012 3121 1173 3185 effectum.
1220 3119 1415 3204 Eapropter,
1440 3118 1559 3180 dilecte
1583 3117 1616 3178 in
1633 3113 1770 3176 domino
1793 3109 1848 3185 fili,
1873 3104 2005 3204 Arnulle

328 3201 440 3278 abbas,
472 3205 535 3265 tuis
567 3204 658 3266 iustis
689 3206 966 3286 postulationibus
987 3205 991 3294 Ι
1013 3211 1190 3274 clementer
1218 3212 1390 3274 annuimus
1421 3217 1455 3271 et
1488 3206 1653 3289 prefatum
1681 3200 1927 3272 monasterium,
1961 3214 2004 3256 cur

328 3292 392 3353 deo
416 3303 549 3355 auctore
572 3313 704 3374 preesse
729 3295 915 3373 dinosceris,
948 3299 991 3360 ad
1016 3301 1186 3383 exemplar
1208 3298 1451 3383 predecessoris
1473 3296 1584 3371 nostri,
1609 3293 1712 3356 felicis
1736 3289 1893 3353 memorie
1924 3303 2004 3386 pape

327 3381 515 3444 INNocentii
534 3379 570 3462 ¹),
599 3382 660 3445 sub
684 3382 773 3446 beati
789 3384 874 3448 Petri
899 3397 932 3450 et
954 3399 1066 3452 nostra
1089 3392 1296 3472 protectione
1320 3388 1514 3470 suscipimus
1538 3394 1571 3448 et
1594 3381 1754 3466 presentis
1778 3379 1890 3459 scripti
1916 3376 2004 3458 privt-

328 3469 414 3550 legio
448 3472 696 3534 communimus.
742 3473 943 3552 Statuentes‚
976 3489 1010 3541 ut
1043 3499 1265 3561 quascumque
1294 3478 1530 3560 possessiones,
1565 3490 1770 3555 quecumque
1800 3469 1892 3532 bona
1924 3467 2004 3528 idem

328 3561 560 3622 monasterium
589 3561 622 3623 in
653 3563 889 3644 presentiarum
914 3568 996 3630 iuste
1028 3578 1061 3630 et
1093 3570 1251 3631 canonice
1278 3568 1436 3650 possidet,
1468 3573 1523 3628 aut
1556 3565 1589 3626 in
1620 3562 1762 3624 futurum
1797 3557 2004 3620 concessione

326 3647 536 3730 pontificum,
568 3649 741 3732 largitione
772 3673 885 3735 regum
907 3657 959 3719 vel
992 3659 1186 3740 principum,
1219 3657 1388 3720 oblatione
1419 3655 1564 3718 fidelium
1595 3673 1651 3714 seu
1683 3650 1753 3712 aliis
1781 3649 1872 3710 iustis
1905 3645 2004 3708 modis

266 3752 270 3762 ·
327 3738 390 3800 deo
422 3740 568 3819 propitio
600 3741 723 3822 poterit
754 3743 905 3825 adipisci,
938 3746 1032 3809 firma
1062 3747 1121 3810 tibi
1155 3749 1283 3828 tuisque
1307 3744 1549 3809 successoribus
1577 3750 1610 3804 et
1637 3739 1763 3803 illibata
1786 3745 2004 3819 permaneant.

326 3827 363 3889 ln
388 3827 507 3908 quibus
530 3826 590 3916 hec
613 3831 755 3912 propriis
781 3833 933 3897 duximus
956 3837 1173 3918 exprimenda
1195 3836 1380 3899 vocabulis:
1406 3834 1578 3897 ecclesiam
1599 3838 1712 3914 sancte
1729 3828 1832 3912 Marie
1856 3827 1889 3888 in
1907 3825 2004 3896 Cruci,

326 3916 424 3979 sitam
440 3917 473 3979 in
489 3917 594 4000 burgo
610 3921 714 3982 sancti
732 3917 864 4000 Quirici,
889 3922 1054 4007 hospitale
1078 3927 1119 3988 de
1136 3925 1237 3990 Cuna.
1274 3927 1434 4000 Pretcrea,
1452 3919 1693 4006 predecessoris
1709 3917 1812 3979 nostri
1827 3913 2004 3978 Alexandri

326 4005 415 4091 bone
439 4008 597 4093 memorie
613 4010 759 4090 vestigiis
783 4010 968 4076 inherentes
984 4012 1021 4096 ¹),
1046 4017 1227 4092 statuimus,
1252 4025 1288 4078 ut
1311 4014 1416 4077 abbas
1440 4012 1587 4074 eiusdem
1611 4007 1798 4072 monasterii
1823 4005 2005 4086 regulariter

327 4095 465 4176 eligatur
481 4106 513 4159 et
524 4116 543 4158 a
554 4099 707 4159 Romano
724 4100 882 4180 pontifice
898 4115 1106 4166 consecretur
1125 4107 1161 4182 c).
1190 4104 1462 4168 Consecrationes
1474 4121 1551 4164 vero
1568 4099 1717 4162 altarium
1729 4095 1781 4159 vel
1792 4095 2004 4166 ecclesiarum,

329 4185 554 4248 ordinationes
577 4187 815 4250 monachorum
845 4191 913 4253 sive
938 4193 1137 4270 clericorum,
1173 4196 1227 4276 qui
1260 4192 1303 4256 ad
1334 4213 1445 4256 sacros
1476 4191 1608 4254 ordines
1637 4188 1756 4249 luerint
1783 4181 2004 4267 promovendi,

328 4293 348 4335 a
380 4274 557 4337 diocesano
589 4276 774 4357 suscipiatis
805 4280 980 4363 episcopo,
1021 4285 1184 4365 siquidem
1218 4282 1398 4347 catholicus
1429 4282 1524 4344 fuerit
1556 4289 1589 4342 et
1618 4277 1757 4358 gratiam
1790 4283 1891 4355 atque
1926 4291 2005 4335 com·

329 4363 519 4426 munionem
553 4365 641 4426 sedis
678 4367 860 4454 apostolice
892 4370 1042 4435 habuerit
1072 4384 1106 4436 et
1135 4393 1175 4436 ea
1206 4373 1307 4455 gratis
1338 4383 1371 4435 et
1402 4371 1527 4452 absque
1557 4367 1718 4450 pravitate
1748 4363 1844 4427 vobis
1874 4361 2006 4425 voluerit

329 4451 501 4528 exhibere3
532 4453 678 4534 alioquin
706 4456 803 4520 liceat
832 4459 936 4536 vobis,
970 4462 1177 4538 catholicum,
1209 4481 1450 4544 quemcumque
1482 4456 1668 4531 malueritis
1700 4455 1791 4517 adire
1824 4453 2004 4524 antistitem,

329 4542 384 4622 qui
408 4543 559 4605 nimirum
583 4554 695 4606 nostra
722 4544 822 4610 fultus
846 4551 1049 4627 auctoritate,
1083 4552 1173 4634 quod
1197 4552 1389 4634 postulatur,
1424 4548 1600 4630 indulgeat
1647 4544 1856 4626 Sepulturam
1881 4559 2006 4623 quoque

329 4631 430 4712 ipsius
462 4631 526 4695 loci
562 4631 699 4696 liberam
730 4655 801 4699 esse
842 4639 1060 4716 decernimus,
1101 4651 1137 4704 ut
1169 4661 1299 4717 eorum,
1344 4641 1399 4722 qui
1430 4659 1465 4702 se
1497 4637 1561 4700 illic
1592 4634 1721 4717 sepeliri
1753 4632 2005 4701 deliberaverint,

330 4720 499 4783 devotioni
524 4731 557 4784 et
581 4731 727 4786 extreme
750 4725 919 4803 voluntati,
952 4731 1013 4792 nisi
1044 4731 1128 4794 forte
1153 4730 1429 4794 excommunicati
1452 4728 1505 4790 vel
1534 4724 1697 4789 interdicti
1721 4724 1794 4799 sint,
1826 4721 1933 4784 nullus
1957 4719 2005 4782 ob·

329 4809 437 4886 sistat,
477 4811 568 4873 salva
600 4821 711 4875 tamen
743 4814 865 4879 iustitia
895 4821 1039 4882 matricis
1070 4820 1216 4883 ecclesie.
1271 4819 1487 4882 Prohibemus
1519 4818 1635 4890 etiam,
1676 4823 1711 4876 ut
1750 4811 1838 4874 nulla
1869 4827 2005 4892 unquam

330 4898 550 4963 ecclesiastica
579 4902 772 4966 secularisve
802 4927 942 4984 persona
966 4910 1110 4990 aliquam
1134 4910 1389 4972 decimationem
1414 4909 1455 4970 de
1479 4907 1576 4970 rebus
1604 4903 1705 4985 ipsius
1729 4901 1919 4964 monasterii
1944 4917 2005 4981 pre

330 4999 437 5051 sumat
461 4991 623 5070 requirere
647 5001 702 5054 aut
725 4993 833 5075 ipsum
856 4996 1029 5079 hospitale,
1055 5000 1146 5081 quod
1170 5000 1262 5062 iuxta
1285 5000 1374 5061 idem
1398 4997 1633 5060 monasterium
1656 4993 1754 5055 situm
1777 5001 1836 5066 est,
1869 4991 1901 5052 in
1926 5009 2004 5052 secu·

331 5077 431 5140 larem
462 5099 556 5141 usum
588 5091 785 5159 convertere,
816 5085 868 5148 vel
900 5089 990 5168 quod
1022 5088 1067 5151 ibi
1101 5109 1121 5151 a
1152 5088 1304 5152 fidelibus
1336 5087 1536 5162 conceditur,
1567 5082 1759 5147 subtrahere
1782 5079 1834 5142 vel
1858 5081 2004 5142 minuere.

330 5165 545 5231 Decemimus
569 5188 656 5250 erg0‚
688 5181 723 5233 ut
746 5173 824 5236 nulli
848 5177 984 5238 omnino
1008 5175 1179 5241 hominum
1204 5178 1309 5254 liceat,
1342 5177 1506 5260 prelatum
1536 5172 1770 5237 monasterium
1797 5180 1922 5232 temere
1944 5186 2004 5250 per·

330 5257 463 5320 turbare
501 5267 557 5320 aut
592 5259 660 5322 eius
699 5264 926 5343 possessiones
964 5266 1091 5330 auferre
1120 5268 1173 5330 vel
1214 5267 1341 5330 ablatas
1379 5267 1534 5339 retinere,
1572 5264 1718 5325 minuere
1756 5269 1814 5322 aut
1852 5257 2006 5340 aliquibus

330 5347 562 5410 vexationibus
585 5347 731 5430 fatigare,
754 5353 813 5415 sed
837 5356 950 5417 omnia
973 5356 1101 5438 integra
1124 5366 1357 5420 conserventur
1380 5375 1502 5432 eorum,
1526 5373 1588 5436 pro
1612 5369 1752 5432 quorum
1774 5348 2005 5432 gubernatione

331 5445 365 5499 et
387 5438 625 5500 sustentatione
648 5458 806 5504 concessa
828 5453 913 5524 sunt,
945 5445 1056 5509 usibus
1080 5445 1281 5510 omnimodis
1304 5446 1482 5528 protutura,
1512 5443 1604 5506 salvo
1635 5441 1668 5503 in
1699 5439 1891 5522 supradicto
1915 5455 2005 5501 xeno·

334 5568 389 5576 μ.-

493 5631 518 5700 a)
536 5633 597 5699 Auf
605 5635 691 5683 Ramr
778 5635 805 5698 b)
825 5637 907 5702 †Ego
919 5637 980 5688 Otto
998 5640 1122 5690 theilweise
1138 5643 1191 5706 aus
1203 5644 1288 5691 Rasur
1376 5641 1400 5708 c)
1421 5645 1588 5690 consecratur.
1606 5671 1659 5681 --
1680 5637 1716 5700 ,1)
1736 5633 1808 5684 Diese
1824 5634 1886 5684 Urk.
1904 5633 1936 5684 ist
1951 5628 2007 5682 m'ctr

333 5700 446 5752 crhaltm.
521 5707 547 5772 2)
564 5705 625 5760 Urk.
645 5722 700 5755 vom
719 5707 752 5757 13
774 5708 879 5772 Jamr
898 5712 975 5759 1070.
