4126 6356
297 291 356 367 148

291 477 449 540 canonice
472 477 628 557 possidet,
661 487 716 538 aut
746 476 778 537 in
811 475 951 536 futurum
984 477 1196 538 concessione
1220 475 1423 556 pontificum,
1455 474 1627 557 largitione
1658 496 1771 557 regum
1793 474 1847 537 vel
1878 474 1970 555 prin·

291 568 409 646 cipum,
435 566 603 628 oblatione
626 565 771 628 fidelium
794 583 851 626 seu
876 563 946 625 aliis
969 564 1059 626 iustis
1076 565 1183 627 modis
1208 567 1270 626 deo
1294 567 1439 646 propitio
1460 566 1582 645 poterit
1597 567 1743 646 adipisci,
1760 564 1855 627 firma
1869 564 1971 626 vobis

290 655 470 734 vestrisque
500 655 740 717 successoribus
771 663 804 716 et
835 652 959 714 illibata
981 665 1203 734 permaneant.
1249 655 1286 715 In
1311 655 1428 734 quibus
1459 655 1520 738 hec
1551 657 1691 736 propriis
1724 655 1877 716 duximus
1911 672 1970 714 ex-

291 745 463 825 primenda
492 745 675 806 vocabulis:
715 741 837 805 Villam
869 762 1031 823 magnam,
1064 744 1096 804 in
1128 764 1193 824 qua
1222 745 1329 825 ipsum
1360 744 1592 806 monasterium
1613 749 1640 821 a)
1671 745 1769 806 situm
1801 753 1858 817 est,
1890 763 1969 804 cum

293 834 438 895 districto
469 833 570 913 ipsius
592 834 667 917 ville
686 835 715 912 ²)
746 842 779 894 et
810 831 963 894 omnibus
993 833 1197 912 pertinentiis
1228 833 1306 908 suiS,
1338 843 1484 895 montem
1508 833 1630 909 Iuliani,
1655 832 1879 895 monticellum
1904 833 1967 893 sub

292 923 404 985 Pesclu
429 923 551 984 maiore
574 943 648 984 cum
672 921 874 1002 pertinentiis
898 921 970 996 suis,
996 921 1103 984 casale
1126 921 1167 984 de
1183 921 1292 998 Ferr0,
1317 932 1435 984 terram
1460 924 1492 983 in
1508 923 1690 996 Piscare110,
1716 922 1758 984 ad
1780 923 1966 996 Fossatum,

294 1012 334 1073 de
350 1011 488 1086 Vatalla,
512 1022 631 1073 terram
655 1011 696 1072 de
720 1010 865 1072 Iohanne
888 1017 1033 1090 parente,
1058 1021 1177 1072 terram
1200 1011 1233 1072 in
1257 1010 1444 1086 Castaneto‚
1469 1020 1589 1073 terram
1612 1013 1644 1072 in
1666 1011 1821 1084 Mortillo‚
1845 1020 1968 1072 terram

293 1101 325 1161 in
348 1100 542 1175 Baccaricia,
568 1101 601 1161 in
625 1099 797 1161 Fossatum
821 1099 1046 1162 molendinum
1070 1119 1177 1176 unum,
1209 1100 1315 1162 casale
1347 1101 1438 1162 iuxta
1461 1099 1581 1162 flumen
1609 1111 1642 1163 et
1666 1101 1845 1181 canapinas
1875 1109 1910 1161 et
1935 1101 1967 1160 in

293 1189 425 1252 flumine
445 1188 509 1249 duo
535 1189 731 1262 molendina,
757 1188 877 1249 molam
895 1186 1113 1264 Todemundi,
1137 1199 1257 1251 terram
1273 1190 1305 1251 in
1321 1190 1405 1252 valle
1429 1189 1470 1251 de
1486 1188 1600 1264 Sacc0,
1625 1200 1726 1252 terras
1742 1190 1775 1250 in
1791 1188 1968 1250 Tosorano

293 1280 362 1359 rigu
394 1278 434 1340 de
459 1274 541 1340 Orto
571 1288 604 1339 et
634 1279 666 1340 iu
697 1276 785 1358 plaia
807 1277 946 1352 Iordani,
978 1277 1206 1341 Fruschettum
1230 1279 1399 1352 Guidonis‚
1433 1278 1550 1341 collem
1575 1277 1757 1353 Cervinum,
1788 1288 1910 1340 terram
1934 1279 1969 1338 in

294 1367 434 1441 Morillo,
463 1367 649 1447 Rigolicini,
680 1376 774 1447 prata
803 1367 936 1449 Resice,
968 1367 1110 1442 Farnitu,
1142 1366 1263 1442 Cuzzu,
1297 1366 1442 1442 Piscloli,
1476 1367 1617 1431 Serrone
1647 1367 1837 1441 Mattilredi,
1868 1377 1902 1428 et
1933 1368 1969 1427 in

294 1454 484 1530 Cisternola,
517 1453 678 1530 Guaitam,
710 1455 893 1530 Barracum,
925 1457 1110 1518 Fontanam
1134 1467 1302 1532 muratam,
1333 1467 1452 1519 terram
1476 1458 1508 1518 in
1534 1456 1717 1537 MalagotO,
1749 1458 1968 1536 Frusceptum

294 1555 408 1620 toturn,
433 1545 643 1619 Praetarinas‚
668 1555 767 1606 terras
791 1545 823 1605 in
847 1544 931 1606 colle
948 1544 989 1606 de
1006 1545 1101 1620 Mela,
1126 1555 1256 1626 pratum
1274 1547 1314 1608 de
1332 1545 1527 1620 Centoran0,
1553 1547 1660 1608 casale
1683 1547 1724 1608 de
1740 1543 1837 1607 Piczo
1853 1545 1968 1624 long0,

295 1634 478 1707 Marmorie‚
503 1632 708 1709 Tracianum,
737 1633 854 1695 collem
879 1634 919 1695 de
943 1632 1031 1709 Polo,
1055 1635 1211 1710 Pantana,
1236 1631 1405 1696 Summam
1428 1635 1547 1708 villam,
1579 1634 1752 1710 Scanzora,
1776 1635 1896 1696 vallem
1926 1635 1971 1694 de

294 1723 446 1798 Formali,
470 1722 588 1784 vallem
613 1723 653 1784 de
670 1721 835 1796 Cannella,
860 1732 961 1784 terras
985 1722 1026 1784 de
1050 1735 1160 1785 sancta
1174 1726 1202 1785 F
1204 1719 1369 1808 elicita[te]
1394 1744 1468 1785 cum
1492 1725 1564 1804 ipsa
1583 1724 1729 1798 ecclesia,
1752 1723 1970 1796 Famitillum‚

295 1812 512 1884 Falascosam‚
543 1811 750 1873 Pomarolum
783 1822 816 1873 et
846 1809 1066 1886 Calcinarum,
1099 1814 1131 1874 in
1162 1823 1269 1875 castro
1293 1812 1442 1897 Sculcule
1474 1813 1644 1874 ecclesiam
1677 1814 1781 1874 sancti
1805 1811 1970 1893 Stephani

295 1922 369 1964 cum
385 1901 587 1982 pertinentiis
603 1901 677 1975 suis,
701 1909 809 1974 terras,
833 1901 953 1974 vineae,
979 1911 1085 1963 ortum
1109 1910 1142 1963 et
1165 1903 1267 1963 olivas
1291 1903 1323 1963 in
1347 1903 1465 1964 eodem
1489 1897 1628 1986 [c]astr0,
1658 1902 1813 1983 quicquid
1837 1901 1972 1963 habetis

295 1991 327 2052 in
352 1991 481 2052 civitate
505 1988 689 2070 Anagnina,
721 2000 753 2050 et
786 1989 956 2052 ecclesiam
979 1991 1083 2051 sancti
1106 1991 1247 2054 Romani
1277 2011 1351 2052 cum
1382 1991 1585 2072 pertinentiis
1609 1991 1683 2054 suis.
1730 1989 1856 2054 Crisma
1878 2009 1971 2064 vero,

296 2080 404 2142 oleum
434 2088 590 2154 sanctum,
623 2078 884 2140 consecrationes
916 2079 1064 2140 altarium
1088 2099 1144 2141 seu
1177 2079 1391 2155 basilicarum,
1425 2081 1648 2142 ordinationes
1668 2079 1696 2158 b)
1721 2078 1971 2152 monachorum,

296 2169 351 2249 qui
376 2168 417 2230 ad
441 2187 551 2230 sacros
574 2167 705 2229 ordines
734 2167 850 2229 luerint
882 2168 1108 2248 promovendi,
1140 2169 1359 2231 adiocesano
1390 2170 1574 2250 suscipiatis
1605 2170 1773 2250 episc0p0,
1803 2168 1974 2249 siquidem

296 2256 475 2319 catholicus
499 2255 594 2318 luerit
617 2266 650 2317 et
672 2259 809 2337 gratiam
833 2257 1014 2340 apostolice
1048 2257 1134 2320 sedis
1158 2258 1307 2321 habuerit
1338 2269 1371 2320 et
1401 2278 1439 2320 ea
1469 2259 1569 2339 gratis
1602 2269 1634 2320 et
1657 2259 1784 2339 absque
1806 2258 1975 2339 pravitate

295 2346 390 2409 vobis
420 2345 559 2408 voluerit
598 2345 761 2407 exhibere.
808 2344 967 2425 Alioquin
1006 2345 1102 2408 liceat
1129 2347 1232 2422 vobis,
1270 2348 1484 2422 catholicum,
1517 2367 1615 2428 quem
1654 2347 1838 2422 malueritis,
1877 2346 1973 2407 adire

297 2436 483 2510 antistitem,
509 2435 564 2514 qui
596 2435 756 2507 nimirum,
781 2445 892 2496 nostra
915 2434 1012 2496 lultus
1036 2437 1237 2512 auctoritate,
1264 2437 1352 2517 quod
1377 2436 1567 2518 postulatur,
1592 2437 1769 2518 indulgeat.
1816 2435 1974 2500 Obeunte

297 2535 406 2587 autem
429 2535 469 2599 te,
501 2543 586 2585 nunc
610 2523 755 2585 eiusdem
780 2522 842 2584 loci
867 2521 997 2600 abbate,
1027 2524 1079 2586 vel
1102 2535 1232 2586 tuorum
1257 2525 1405 2607 quolibet
1427 2546 1659 2601 successorum,
1693 2526 1798 2588 nullus
1822 2523 1867 2588 ibi
1891 2545 1973 2605 qua-

298 2614 379 2677 libet
393 2613 604 2693 surreptionis
628 2613 745 2674 astutia
768 2633 824 2674 seu
848 2612 1003 2674 violentia
1026 2623 1235 2694 preponatur,
1260 2615 1320 2676 nisi
1345 2635 1443 2695 quem
1467 2615 1581 2677 fratres
1602 2609 1791 2700 commulni]
1807 2634 1974 2677 consensu

298 2703 349 2765 vel
373 2702 506 2764 fratrum
527 2721 604 2783 pars
628 2701 752 2763 consilii
775 2701 912 2763 sanioris
927 2702 1106 2763 secundum
1123 2697 1243 2788 de[um]
1268 2713 1300 2764 et
1316 2703 1404 2766 beati
1420 2702 1589 2766 Benedicti
1606 2704 1976 2786 regulam'providerint

300 2792 495 2873 eligendum.
533 2791 747 2852 Decernimus
771 2810 858 2870 erg0,
883 2801 917 2852 ut
933 2791 1010 2853 nulli
1026 2791 1160 2853 omnino
1177 2791 1345 2853 hominum
1363 2792 1466 2867 liceat,
1483 2791 1645 2875 prefatum
1661 2795 1896 2856 monasterium
1916 2843 1922 2854 .
1941 2842 1947 2855 .
1966 2841 1975 2854 .

300 2883 411 2944 usibus
434 2880 633 2944 omnimodis
664 2879 841 2960 profutura,
870 2880 960 2941 salva
980 2875 1006 2962 ε)
1031 2880 1062 2941 in
1093 2881 1281 2961 supradicta
1305 2882 1392 2943 beati
1416 2882 1559 2944 Romani
1583 2881 1721 2944 ecclesia
1741 2881 1769 2966 ο)
1801 2882 1975 2963 Anagnini

299 2971 445 3052 episcopi
480 2969 638 3032 canonica
669 2968 789 3029 iustitia
820 2978 853 3029 et
883 2969 1064 3052 apostolice
1095 2970 1182 3031 sedis
1215 2970 1416 3032 auctoritate.
1467 2970 1501 3034 Si
1534 2991 1599 3052 qua
1622 2972 1719 3052 igitur
1743 3019 1749 3032 .
1775 3021 1781 3034 .
1807 3021 1813 3034 .
1837 2971 1977 3035 Cunctis

299 3070 408 3122 autem
435 3109 440 3121 .
465 3107 471 3120 .
496 3110 502 3122 .
527 3058 701 3120 inveniant
747 3056 866 3118 Amen.
890 3056 979 3119 A·m.
1003 3056 1122 3120 Amen.

512 3145 569 3226 (Rl
594 3145 666 3227 Ego
690 3145 884 3208 Anastasius
908 3145 1068 3230 catholice
1092 3147 1228 3231 ecclesie
1252 3148 1427 3228 episcopus
1451 3168 1492 3209 ss.
1517 3145 1582 3230 (M)

511 3236 531 3314 †
554 3235 628 3316 Ego
650 3235 790 3297 Ymarus
813 3234 1014 3297 Tusculanus
1038 3236 1213 3317 episcopus
1236 3257 1277 3298 ss.

511 3320 579 3408 †d)
603 3325 676 3404 Ego
700 3324 799 3405 Hugo
823 3324 1008 3386 Hostiensis
1031 3325 1206 3406 episcopus
1230 3346 1269 3387 ss.
1293 3321 1361 3409 (Η)

511 3448 556 3457 -
579 3410 599 3495 †
622 3413 695 3493 Ego
718 3413 977 3494 gg.(Gregorius)
1000 3413 1162 3494 presbiter
1184 3414 1356 3476 cardinalis
1380 3414 1427 3475 tit.
1453 3412 1571 3475 Calixti
1596 3433 1636 3476 ss
1657 3413 1686 3496 e)

510 3501 531 3580 †
554 3503 627 3583 Ego
651 3502 760 3565 Guido
784 3502 944 3582 presbiter
967 3502 1139 3565 cardinalis
1163 3503 1211 3563 tit.
1235 3504 1338 3565 sancti
1363 3503 1538 3582 Grisogoni
1560 3525 1601 3565 ss

512 3587 533 3672 †
555 3593 629 3672 Ego
653 3590 824 3653 Hubaldus
847 3592 1009 3671 presbiter
1031 3591 1203 3654 cardinalis
1226 3593 1273 3653 tit.
1298 3603 1409 3654 sancte
1432 3591 1587 3654 Praxedis
1611 3613 1651 3655 ss.

513 3677 533 3760 †
556 3682 628 3762 Ego
654 3680 843 3742 Manlredus
866 3681 1028 3760 presbiter
1051 3681 1223 3743 cardinalis
1247 3683 1294 3743 tit
1318 3692 1429 3743 sancte
1453 3679 1573 3744 Savine
1597 3703 1637 3744 ss.

513 3764 533 3849 †
557 3769 629 3850 Ego
653 3769 825 3832 Aribertus
848 3769 1009 3850 presbiter
1032 3769 1203 3832 cardinalis
1227 3771 1274 3832 tit.
1297 3781 1408 3852 sancte
1432 3769 1606 3854 Anastasie
1630 3792 1670 3832 ss.

512 3858 533 3934 †
556 3859 628 3940 Ego
653 3858 749 3922 Iulius
773 3857 935 3939 presbiter
957 3859 1128 3920 cardinalis
1152 3860 1199 3921 tit.
1224 3861 1327 3921 sancti
1352 3859 1495 3920 Marcelli
1520 3879 1560 3920 ss

513 3947 534 4022 †
557 3948 630 4028 Ego
654 3948 838 4011 Bernardus
862 3947 1023 4028 presbiter
1045 3948 1218 4010 cardinalis
1241 3949 1289 4010 tit.
1313 3948 1415 4009 sancti
1441 3945 1618 4010 Clementis
1641 3967 1682 4009 ss

514 4032 534 4115 †
557 4037 631 4117 Ego
654 4036 811 4099 lordanus
834 4037 996 4117 presbiter
1018 4037 1191 4099 cardinalis
1214 4037 1261 4100 tit.
1285 4047 1471 4099 sanctarum
1495 4036 1643 4122 Susanne
1674 4046 1707 4099 et
1730 4037 1914 4101 Felicitatis
1938 4060 1980 4102 ss.

514 4120 535 4205 †
558 4122 630 4205 Ego
656 4126 855 4188 Octavianus
878 4124 1040 4206 presbiter
1063 4125 1235 4188 cardinalis
1259 4127 1305 4188 tit.
1330 4135 1442 4188 sancte
1466 4124 1586 4188 Cecilie
1610 4147 1650 4188 ss.
1674 4121 1723 4206 (1)

513 4211 534 4292 †
549 4213 622 4295 Ego
634 4212 795 4276 lohannes
803 4214 964 4295 presbiter
973 4215 1144 4276 cardinalis
1152 4224 1339 4278 sanctorum
1347 4214 1501 4277 Iohannis
1510 4215 1636 4277 etPauli
1645 4215 1693 4276 tit.
1701 4213 1869 4278 Pamachii
1878 4236 1920 4278 ss
1932 4217 1980 4295 (1)

514 4337 558 4347 —
581 4303 601 4381 †
624 4303 698 4382 Ego
721 4301 881 4365 Rodullus
905 4302 1062 4366 diaconus
1086 4305 1257 4367 cardinalis
1280 4315 1392 4366 sancte
1414 4304 1515 4366 Lucie
1539 4305 1570 4365 in
1594 4304 1698 4384 Septa
1712 4301 1720 4388 l,
1737 4304 1816 4367 solis
1838 4325 1882 4367 ss.

514 4392 535 4470 †
558 4392 632 4472 Ego
655 4390 764 4454 Guido
788 4393 945 4454 diaconus
968 4393 1140 4455 cardinalis
1163 4403 1275 4456 sancte
1299 4394 1401 4456 Marie
1425 4393 1456 4454 in
1479 4394 1609 4456 Porticu
1633 4414 1673 4455 ss,

516 4476 537 4560 †
560 4481 632 4560 Ego
656 4480 818 4543 Iohannes
842 4480 999 4544 diaconus
1022 4483 1195 4545 cardinalis
1217 4493 1404 4545 sanctorum
1427 4481 1532 4563 Sergii
1556 4491 1589 4544 et
1612 4481 1713 4545 Bachi
1737 4504 1778 4545 ss.

515 4567 632 4649 †Ego
657 4570 734 4632 Odo
766 4571 924 4633 diaconus
954 4571 1127 4634 cardinalis
1158 4573 1262 4634 sancti
1286 4571 1438 4634 Nicholai
1469 4572 1500 4632 in
1534 4592 1661 4635 carcere
1685 4572 1838 4635 Tulliano
1862 4593 1903 4635 ss.
1929 4570 1979 4652 (9)

462 4655 539 4719 Dat.
555 4657 716 4734 Laterani,
741 4680 800 4740 per
823 4680 954 4722 manum
970 4661 1121 4736 Rolandi,
1145 4672 1258 4746 sancte
1273 4662 1423 4743 Romane
1447 4661 1582 4746 ecclesie
1606 4662 1777 4743 presbiteri
1802 4662 1979 4724 cardinalis

305 4755 337 4807 et
361 4745 551 4808 cancellarii.
593 4759 629 4807 Vl
652 4747 729 4810 Idus
753 4749 840 4811 Maii.
885 4750 1067 4812 Indictione
1090 4765 1124 4812 11.
1169 4751 1404 4814 lucarnationis
1429 4750 1593 4836 dominice
1617 4770 1703 4813 anno
1720 4763 1854 4814 MCLIHI.
1893 4751 1979 4813 Pon·

304 4833 444 4896 tificatus
467 4853 545 4897 vero
570 4835 682 4900 domni
706 4837 873 4900 Anastasii
896 4855 947 4899 1111
969 4859 1025 4920 pp.
1051 4860 1137 4901 anno
1161 4856 1181 4902 1.
1206 4876 1249 4884 —

468 4949 509 5000 Or.
528 4949 561 4998 im
580 4950 692 4999 Archivio
714 4951 846 5014 Capitolarc
863 4969 893 5000 zu
910 4953 1015 5017 Anagni.

466 5020 535 5084 Perg.
553 5021 613 5081 irat,
631 5023 667 5072 dr.
687 5023 772 5083 0,638,
790 5025 851 5088 lang
868 5026 952 5082 utro,
970 5032 1044 5072 untcn
1062 5041 1081 5074 c.
1099 5026 1178 5084 0,034
1195 5026 1384 5090 umgesclrlagen,
1404 5023 1481 5072 durch
1500 5027 1515 5072 2
1534 5023 1626 5072 Lb'clrer
1639 5023 1696 5088 geht
1713 5023 1749 5070 die
1767 5039 1822 5071 rosa
1841 5024 1898 5070 und
1909 5025 1979 5086 gelri-

301 5091 367 5156 gelbe
393 5090 578 5152 Scidcrarclnmr,
615 5109 700 5142 woran
735 5095 779 5144 das
805 5095 860 5144 Bler'
881 5096 963 5160 ltdugt.
1000 5097 1109 5160 bblturzg
1141 5097 1184 5144 der
1209 5098 1304 5145 Brrllm.
1347 5097 1482 5159 Umsclrrist
1515 5095 1569 5142 roni
1604 5095 1767 5158 Unlerscllrrfl
1799 5110 1848 5142 von
1875 5096 1980 5159 glrirler

304 5161 389 5220 Haud,
408 5162 543 5226 Ringkreua
561 5181 608 5214 von
631 5166 773 5215 sckwererer
797 5167 852 5215 und
867 5167 1009 5216 rcnsr'clrerer.
1042 5167 1136 5233 Zeugen
1154 5167 1266 5216 rheilwer's
1283 5183 1331 5216 von
1349 5167 1525 5217 zerscniedenen
1544 5166 1661 5215 Hiinden.
1692 5167 1821 5232 Datimng
1837 5182 1893 5215 vom
1912 5168 1979 5215 Irim·

304 5233 498 5296 scnptschreiber,
516 5237 539 5285 R
558 5239 667 5286 ll'olands
685 5240 731 5286 mit
747 5238 878 5288 dunklerer
894 5237 1060 5288 Dime'darin
1079 5239 1259 5304 nachgetragen.

552 5363 729 5373 -——-.--—„„

465 5431 491 5490 a)
515 5429 564 5477 Von
581 5432 758 5481 monasterium
782 5431 816 5480 bis
833 5432 891 5494 ville
909 5432 1009 5482 einzelne
1038 5433 1170 5482 ttbrtrteile
1195 5435 1246 5497 mef
1258 5437 1342 5482 Rurur
1430 5433 1457 5495 b)
1477 5448 1492 5480 a
1511 5433 1563 5494 auf
1574 5433 1660 5478 ersur
1747 5433 1772 5499 c)
1793 5448 1825 5483 ra
1849 5433 1875 5483 in
1896 5447 1978 5499 supra-

306 5497 374 5548 dicta
391 5499 458 5552 beati
477 5501 559 5554 Roma
573 5538 728 5553 ........
742 5519 758 5552 a
775 5505 828 5568 auf
840 5505 924 5552 Rasur
996 5505 1022 5567 d)
1042 5509 1056 5570 †
1074 5507 1126 5571 nus
1139 5508 1223 5555 Ramr
1293 5511 1318 5574 e)
1338 5505 1373 5556 tit.
1395 5503 1484 5556 calixti
1503 5519 1535 5554 ss.
1555 5505 1607 5568 aras
1619 5506 1708 5554 A'asur.
