4126 6356
1703 333 1743 397 91

67 499 198 564 sideriis
221 519 401 582 congruum
424 499 583 583 impertiri
605 499 806 584 suffragium.
851 501 1046 586 Eapropter,
1068 499 1074 589 Ι
1094 502 1205 567 dilecti
1229 503 1262 567 in
1278 502 1415 568 domino
1435 499 1501 578 filii,
1524 503 1640 567 vestris
1656 504 1748 568 iustis

67 588 348 672 postulationibus
372 588 552 653 clementer
574 592 754 667 annuimus,
785 600 818 654 et
841 592 1001 674 prefatam
1026 593 1196 656 ecclesiam
1221 593 1264 657 ad
1288 595 1336 656 ius
1359 591 1541 675 apostolice
1564 592 1652 656 sedis
1676 615 1747 676 per-

65 681 229 743 tinentem
246 679 515 763 predecessorum
531 689 726 759 nostrorum,
743 680 846 746 felicis
862 685 1019 746 memorie
1036 703 1124 766 pape
1132 683 1279 757 URBANI,
1296 683 1464 746 PASCALIS
1480 689 1579 764 atque
1592 681 1747 760 CALIXTI,

67 769 216 852 vestigiis
239 767 432 843 inherentes,
456 769 518 833 sub
541 770 629 834 beati
652 772 739 834 Petri
764 779 797 834 et
818 779 929 835 nostra
952 774 1157 855 protectione
1180 773 1375 853 suscipimus
1399 780 1432 834 et
1455 773 1617 854 presentis
1633 775 1747 856 scripti

67 858 240 943 privilegio
271 857 519 922 communimus.
573 860 779 936 Statuentes,
816 868 852 923 ut
884 880 1107 941 quascumque
1139 863 1379 942 possessiones,
1420 879 1627 942 quecumque
1657 862 1748 926 bona

44 975 48 981 ·
67 949 186 1012 eadem
209 950 238 1029 ⁸)
262 947 397 1013 ecclesia
419 948 452 1011 in
476 950 712 1031 presentiarum
736 952 821 1015 iuste
843 959 877 1013 et
899 953 1057 1015 canonice
1073 951 1230 1033 possidet,
1254 958 1311 1013 aut
1325 951 1358 1014 in
1374 949 1518 1014 futurum
1535 953 1748 1017 concessione

67 1037 272 1121 pontificum,
302 1037 474 1120 largitione
504 1058 617 1122 regum
641 1039 692 1103 vel
721 1039 919 1122 principum,
951 1039 1117 1104 oblatione
1143 1038 1289 1102 fidelium
1320 1059 1378 1102 seu
1407 1038 1477 1103 aliis
1507 1039 1598 1104 iustis
1631 1041 1746 1118 modis,

67 1135 240 1211 prestante
263 1127 409 1201 domino,
433 1129 557 1210 poterit
579 1129 726 1212 adipisci,
753 1129 847 1194 firma
870 1130 965 1193 vobis
987 1129 1167 1210 vestrisque
1190 1129 1433 1192 successoribus
1465 1137 1499 1191 et
1526 1128 1652 1194 illibata
1675 1150 1748 1214 per·

67 1225 232 1281 maneant
277 1217 314 1280 ln
344 1216 462 1298 quibus
493 1216 554 1281 hec
578 1219 719 1302 propriis
742 1219 896 1283 duximus
926 1220 1142 1302 exprimenda
1169 1217 1352 1282 vocabulis:
1391 1217 1564 1285 ecclesiam
1594 1219 1748 1284 videlicet

66 1315 180 1370 sancte
204 1305 347 1383 Valerie,
370 1307 468 1369 sitam
491 1306 523 1370 in
546 1307 632 1386 loco,
658 1310 712 1390 qui
736 1307 854 1392 Augea
878 1317 1089 1390 nuncupatur,
1114 1307 1285 1372 ecclesiam
1305 1308 1333 1389 b)
1356 1309 1462 1372 sancti
1486 1306 1680 1373 Christofori
1705 1311 1748 1374 de

66 1395 198 1478 Campo
223 1416 335 1460 macro
359 1402 393 1458 et
416 1395 588 1460 ecclesiam
612 1400 716 1462 sancti
735 1397 887 1463 Nicholai
908 1398 952 1461 de
969 1395 1081 1480 Gurgo
1104 1419 1177 1461 cum
1195 1396 1347 1461 omnibus
1364 1397 1407 1461 ad
1423 1417 1478 1460 eas
1498 1398 1746 1480 pertinentibus.

69 1485 310 1551 Censtituimus
334 1491 492 1568 preterea,
516 1494 552 1549 ut
563 1495 679 1567 quarta
694 1508 770 1571 pars
786 1489 971 1551 reddituum
995 1496 1178 1552 vestrorum
1200 1489 1234 1551 in
1258 1507 1334 1550 usus
1349 1485 1517 1570 hospitum
1534 1489 1748 1570 expendatur,

66 1573 317 1640 xenodochium
341 1581 451 1638 autem
481 1575 514 1638 in
536 1584 646 1642 vestra
676 1585 842 1659 potestate
872 1586 1070 1661 permaneat.
1117 1574 1271 1641 Obeunte
1299 1596 1378 1640 vero
1410 1584 1452 1651 te,
1484 1597 1568 1640 nunc
1600 1578 1746 1642 eiusdem

67 1664 130 1730 loci
162 1666 339 1749 preposito
359 1669 403 1744 0),
442 1664 494 1728 vel
523 1672 654 1730 tuorum
686 1666 835 1748 quolibet
868 1686 1103 1740 successorum,
1135 1666 1240 1730 nullus
1270 1666 1316 1730 ibi
1347 1665 1495 1746 qualibet
1524 1665 1746 1750 subreptionis

65 1755 187 1820 astutia
207 1753 239 1840 d)
262 1775 320 1818 seu
341 1753 500 1818 violentia
529 1765 740 1839 preponatur,
770 1758 831 1820 nisi
861 1777 960 1839 quem
994 1755 1107 1819 fratres
1140 1757 1306 1820 communi
1337 1776 1498 1820 consensu
1529 1755 1581 1820 vel
1612 1756 1747 1820 fratrum

66 1865 141 1928 pars
174 1844 303 1909 consilii
334 1843 471 1908 sanioris
503 1846 683 1910 secundum
715 1845 769 1910 dei
799 1847 952 1910 timorem
985 1853 1019 1910 et
1047 1846 1136 1910 beati
1160 1845 1338 1928 Augustini
1370 1845 1516 1928 regulam
1548 1846 1748 1929 providerint

15 2005 16 2008 Ἴ
66 1933 264 2017 eligendum.
309 1933 381 1997 Nec
404 1933 467 2016 ipsi
490 1954 569 1997 vero
592 1955 652 1999 nec
684 1935 777 2000 alicui
810 1935 873 2000 loci
902 1938 971 1999 eius
996 1935 1142 1999 ministro
1174 1934 1312 1998 facultas
1343 1936 1394 2012 sit,
1425 1934 1564 2023 ecclesie
1594 1935 1684 1999 bona
1713 1937 1747 2000 in

66 2023 202 2088 feudum
229 2023 388 2088 militibus
410 2021 461 2086 vel
485 2021 647 2104 aliquibus
675 2027 823 2108 personis
853 2025 1050 2090 secularibus
1081 2023 1248 2108 impertiri.
1295 2022 1569 2089 Consecrationes
1599 2024 1747 2089 altarium

66 2114 116 2177 vel
140 2113 364 2190 ecclesiarum,
389 2113 613 2177 ordinationes
636 2114 828 2179 clericorum
852 2115 895 2179 ab
919 2117 1095 2198 episcopis,
1118 2115 1151 2177 in
1175 2135 1314 2197 quorum
1340 2113 1527 2179 diocesibus
1542 2122 1651 2178 vestre
1674 2121 1749 2178 sunt

67 2203 218 2291 ecclesie,
241 2203 420 2285 accipietis,
442 2203 603 2285 siquidem
628 2201 780 2269 catholici
805 2204 921 2268 fuerint
944 2213 978 2268 et
1000 2206 1138 2287 gratiam
1162 2213 1262 2284 atque
1285 2205 1548 2268 communionem
1564 2203 1748 2292 apostolice

66 2293 153 2358 sedis
176 2291 362 2367 habuerint,
393 2300 427 2355 et
449 2293 477 2355 si
501 2313 557 2356 eas
580 2294 678 2376 gratis
701 2314 741 2358 ac
763 2294 833 2358 sine
856 2295 1017 2378 pravitate
1039 2293 1200 2358 voluerint
1223 2292 1389 2370 exhibere,
1413 2292 1492 2358 alias
1519 2292 1615 2357 liceat
1643 2292 1747 2372 vobis,

68 2381 276 2459 catholicum,
299 2401 397 2462 quem
422 2380 598 2459 volueritis,
619 2384 709 2448 adire
732 2383 924 2466 episcopum
948 2391 982 2446 et
1004 2383 1047 2447 ab
1071 2403 1111 2447 eo
1135 2380 1321 2447 huiusmodi
1337 2381 1619 2446 consecrationum
1642 2403 1748 2446 sacra·

68 2479 179 2536 menta
202 2471 378 2556 suscipere.
423 2470 477 2534 De
500 2480 620 2546 ceter0,
645 2471 767 2536 nullam
792 2475 967 2556 episcopus
990 2473 1022 2536 in
1046 2472 1192 2556 predicta
1214 2473 1353 2537 ecclesia
1372 2479 1572 2555 potestatem
1594 2479 1748 2536 exerceat

68 2582 174 2644 neque
199 2559 509 2627 excommunicandi
532 2581 641 2644 neque
662 2562 877 2627 interdicendi
900 2569 957 2626 aut
978 2562 1021 2625 ad
1044 2563 1198 2626 sinodum
1222 2562 1386 2626 iudiciaria
1409 2567 1575 2644 potestate
1597 2563 1748 2639 vocandi,

67 2673 106 2716 eo
121 2653 278 2716 nimirum
293 2658 408 2715 tenore
423 2659 562 2728 servato,
586 2659 621 2715 ut
637 2672 754 2716 omnes
774 2651 910 2741 ecclesie
926 2653 1027 2734 ipsius
1043 2651 1150 2738 clerici
1170 2661 1198 2726 θ)
1222 2652 1255 2716 in
1274 2651 1350 2715 loco
1365 2653 1439 2734 ipso
1455 2651 1696 2734 possessionem
1716 2649 1746 2736 s)

68 2740 195 2819 faciant,
228 2740 365 2825 proprio
395 2762 462 2805 non
492 2748 623 2805 utantur
653 2749 687 2806 et
710 2744 799 2806 omni
822 2744 889 2806 vite
921 2762 979 2828 sue
1009 2749 1160 2824 tempore
1186 2741 1248 2805 sub
1276 2740 1431 2824 regularis
1454 2742 1520 2804 vite
1544 2741 1747 2805 districtione

14 2873 16 2880 ν
68 2839 300 2914 permaneant,
329 2831 417 2894 unde
446 2831 544 2893 etiam
576 2832 781 2914 temporibus
813 2831 1076 2914 competentibus
1106 2839 1216 2913 preter
1246 2829 1429 2894 emulorum
1453 2830 1746 2895 contradictionem

68 2921 108 2984 ad
138 2921 295 3002 synaxim
327 2919 568 2996 celebrandam,
598 2921 658 2983 nisi
687 2921 849 3004 generalis
879 2920 1078 3005 interdictio¹
1095 2920 1201 2996 fuerit,
1231 2921 1323 3003 signa
1353 2918 1482 3002 pulsare
1515 2929 1549 2984 et
1572 2929 1746 2985 consuetas

69 3012 297 3093 possessiones
321 3009 489 3074 celebrare
512 3011 734 3074 concedimus.
780 3007 992 3094 Sepulturam
1016 3030 1149 3093 quoque
1174 3010 1321 3074 eiusdem
1343 3008 1414 3078 loci
1430 3008 1564 3074 liberam
1582 3028 1653 3074 esse
1670 3031 1747 3074 con-

70 3101 226 3176 cedimus,
250 3108 286 3163 ut
304 3101 334 3180 s)
357 3119 481 3175 eorum,
505 3099 560 3180 qui
583 3120 620 3163 se
641 3099 705 3163 illic
720 3099 871 3183 sepellire
887 3099 1149 3176 deliberaverint,
1173 3100 1342 3163 devotioni
1357 3099 1410 3162 vel
1426 3107 1574 3163 extreme
1589 3099 1748 3164 voluntati

69 3189 172 3254 nullus
207 3189 362 3265 obsistat,
397 3189 456 3251 nisi
488 3191 762 3254 excommunicati
794 3190 913 3254 fuerint
943 3188 995 3253 vel
1026 3189 1205 3265 interdicti,
1236 3188 1326 3251 salva
1343 3188 1373 3269 h)
1404 3189 1524 3253 iustitia
1542 3187 1574 3269 il
1604 3191 1747 3254 matricis

69 3279 218 3369 ecclesie.
259 3278 307 3344 Ut
321 3275 459 3364 aut(em)
474 3277 505 3340 in
520 3286 635 3342 sancte
650 3277 812 3362 religionis
831 3275 860 3364 l¹)
875 3278 1105 3344 observatione
1127 3279 1229 3360 quieti
1245 3285 1279 3342 et
1293 3278 1397 3343 seduli
1413 3279 1456 3343 ab
1472 3279 1561 3343 omni
1585 3279 1748 3345 mundane

70 3369 294 3453 oppressionis
316 3369 505 3452 gravamine
529 3367 696 3445 maneatis,
726 3368 803 3432 nulli
833 3368 888 3432 alii
919 3369 980 3431 nisi
1003 3368 1153 3431 Romane
1176 3376 1209 3431 et
1232 3367 1414 3452 apostolice
1437 3369 1514 3444 sedi,
1547 3369 1637 3432 cuius
1670 3371 1748 3433 iuris

70 3461 154 3536 estis,
176 3459 289 3542 aliqua
311 3457 484 3522 teneamini
509 3459 683 3521 occasione
705 3457 853 3522 subiecti.
899 3459 1052 3521 Preterea
1073 3457 1224 3522 laborum
1239 3465 1433 3532 vestrorum,
1458 3478 1542 3541 quos
1557 3458 1699 3541 propriis
1717 3458 1748 3545 1)

71 3548 219 3613 manibus
237 3547 269 3634 1)
292 3556 349 3611 aut
370 3546 553 3630 sumptibus
577 3545 693 3625 colitis,
715 3545 819 3612 nullus
842 3569 862 3613 a
884 3547 982 3612 vobis
1004 3546 1151 3611 decimas
1167 3547 1298 3630 exigere
1313 3554 1487 3630 presumat
1532 3547 1749 3612 Decernimus

70 3658 157 3722 ergo,
181 3646 220 3703 ut
242 3637 320 3703 nulli
344 3636 477 3701 omnino
501 3634 671 3700 hominum
696 3635 799 3714 liceat,
822 3637 984 3721 prefatum
1007 3635 1116 3700 locum
1139 3643 1264 3700 temere
1288 3638 1479 3720 perturbare
1501 3645 1558 3702 aut
1581 3639 1649 3701 eius
1672 3659 1749 3722 pos·

71 3728 231 3794 sessiones
254 3725 382 3792 auferre
404 3723 457 3790 vel
471 3725 599 3790 ablatas
621 3725 761 3790 retinere
785 3776 791 3790 .
815 3774 823 3789 .
846 3774 854 3789 .
877 3774 886 3791 .
909 3726 999 3791 salva
1014 3726 1102 3789 sedis
1122 3725 1307 3810 apostolice
1321 3727 1523 3792 auctoritate.
1570 3724 1605 3791 Si
1616 3731 1658 3810 m)
1683 3749 1748 3811 qua

71 3818 165 3902 igitur
189 3868 196 3884 .
221 3868 229 3882 .
255 3867 261 3882 .
285 3865 293 3880 .
317 3817 451 3883 Cunctis
472 3823 583 3879 autem
607 3863 614 3877 .
639 3865 645 3878 .
670 3863 677 3878 .
701 3862 709 3878 .
732 3817 908 3884 inveniant.
954 3814 1075 3880 Amen.
1099 3814 1222 3880 A—m.
1247 3814 1367 3880 Amen.

286 3907 341 3988 (R)
366 3903 439 3989 Ego
463 3903 627 3988 Eugenius
650 3903 813 3994 catholice
835 3905 974 3995 ecclesie
996 3907 1174 3988 episcopus
1195 3924 1237 3967 ss.
1259 3905 1323 3988 (M)

287 4032 329 4045 -
351 3995 372 4078 †
393 3993 467 4078 Ego
491 3993 665 4059 Hubaldus
688 3994 851 4077 presbiter
874 3995 1043 4060 cardinalis
1065 3997 1115 4059 tit.
1139 4002 1251 4060 sancte
1273 3994 1431 4059 Praxedis
1454 4015 1495 4060 ss.
1520 3994 1573 4080 (1)

285 4085 306 4168 †
329 4085 402 4168 Ego
424 4083 600 4148 Aribertus
623 4085 786 4168 presbiter
808 4085 982 4151 cardinalis
1005 4084 1051 4148 tit
1074 4093 1187 4149 sancte
1209 4083 1385 4149 Anastasie
1407 4105 1448 4148 ss.

286 4174 307 4257 †
329 4174 402 4258 Ego
426 4172 526 4256 Hugo
549 4173 713 4255 presbiter
736 4173 906 4238 cardinalis
929 4177 977 4239 tit
1000 4174 1032 4238 in
1055 4173 1180 4238 Lucina
1203 4195 1244 4238 ss.
1268 4177 1321 4254 (2)

286 4264 307 4345 †
328 4265 402 4348 Ego
424 4262 585 4326 Iordanus
608 4262 770 4346 presbiter
792 4263 963 4328 cardinalis
986 4264 1034 4328 tit.
1058 4272 1171 4352 sancte
1194 4260 1341 4353 Susanne
1364 4283 1407 4326 ss.

290 4389 327 4400 —
340 4353 361 4436 †
372 4353 445 4436 Ego
459 4349 657 4417 Octavianus
669 4353 826 4417 diaconus
838 4354 1009 4419 cardinalis
1021 4355 1124 4418 sancti
1136 4352 1289 4418 Nicholai
1302 4355 1334 4419 in
1347 4372 1476 4418 carcere
1484 4352 1636 4417 Tulliano
1648 4373 1691 4416 ss.
1702 4350 1748 4438 (6)

232 4441 311 4507 Dat.
334 4444 453 4518 Brixie,
483 4463 544 4525 per
566 4463 698 4506 manum
723 4440 911 4521 GUIDONJS,
941 4452 1052 4508 sancte
1075 4442 1226 4508 Romane
1249 4443 1388 4508 ecclesie
1418 4443 1546 4507 diaconi
1574 4441 1749 4507 cardinalis

74 4538 104 4592 et
126 4529 319 4596 cancellarii.
364 4546 440 4598 xvn
458 4529 513 4595 Kl.
536 4528 689 4615 Augusti.
733 4533 915 4597 Indictione
937 4548 983 4598 xl.
1028 4533 1262 4597 incarnationis
1285 4533 1450 4622 dominice
1472 4553 1560 4597 anno
1577 4544 1748 4598 MchVm.

74 4619 282 4686 Pontificatus
303 4642 383 4686 vero
406 4622 519 4686 domni
538 4623 566 4705 ¹1)
588 4621 727 4704 Eugenii
751 4621 812 4687 ΡΡ.
834 4640 886 4685 1111
908 4643 993 4688 anno
1017 4631 1145 4706 quarto.
1167 4658 1212 4670 -

235 4737 279 4788 Or.
297 4736 341 4787 der
357 4735 490 4787 rl'ollectrbn
508 4735 614 4788 Morbr'os
630 4752 679 4786 von
697 4736 819 4798 Mar‘larrd,
838 4737 973 4804 angebaris!
989 4738 1067 4787 marci
1084 4737 1168 4788 Herm
1193 4736 1403 4803 Willmersddrser
1419 4753 1445 4788 u.
1463 4754 1495 4799 a,
1513 4735 1541 4788 in
1558 4735 1693 4787 Miinchm.

235 4809 305 4876 Perg.
323 4809 384 4869 irat,
402 4810 438 4860 br.
456 4811 527 4869 0,46,
545 4811 606 4875 lang
623 4811 708 4870 0,605,
733 4816 808 4860 uram
826 4811 905 4871 0,o36
921 4810 1111 4877 umgcsclrlagm,
1135 4810 1213 4859 drrrch
1236 4809 1295 4860 unet
1310 4810 1403 4860 meter
1415 4809 1474 4876 geht
1489 4809 1526 4858 dri
1544 4824 1599 4859 rosa
1615 4808 1673 4858 und
1682 4809 1749 4874 gelde

72 4881 211 4948 grvbfadige
238 4880 427 4942 deerrschmrr,
455 4881 514 4930 iiber
539 4881 592 4930 dem
619 4880 745 4947 Blrisr'egel
766 4881 833 4931 stark
855 4881 966 4947 gedrelrt,
995 4882 1068 4932 dr'eser
1094 4880 1142 4936 Nr.
1167 4885 1192 4930 4.
1230 4882 1337 4950 Fallung
1362 4882 1406 4930 der
1430 4882 1528 4931 Bellen.
1565 4883 1628 4930 Rota
1654 4879 1702 4934 Nr.
1723 4883 1747 4930 1.

77 4951 243 5020 Mmgramm
261 4953 309 5002 Nr.
329 4953 368 5012 3¹,
388 4953 432 5003 das
450 4955 473 5002 Α
492 4952 554 5002 klerir
571 4954 627 5003 und
648 4953 675 5002 in
693 4953 730 5003 die
748 4952 824 5003 Matre
846 4953 891 5003 der
907 4953 1013 5020 Schriige
1029 4953 1137 5020 gertickt,
1156 4953 1215 5004 brcr't
1231 4955 1317 5015 0‚025,
1342 4952 1401 5002 hoel
1419 4955 1505 5012 0,044.
1543 4951 1680 5018 Ringkreur
1697 4952 1753 5002 und

79 5023 241 5092 Unterrcknfl
257 5025 372 5076 destun
383 5026 458 5075 Drirte
461 5025 515 5091 fiir
525 5023 581 5087 sich,
604 5024 741 5091 Umsclm'ft
757 5025 824 5076 wohl
837 5025 926 5075 andere
937 5025 1019 5074 Hand
1033 5029 1071 5076 als
1082 5025 1218 5090 Komcn‘pt,
1237 5041 1309 5076 worn
1324 5024 1387 5075 auch
1402 5025 1491 5090 gleiclu
1503 5023 1585 5074 Dure.
1621 5024 1751 5090 Datimmg

75 5111 119 5146 m
135 5097 216 5147 Hand
230 5097 288 5147 rard
302 5097 378 5148 Dinte
394 5097 435 5148 des
452 5097 640 5162 Hauptkdrperr.
678 5097 802 5148 Gnidonis
820 5097 902 5158 dorin,
921 5097 989 5147 wohl
1001 5113 1049 5148 von
1067 5097 1110 5148 der
1127 5097 1202 5148 Deve
1220 5097 1265 5148 der
1284 5097 1453 5163 Unterschnfl,
1471 5095 1652 5162 mrigetragen.

232 5277 259 5344 a)
284 5275 332 5326 Vor
348 5291 379 5326 ea
396 5277 481 5325 Ranrr
568 5275 596 5343 b)
615 5275 692 5326 dovor
708 5277 794 5325 Rancr
810 5273 871 5326 eines
889 5273 1038 5326 et-Zeiclum
1126 5275 1151 5340 c)
1169 5275 1248 5327 doevor
1267 5277 1353 5326 Rarior
1442 5274 1470 5343 d)
1488 5275 1547 5326 iiber
1569 5275 1623 5326 dem
1640 5283 1716 5326 ersten
1733 5293 1749 5326 a

77 5347 156 5396 Rarur
227 5349 253 5413 e)
270 5363 316 5397 vor
333 5363 346 5397 c
364 5349 450 5397 Rarur
531 5347 555 5415 f)
573 5347 640 5398 wohl
654 5347 841 5413 professionem
924 5346 952 5413 g)
971 5352 981 5397 t
999 5349 1052 5414 arcs
1062 5350 1169 5414 Raso,
1229 5349 1258 5414 h)
1276 5349 1329 5414 aus
1341 5350 1427 5398 Rasur
1506 5348 1525 5415 i)
1545 5348 1582 5399 ius
1599 5349 1652 5414 auf
1663 5350 1751 5398 Ramr

77 5417 101 5485 k)
118 5433 166 5470 von
183 5425 225 5472 aut
242 5435 277 5470 arr
291 5420 413 5486 gedrtngr
429 5420 481 5487 arsf
493 5421 578 5470 Rasur
647 5421 668 5484 l)
686 5421 739 5486 aus
750 5421 836 5470 Ram
905 5421 942 5487 m)
962 5418 980 5470 S
998 5420 1050 5485 auf
1062 5421 1147 5471 Rasur
1217 5423 1244 5488 n)
1263 5419 1308 5470 das
1325 5437 1342 5472 o
1360 5419 1438 5470 durch
1455 5420 1591 5472 Korrectur
1611 5421 1749 5488 bergestclll.
