4126 6366
305 341 368 406 332

1052 503 1118 576 Nr.
1148 507 1236 576 373.

314 642 422 708 Urban
439 641 504 705 III
514 639 664 721 bestdtigt
677 636 750 701 dem
765 634 927 700 Konvente
941 656 1002 698 von
1014 634 1083 698 San
1104 635 1270 698 Tommaso
1280 631 1422 698 a'Ascoli
1434 635 1467 696 r'n
1479 633 1595 696 Piceno
1609 631 1664 695 die
1677 631 1916 696 Besr'tathrimer
1925 633 1991 696 und

954 723 1073 788 Rechte
1086 722 1193 789 serirer
1209 721 1340 787 Kirclre.

934 842 1019 903 1186
1033 839 1122 914 Jum'
1134 841 1190 903 24.
1231 837 1361 903 Verona.

466 960 618 1024 Urbanus
649 957 840 1040 episcopus,
873 976 985 1020 servus
1015 976 1185 1019 servorum
1216 957 1286 1030 dei,
1317 953 1445 1017 dilectis
1474 951 1546 1016 filiis
1574 953 1687 1030 Leoni,
1722 955 1823 1035 priori
1855 953 1990 1018 ecclesie

306 1052 408 1116 sancti
432 1051 571 1124 Thome,
595 1049 713 1128 quein
739 1048 870 1110 civitate
886 1045 1048 1109 Esculana
1070 1047 1132 1108 sita
1157 1055 1214 1120 est,
1239 1046 1372 1124 eiusque
1396 1043 1558 1118 fratribus,
1582 1051 1649 1106 tam
1667 1043 1874 1125 presentibus
1890 1063 1988 1124 quam

308 1143 431 1217 futuris,
448 1138 627 1222 regularem
644 1139 744 1200 vitam
762 1136 927 1217 professis,
943 1138 975 1198 in
992 1145 1199 1217 perpetuum.
1231 1132 1392 1214 Quotiens
1409 1153 1427 1194 a
1445 1132 1541 1195 nobis
1553 1132 1683 1215 petitur,
1698 1135 1789 1212 quod
1800 1132 1947 1215 religioni
1959 1143 1991 1196 et

307 1233 471 1294 honestati
495 1227 669 1292 convenire
693 1225 877 1299 dinoscitur,
901 1227 1010 1288 animo
1034 1245 1095 1287 nos
1119 1225 1216 1288 decet
1238 1223 1353 1288 libenti
1370 1221 1554 1285 concedere
1570 1229 1604 1284 et
1619 1225 1801 1303 petentium
1818 1223 1992 1286 desideriis

308 1340 487 1402 congruum
511 1317 698 1398 suffragium
723 1314 887 1396 impartiri.
934 1313 1132 1396 Eapropter,
1155 1313 1266 1376 dilecti
1290 1313 1321 1374 in
1352 1313 1489 1374 domino
1520 1309 1586 1388 filii,
1620 1312 1734 1374 vestris
1765 1312 1855 1374 iustis
1879 1321 1991 1394 postu-

307 1409 483 1473 lationibus
506 1407 685 1470 clementer
706 1403 877 1468 annuimus
900 1411 933 1465 et
956 1403 1116 1485 prefatam
1142 1402 1323 1476 ecclesiam,
1352 1403 1384 1463 in
1408 1421 1474 1482 qua
1497 1401 1610 1463 divino
1635 1401 1810 1482 mancipati
1832 1401 1908 1464 estis
1934 1402 1993 1465 ob

308 1500 432 1580 sequio,
449 1499 492 1560 ad
509 1493 679 1576 exemplar
695 1492 797 1555 felicis
821 1493 1056 1556 recordationis
1072 1493 1165 1556 Lucii
1182 1512 1271 1575 pape
1281 1489 1313 1576 ι),
1330 1489 1573 1573 predecessoris
1589 1491 1702 1564 nostri,
1718 1489 1780 1552 sub
1796 1490 1885 1553 beati
1904 1489 1992 1554 Petri

309 1600 342 1652 et
366 1596 478 1651 nostra
509 1586 715 1668 protectione
743 1584 940 1664 suscipimus
964 1590 998 1645 et
1020 1583 1181 1664 presentis
1205 1581 1315 1663 scripti
1339 1579 1509 1662 privilegio
1533 1580 1780 1642 communimus.
1827 1580 1991 1662 Imprimis

309 1679 468 1760 siquidem
486 1681 675 1748 statuentes,
699 1679 735 1734 ut
751 1671 834 1734 ordo
851 1673 1037 1747 canonicus,
1061 1674 1116 1751 qui
1132 1668 1311 1734 secundum
1329 1670 1428 1731 deum
1445 1676 1479 1731 et
1493 1668 1583 1731 beati
1599 1666 1776 1750 Augustini
1794 1669 1943 1751 regulam
1961 1673 1993 1733 in

309 1768 447 1830 ecclesia
463 1773 570 1828 vestra
585 1763 728 1826 noscitur
743 1763 917 1836 institutus,
940 1762 1108 1842 perpetuis
1125 1761 1249 1824 ibidem
1267 1757 1472 1840 temporibus
1489 1757 1689 1820 observetur.
1721 1757 1882 1831 Preterea‚
1898 1778 1995 1838 quas-

310 1874 451 1935 cumque
475 1853 709 1936 possessiones,
734 1869 943 1931 quecumque
965 1849 1055 1913 bona
1079 1849 1196 1913 eadem
1222 1847 1359 1911 ecclesia
1382 1847 1412 1909 in
1429 1847 1667 1929 presentiarum
1683 1849 1768 1910 iuste
1784 1855 1818 1910 et
1834 1851 1996 1912 canonice

309 1946 458 2028 possidet
473 1951 529 2006 aut
551 1943 582 2004 in
598 1942 741 2004 futurum
759 1941 972 2002 concessione
988 1938 1191 2021 pontificum,
1214 1936 1388 2018 largitione
1402 1955 1515 2018 regum
1531 1935 1585 1998 vel
1601 1937 1796 2019 principum,
1822 1936 1994 2000 oblatione

310 2035 456 2097 fidelium
475 2053 532 2094 seu
555 2031 626 2093 aliis
649 2032 741 2092 iustis
759 2029 875 2102 modis,
899 2035 1067 2110 prestante
1090 2029 1237 2101 domino,
1262 2026 1411 2108 poteritis
1427 2026 1574 2106 adipisci,
1590 2024 1684 2089 firma
1698 2027 1796 2089 vobis
1811 2028 1996 2108 vestrisque

311 2122 553 2187 successoribus
569 2129 603 2182 et
616 2119 742 2181 illibata
754 2125 976 2200 permaneant.
1003 2119 1039 2181 ln
1051 2117 1170 2197 quibus
1182 2116 1246 2179 hee
1261 2117 1403 2198 propriis
1416 2116 1569 2178 duximus
1581 2117 1799 2198 exprimenda
1810 2115 1994 2178 vocabulis:

310 2213 417 2276 locum
443 2215 560 2292 ipsum,
584 2211 617 2272 in
641 2227 709 2288 quo
732 2205 858 2288 prefata
882 2206 1022 2270 ecelesia
1045 2208 1106 2270 sita
1129 2216 1187 2283 est,
1211 2225 1286 2270 cum
1311 2204 1464 2268 omnibus
1488 2204 1691 2286 pertinentiis
1712 2206 1787 2280 suis,
1820 2205 1995 2268 ecclesiam

312 2311 423 2364 sancte
446 2300 548 2362 Lucic
580 2299 623 2360 de
653 2297 734 2359 silva
764 2295 874 2360 Corbe
904 2316 979 2359 cum
1010 2295 1162 2358 omnibus
1193 2294 1456 2377 possessionibus
1489 2301 1522 2356 et
1553 2294 1756 2376 pertinentiis
1787 2296 1862 2368 suis,
1895 2313 1995 2375 quam

312 2390 508 2453 venerabilis
531 2387 632 2451 frater
654 2396 765 2448 noster
787 2383 999 2469 Rai(naldus)‚
1031 2385 1212 2449 Esculanus
1244 2385 1422 2465 episcopus
1438 2381 1472 2468 ¹),
1505 2382 1651 2464 capitulo
1679 2385 1888 2457 assentiente,
1919 2403 1995 2447 con-

315 2483 421 2554 cessit,
444 2481 527 2540 sicut
549 2478 580 2539 in
605 2496 717 2539 eorum
743 2475 927 2537 auctentico
951 2476 1143 2538 continetur.
1189 2476 1242 2538 Ius
1266 2474 1374 2546 etiam,
1398 2473 1488 2554 quod
1505 2475 1537 2533 in
1554 2473 1700 2554 predicta
1716 2473 1856 2536 ecclesia
1873 2474 1996 2536 domini

314 2571 358 2632 de
382 2566 487 2631 Ofran
510 2575 544 2629 et
567 2567 610 2628 de
624 2563 713 2627 Villa
730 2561 893 2649 Maneri(?)
916 2563 1011 2627 vobis
1035 2572 1068 2628 et
1092 2563 1227 2627 ecclesie
1251 2570 1367 2636 vestre,
1390 2563 1550 2644 episcopo
1567 2563 1801 2637 consentiente,
1826 2563 1997 2636 dederunt,

315 2678 467 2740 campum
494 2656 583 2738 quod
607 2654 737 2717 habetis
760 2656 791 2716 in
817 2652 977 2727 Panicalo,
1002 2661 1036 2716 et
1058 2661 1179 2716 terram
1204 2673 1303 2735 quam
1327 2651 1421 2714 dedit
1442 2651 1539 2714 vobis
1562 2650 1703 2715 Iacobus
1727 2653 1770 2714 de
1793 2651 1943 2726 Miliano,
1966 2654 1996 2714 in

315 2745 420 2810 Sexto
444 2764 597 2826 campum
627 2745 669 2806 de
692 2741 851 2819 Panicale,
883 2761 993 2805 casam
1025 2751 1058 2804 et
1081 2744 1207 2806 vineam
1231 2761 1329 2821 quam
1363 2741 1456 2803 dedit
1487 2740 1583 2803 vobis
1605 2737 1789 2816 Sabaricus,
1821 2739 1996 2823 hospitale,

315 2837 405 2916 quod
421 2834 550 2898 habetis
566 2835 599 2896 in
612 2832 758 2908 Carrufo,
777 2851 849 2894 cum
868 2832 1129 2913 possessionibus
1145 2840 1179 2895 et
1194 2831 1396 2914 pertinentiis
1412 2830 1485 2892 suis.
1517 2826 1604 2892 Sane
1621 2830 1784 2892 novalium
1801 2839 1996 2904 vestrorum,

315 2945 379 3005 que
403 2924 544 3006 propriis
569 2922 719 2984 manibus
748 2929 804 2984 aut
834 2920 1018 3001 sumptibus
1048 2921 1161 2997 colitiS,
1191 2921 1259 2982 sive
1282 2921 1325 2982 de
1356 2920 1560 2982 nutrimentis
1592 2919 1781 2982 animalium
1811 2928 1994 2982 vestrorum

315 3013 419 3076 nullus
443 3033 463 3074 a
485 3012 578 3075 vobis
602 3012 748 3073 decimas
772 3017 970 3090 extorquere
993 3018 1170 3091 presumat.
1215 3009 1329 3072 Liceat
1357 3027 1492 3088 quoque
1515 3008 1618 3084 vobis,
1651 3009 1788 3072 clericos
1811 3008 1863 3072 vel
1887 3009 1994 3084 laicos,

315 3123 333 3166 e
357 3101 468 3165 seculo
492 3103 663 3183 fugientes,
686 3099 806 3161 liberos
831 3106 865 3161 et
886 3097 1065 3174 absolutos,
1090 3100 1132 3161 ad
1157 3099 1403 3162 conversionem
1429 3098 1574 3179 recipere
1597 3107 1630 3160 et
1651 3117 1709 3160 eos
1725 3099 1853 3178 absque
1869 3108 1994 3161 contra-

316 3194 461 3254 dictione
491 3191 600 3270 aliqua
630 3191 776 3251 retinere.
831 3186 913 3250 Cum
945 3196 1055 3252 autem
1086 3187 1239 3271 generale
1273 3187 1480 3250 interdictum
1513 3193 1598 3250 terre
1629 3187 1731 3262 fuerit,
1763 3187 1859 3250 liceat
1891 3188 1995 3264 vobis,

316 3281 432 3344 clausis
465 3280 576 3355 ianuis,
608 3278 750 3340 exclusis
783 3279 1075 3340 excommunicatis
1099 3286 1132 3340 et
1155 3278 1345 3350 interdictis,
1370 3297 1435 3340 non
1460 3276 1596 3358 pulsatis
1619 3277 1794 3359 campanis,
1819 3297 1996 3359 suppressa

315 3391 398 3434 voce
428 3370 538 3431 divina
570 3365 678 3429 officia
709 3365 883 3429 celebrare.
929 3366 1145 3430 Prohibemus
1175 3367 1325 3448 insuper,
1357 3373 1393 3428 ut
1424 3365 1503 3428 nulli
1534 3366 1668 3428 fratrum
1702 3375 1889 3429 vestrorum
1921 3376 1996 3450 post

315 3460 437 3522 factam
460 3461 492 3520 in
518 3456 636 3519 eodem
661 3455 736 3518 loco
761 3454 999 3537 professionem
1024 3457 1072 3518 fas
1096 3459 1147 3532 sit,
1180 3456 1306 3535 absque
1335 3455 1453 3538 prioris
1482 3456 1532 3517 sui
1558 3454 1686 3518 licentia
1709 3457 1751 3518 de
1775 3457 1906 3528 eodem,
1938 3457 1995 3519 nisi

316 3549 462 3612 arctioris
485 3545 651 3628 religionis
684 3545 832 3619 obtentu,
865 3544 1048 3623 discedere;
1080 3546 1304 3608 discedentem
1328 3564 1408 3607 vero
1431 3544 1557 3624 absque
1584 3544 1807 3608 communium
1830 3544 1993 3609 literarum

258 3707 263 3717 ,
316 3638 466 3701 cautione
483 3635 589 3698 nullus
604 3635 725 3696 audeat
742 3635 889 3696 retinere.
934 3633 1121 3698 Libertates
1137 3635 1233 3697 etiam
1259 3641 1292 3696 et
1315 3635 1546 3709 immunitates,
1569 3633 1841 3698 eidemecclesie
1864 3656 1885 3698 a
1909 3635 1995 3697 bone

317 3729 475 3790 memorie
498 3719 741 3808 Tras(mundo),
765 3721 928 3785 Esculano
952 3726 1113 3806 episcopo
1132 3722 1166 3809 ³),
1195 3722 1429 3786 rationabiliter
1453 3742 1625 3786 concessas
1649 3731 1683 3786 et
1705 3723 1862 3787 hactenus
1886 3724 1995 3787 obser·

316 3826 424 3892 vatas,
458 3823 543 3878 ratas
573 3812 733 3876 habemus
764 3821 798 3874 et
828 3811 943 3875 futuris
966 3813 1174 3894 temporibus
1204 3811 1347 3875 illibatas
1370 3831 1564 3894 permanere
1586 3814 1758 3877 sancimus.
1803 3812 1994 3876 inhibemus

317 3925 458 3986 quoque,
490 3925 530 3967 ne
553 3902 625 3983 quis
648 3903 680 3964 in
703 3921 762 3964 vos
786 3901 838 3963 vei
863 3900 1035 3965 ecclesiam
1059 3911 1201 3966 vestram
1225 3902 1294 3964 sine
1325 3899 1497 3964 manifesta
1529 3909 1562 3964 et
1594 3920 1693 3965 causa
1722 3902 1911 3966 rationabili
1941 3923 1996 3966 ex·

317 3995 622 4057 communicationis
644 3990 697 4054 vel
729 3990 892 4054 interdicti
921 3991 1115 4054 sententiam
1149 3989 1358 4073 promulgare
1387 3999 1563 4072 presumat.
1609 3990 1736 4055 Crisma
1766 4011 1854 4067 vero,
1887 3991 1994 4054 oleum

316 4092 474 4158 sanctum,
504 4082 767 4145 consecrationes
797 4079 945 4142 altarium
976 4099 1032 4143 seu
1064 4080 1280 4156 basilicarum,
1311 4080 1533 4143 ordinationes
1561 4079 1754 4144 clericorum
1776 4099 1795 4142 a
1819 4081 1995 4144 diocesano

318 4172 483 4235 catholico
506 4170 688 4253 suscipiatis
712 4171 882 4252 episcopo,
913 4188 976 4249 que
998 4169 1095 4232 vobis
1118 4169 1217 4252 gratis
1246 4178 1280 4232 et
1307 4169 1435 4252 absque
1466 4169 1574 4250 aliqua
1605 4172 1767 4253 pravitate
1798 4171 1995 4254 precipimus

317 4261 475 4326 exhiberi.
523 4259 677 4322 Obeunte
699 4279 779 4321 vero
803 4268 846 4335 te,
868 4278 954 4321 nunc
977 4258 1123 4321 eiusdem
1148 4259 1212 4322 loci
1236 4259 1353 4341 priore,
1377 4258 1428 4322 vel
1448 4267 1578 4322 tuorum
1595 4259 1745 4341 quolibet
1760 4279 1994 4335 successorum,

317 4350 424 4414 nullus
448 4350 492 4413 ibi
511 4349 656 4431 qualibet
670 4347 891 4428 subreptionis
915 4350 1035 4411 astutia
1050 4369 1108 4412 seu
1125 4349 1279 4412 violentia
1294 4356 1505 4431 preponatur,
1528 4349 1587 4412 nisi
1604 4368 1703 4430 quem
1719 4349 1836 4412 fratres
1852 4351 1993 4412 omnium

318 4460 477 4504 consensu
511 4437 563 4500 vel
595 4437 729 4499 fratrum
763 4457 840 4519 pars
864 4436 991 4500 consilii
1013 4439 1150 4501 sanioris
1180 4438 1360 4500 secundum
1391 4439 1445 4502 dei
1475 4440 1627 4501 timorem
1661 4446 1695 4500 et
1715 4438 1804 4502 beati
1827 4438 1993 4521 Augustini

317 4530 464 4612 regulam
489 4528 691 4610 providerint
714 4525 909 4608 eligendum.
956 4524 1166 4609 Sepulturam
1190 4546 1324 4607 quoque
1347 4529 1449 4608 ipsius
1466 4526 1530 4591 loci
1545 4527 1680 4591 liberam
1698 4547 1770 4591 esse
1785 4529 1992 4600 decernimus,

317 4629 353 4683 ut
376 4638 488 4682 eorum
514 4615 679 4679 devotioni
702 4623 735 4676 et
759 4624 907 4678 extreme
931 4615 1098 4690 voluntati,
1129 4616 1183 4698 qui
1207 4635 1243 4679 se
1273 4617 1339 4679 illic
1369 4616 1501 4699 sepeliri
1534 4616 1795 4690 deliberaverint,
1828 4618 1886 4680 nisi
1914 4618 1991 4680 forte

318 4707 594 4772 excommunicati
610 4702 662 4768 vel
685 4705 850 4767 interdicti
874 4705 945 4779 sint,
970 4705 1077 4768 nullus
1092 4706 1241 4782 obsistat,
1264 4705 1352 4769 salva
1370 4713 1478 4769 tamen
1496 4707 1621 4770 iusticia
1635 4707 1762 4770 illarum
1779 4707 1990 4777 ecclesiarum,

318 4797 480 4879 aquibus
506 4802 708 4858 mortuorum
734 4814 874 4876 corpora
897 4807 1113 4858 assumuntur.
1159 4795 1373 4858 Decemimus
1398 4815 1486 4877 ergo,
1510 4803 1546 4857 ut
1568 4795 1646 4859 nulli
1670 4797 1804 4860 omnino
1831 4795 1988 4860 hominum

317 4887 430 4959 liceat,
463 4883 623 4968 prefatam
655 4882 827 4946 ecclesiam
861 4931 867 4944 .
899 4931 905 4944 .
938 4930 945 4945 .
978 4885 1088 4947 usibus
1119 4886 1321 4948 omnimodis
1352 4885 1538 4966 profutura,
1576 4885 1665 4949 salva
1695 4887 1784 4948 sedis
1815 4884 1988 4968 apostolice

317 4978 513 5039 auctoritate
529 4981 563 5036 et
579 4973 743 5036 diocesani
760 4974 907 5055 episcopi
924 4974 1080 5036 canonica
1099 4975 1233 5038 iusticia.
1280 4971 1314 5036 Si
1337 4994 1402 5056 qua
1425 4975 1524 5056 igitur
1546 5021 1553 5034 .
1580 5024 1586 5038 .
1610 5023 1618 5037 .
1642 4974 1776 5039 Cunctis
1792 4985 1905 5040 autem
1926 5023 1934 5035 .
1954 5019 1961 5033 ·
1982 5021 1987 5032 -

318 5067 491 5129 inveniant.
539 5061 658 5125 Amen.
683 5058 801 5124 Amen.
825 5060 946 5125 Amen.

531 5151 586 5234 (R)
610 5153 683 5233 Ego
707 5149 860 5214 Urbanus
884 5153 1045 5215 catholice
1069 5152 1206 5216 ecclesie
1230 5154 1405 5235 episcopus
1428 5174 1469 5216 ss.
1494 5153 1557 5232 (M)

531 5242 552 5319 †
575 5239 649 5322 Ego
674 5237 834 5302 Henricus
857 5239 1057 5305 Albanensis
1081 5241 1256 5324 episcopus
1279 5262 1321 5304 ss.

531 5329 552 5411 †
576 5329 649 5412 Ego
672 5327 789 5390 Paulus
812 5329 1019 5393 Prenestinus
1043 5333 1219 5413 episcopus
1241 5351 1284 5393 ss.

532 5421 553 5499 †
576 5420 649 5500 Ego
673 5415 834 5481 lohannes
858 5421 1021 5501 presbiter
1044 5420 1216 5484 cardinalis
1240 5421 1287 5484 tit
1311 5421 1415 5482 sancti
1439 5420 1540 5483 Marci
1565 5439 1607 5482 ss.

533 5506 554 5591 †
577 5507 650 5590 Ego
674 5505 788 5570 Petrus
812 5509 855 5571 de
878 5509 972 5573 Bona
996 5510 1160 5593 presbiter
1182 5509 1354 5574 cardinalis
1377 5509 1423 5572 tit.
1447 5516 1561 5573 sancte
1586 5506 1735 5573 Susanne
1758 5529 1800 5574 ss.

321 5622 745 5630 ---——--.-—-——

483 5665 507 5730 1)
530 5664 647 5715 Urkunde
665 5664 733 5715 reicit
758 5665 872 5716 ertalrm.
965 5668 991 5734 2)
1011 5667 1160 5728 Ratiraldl,
1185 5666 1291 5732 Bisclros
1311 5683 1361 5718 von
1386 5665 1473 5727 Ascolr',
1503 5667 1681 5716 uss-1198.
1772 5671 1801 5732 3)
1824 5666 1986 5722 nmmo,

320 5737 424 5802 Bisclrrs
437 5753 485 5787 von
504 5737 590 5796 Asrolr',
610 5753 629 5786 c.
650 5738 827 5788 1177-1179.
