4126 6356
1683 309 1739 373 181

71 487 269 554 clericorum
293 497 484 567 vestrorum,
508 495 563 572 qui
587 493 628 555 ad
652 513 764 556 sacros
787 495 918 559 ordines
942 495 1063 559 fuerint
1084 495 1308 578 promovendi,
1333 496 1546 559 adiocesano
1562 496 1743 578 suscipietis

70 580 246 662 episcopo,
274 581 435 661 siquidem
467 581 644 646 catholicus
675 583 771 645 suerit
800 593 833 646 et
856 585 990 666 gratiam
1021 593 1119 664 atque
1150 587 1414 649 communionem
1444 585 1625 671 apostolice
1655 587 1744 650 sedis

69 667 233 742 habuerit,
258 677 291 731 et
306 689 346 732 ea
369 671 467 750 gratis
491 678 524 734 et
547 672 673 752 absque
696 674 857 754 pravitate
879 675 974 738 vobis
996 674 1136 737 voluerit
1159 675 1332 752 exhibere3
1356 673 1498 753 alioquin
1521 673 1618 737 liceat
1640 675 1743 751 vobis,

70 777 171 840 quem
199 757 384 832 malueritis,
399 760 488 823 adire
511 762 696 834 antistitem,
720 762 782 840 qui,
800 770 911 825 nostra
926 763 1025 826 fultus
1040 765 1239 837 auctoritate,
1256 763 1345 843 quod
1363 763 1552 846 postulatur,
1568 764 1744 847 indulgeat.

71 843 230 910 Obeunte
253 868 338 909 nunc
362 848 508 912 eiusdem
532 848 594 913 loci
617 850 739 913 abbate
761 851 814 914 vel
837 860 966 915 tuorum
992 853 1140 934 quolibet
1159 873 1393 928 successorum,
1416 851 1522 914 nullus
1538 853 1584 920 ibi
1598 853 1745 933 qualibet

68 937 287 1018 surreptionis
314 937 431 1000 astutia
460 959 516 1002 seu
540 937 696 1002 violentia
727 949 937 1023 preponatur,
970 943 1029 1003 nisi
1054 961 1150 1023 quem
1175 943 1290 1004 fratres
1314 943 1477 1004 communi
1509 961 1670 1005 consensu
1693 943 1745 1006 vel

69 1023 208 1088 fratrum
233 1045 308 1106 pars
332 1027 458 1089 consilii
483 1027 616 1090 sanioris
639 1028 691 1091 vel
714 1029 756 1092 de
779 1049 839 1092 suo
862 1030 914 1093 vel
938 1031 980 1093 de
1002 1031 1117 1105 alieno,
1140 1032 1167 1094 si
1184 1031 1372 1112 oportuerit,
1396 1029 1535 1112 collegio
1563 1033 1743 1095 secundum

69 1114 124 1177 dei
149 1116 305 1179 timorem
330 1123 363 1176 et
385 1114 473 1178 beati
489 1117 657 1179 Benedicti
673 1117 819 1200 regulam
836 1119 1036 1201 providerint
1053 1119 1248 1200 eligendum.
1288 1116 1453 1199 Quicquid
1470 1121 1568 1183 etiam
1585 1121 1744 1184 libertatis

69 1222 127 1265 seu
145 1205 318 1287 dignitatis
333 1225 352 1266 a
368 1205 658 1287 predecessoribus
675 1209 792 1270 nostris
809 1209 998 1290 supradicto
1015 1210 1212 1271 monasterio
1228 1228 1288 1289 per
1303 1209 1488 1271 authentica
1504 1209 1743 1294 privilegiorum

69 1293 199 1375 scripta
222 1313 414 1358 concessum
437 1301 495 1368 est,
523 1315 583 1358 nos
606 1314 739 1375 quoque
762 1300 921 1379 presentis
945 1297 1103 1379 privilegii
1126 1300 1319 1360 auctoritate
1347 1298 1556 1360 concedimus
1583 1309 1617 1362 et
1639 1308 1744 1362 ratum

69 1381 189 1448 haberi
221 1402 281 1466 per
308 1390 458 1465 tempora
489 1384 595 1447 sutura
627 1405 807 1449 censemus.
863 1387 1076 1455 Deceruimus
1110 1406 1205 1467 ergo,
1238 1395 1273 1448 ut
1304 1385 1378 1447 nulli
1409 1388 1542 1449 omnino
1574 1387 1744 1451 hominum

69 1470 180 1549 liceat,
203 1474 291 1537 idem
316 1475 545 1536 monasterium
570 1481 695 1537 temere
718 1522 724 1536 .
749 1522 756 1537 .
779 1523 785 1536 .
809 1476 922 1538 usibus
939 1475 1132 1538 omnimodis
1152 1474 1329 1556 profutura,
1354 1473 1443 1536 salva
1459 1476 1546 1537 sedis
1562 1476 1744 1562 apostolice

69 1566 283 1628 auctoritate.
328 1558 363 1624 Si
387 1582 452 1642 qua
475 1563 572 1644 igitur
595 1610 602 1625 .
628 1613 634 1625 .
659 1611 666 1624 .
690 1562 823 1627 Cunctis
847 1573 956 1628 autem
980 1611 987 1626 .
1012 1611 1018 1626 .
1042 1613 1048 1625 .
1072 1564 1244 1627 inveniant.
1289 1563 1407 1626 Amen.
1432 1561 1552 1627 Amen.

334 1650 408 1732 Ego
430 1649 595 1714 Adrianus
619 1651 778 1740 catholice
801 1653 937 1739 ecclesie
961 1655 1137 1736 episcopus
1160 1673 1201 1716 ss.

290 1735 310 1821 †
335 1739 406 1821 Ego
431 1740 610 1822 Gregorius
634 1739 822 1805 Sabiuensis
846 1743 1020 1826 episcopus
1042 1762 1084 1804 ss.

290 1824 310 1910 †
334 1827 407 1910 Ego
430 1827 527 1892 lulius
550 1829 713 1911 presbiter
735 1831 908 1894 cardinalis
931 1833 979 1894 tit.
1002 1831 1103 1894 sancti
1127 1827 1271 1893 Marcelli
1295 1850 1336 1891 ss.

290 1913 310 1999 †
333 1917 406 2000 Ego
429 1917 578 1982 Ubaldus
600 1919 763 2000 presbiter
786 1919 958 1984 cardinalis
980 1921 1026 1984 tit.
1049 1921 1152 1983 sancti
1177 1918 1354 1982 Clementis
1376 1940 1418 1983 ss.

290 2004 310 2089 †
334 2007 408 2090 Ego
430 2008 614 2071 Bernardus
638 2009 798 2090 presbiter
820 2009 992 2073 cardinalis
1015 2011 1062 2072 tit.
1086 2016 1198 2072 sancte
1222 2008 1333 2072 Crucis
1355 2009 1386 2071 in
1409 2007 1583 2072 Ierusalem
1607 2029 1648 2071 ss.

290 2093 310 2176 †
333 2095 407 2178 Ego
432 2093 630 2160 Octavianus
653 2099 815 2179 presbiter
838 2099 1009 2162 cardinalis
1032 2101 1080 2161 tit.
1105 2106 1216 2183 sancte
1240 2096 1359 2184 Cecilie
1383 2118 1424 2160 ss.

290 2182 310 2268 †
334 2184 407 2266 Ego
429 2184 588 2249 Astaldus
612 2187 776 2268 presbiter
798 2188 970 2251 cardinalis
993 2188 1040 2252 tit.
1064 2195 1174 2272 sancte
1199 2185 1306 2265 Prisce
1330 2207 1371 2249 ss.

290 2272 407 2355 †Ego
431 2273 586 2338 Girardus
617 2276 779 2358 presbiter
805 2278 976 2340 cardinalis
1006 2277 1054 2338 tit.
1078 2277 1182 2339 sancti
1206 2273 1365 2357 Stephani
1396 2276 1429 2338 in
1453 2274 1546 2338 Celio
1570 2283 1681 2337 monte
1705 2295 1746 2338 ss.

289 2364 309 2445 †
332 2361 406 2445 Ego
417 2361 578 2427 Iohannes
594 2365 757 2446 presbiter
772 2367 944 2430 cardinalis
960 2373 1146 2429 sanctorum
1159 2364 1308 2428 Iohannis
1321 2372 1354 2426 et
1366 2363 1455 2428 Pauli
1467 2366 1515 2428 tit.
1527 2362 1692 2426 Pamachii
1704 2385 1746 2425 ss.

291 2449 312 2535 †
335 2451 408 2534 Ego
432 2453 570 2516 loannes
593 2453 754 2536 presbiter
776 2455 948 2518 cardinalis
972 2457 1019 2517 tit.
1042 2451 1253 2538 (sanctorum)
1276 2451 1423 2517 Silvestri
1446 2461 1480 2517 et
1502 2454 1634 2515 Martini
1657 2473 1700 2517 ss.

333 2539 405 2623 Ego
427 2540 643 2606 ildebrandus
666 2545 830 2625 presbiter
852 2543 1020 2608 cardinalis
1044 2543 1177 2607 basilice
1199 2557 1250 2606 1111
1272 2543 1511 2624 Apostolorum
1535 2561 1576 2604 ss.

289 2631 310 2712 †
332 2629 406 2712 Ego
431 2626 532 2693 Oddo
556 2632 710 2695 diaconus
734 2633 905 2696 cardinalis
927 2633 1029 2696 sancti
1053 2631 1184 2714 Georgii
1208 2632 1249 2695 ad
1273 2631 1392 2694 Velum
1417 2652 1549 2694 aureum
1573 2651 1614 2692 ss.

291 2717 311 2800 †
333 2719 407 2801 Ego
429 2719 631 2804 Raidulphus
654 2722 812 2785 diaconus
836 2722 1007 2785 cardinalis
1031 2729 1142 2807 sancte
1164 2721 1263 2806 Lucie
1286 2722 1318 2782 in
1342 2717 1444 2803 Septa
1466 2719 1544 2784 solis
1567 2739 1607 2781 ss.

289 2810 309 2891 †
331 2807 404 2890 Ego
428 2806 536 2871 Guido
560 2812 716 2874 diaconus
740 2811 912 2874 cardinalis
935 2819 1046 2898 sancte
1072 2810 1174 2895 Marie
1198 2811 1230 2872 in
1253 2811 1383 2872 Porticu
1406 2829 1448 2872 ss.

290 2894 310 2980 †
333 2896 406 2978 Ego
428 2899 593 2962 Bonadies
616 2901 775 2964 diaconus
799 2899 969 2964 cardinalis
993 2900 1094 2963 sancti
1118 2899 1237 2981 Augeli
1260 2919 1301 2961 ss.

288 2988 309 3069 †
331 2986 404 3069 Ego
427 2988 517 3050 Boso
540 2989 697 3052 diaconus
720 2990 890 3053 cardinalis
913 2998 1100 3054 sanctorum
1125 2987 1245 3052 Cosme
1269 2996 1302 3050 et
1324 2987 1471 3050 Damiaui
1495 3007 1536 3049 ss.

235 3073 310 3138 Dat
327 3075 487 3152 Laterani,
511 3097 570 3159 per
593 3099 724 3141 manum
746 3077 897 3154 Rolandi,
920 3087 1031 3142 sancte
1051 3078 1199 3141 Romane
1223 3077 1358 3162 ecclesie
1382 3077 1553 3159 presbiteri
1577 3072 1745 3136 cardinalis

4 3207 5 3222 .
68 3171 105 3226 et
120 3161 312 3227 cancellarii.
343 3163 551 3229 xKal.lunii.
582 3167 809 3231 Indictionev.
839 3167 1070 3232 Incamationis
1085 3165 1249 3230 dominice
1273 3187 1358 3229 anno
1375 3177 1506 3230 MCLvn.
1536 3162 1746 3227 Pontificatus

4 3293 5 3296 =
67 3273 152 3316 vero
176 3253 289 3316 domni
312 3253 448 3317 Adriani
473 3275 559 3340 pape
583 3269 634 3318 1111
657 3278 744 3321 anno
767 3260 874 3321 terti0.

233 3367 359 3431 Absrhn'st
375 3369 415 3418 des
437 3369 492 3422 eod.
517 3371 568 3420 Vnt.
588 3373 665 3429 7949,
684 3388 725 3420 am
743 3372 814 3421 Ende
831 3372 872 3421 des
888 3379 962 3422 ersten
979 3371 1088 3430 Dn'ltels,
1106 3371 1133 3419 in
1150 3371 1194 3420 der
1209 3369 1272 3420 Bibl.
1298 3369 1415 3418 Vaticana
1432 3385 1462 3417 au
1480 3369 1550 3416 ll'om.

817 3656 883 3730 Nr.
912 3659 997 3730 171.

4 3849 5 3852 ,
67 3799 230 3866 Hadrian
247 3802 271 3865 J
276 3799 304 3862 V
323 3803 472 3886 bestdtigt
493 3803 566 3867 dem
583 3804 798 3886 Erabiscltofe
811 3805 951 3959 {sillone
974 3826 1034 3978 ven
1050 3804 1134 3868 Pisa
1149 3805 1236 3868 seine
1251 3801 1491 3885 Metropolitan·
1507 3802 1576 3865 und
1588 3804 1749 3884 sonsttgen

836 3916 923 3959 orrec
947 3903 977 3958 te
1024 3943 1031 3956 .

700 4031 786 4092 1157
800 4028 877 4092 Mai
890 4030 941 4091 31.
974 4027 1123 4090 Lateran.

238 4157 403 4223 Adrianus
427 4163 612 4246 episcopus,
635 4183 746 4226 servus
768 4183 936 4228 servorum
960 4162 1022 4236 dei,
1045 4159 1219 4224 venerabili
1234 4160 1320 4223 fratri
1335 4158 1478 4235 Villano,
1501 4156 1748 4240 archiepiscopo

71 4246 206 4320 Pisano,
231 4249 364 4327 eiusque
386 4252 629 4316 successoribus
653 4254 809 4316 canonice
838 4249 1088 4325 substituendis,
1112 4264 1149 4312 ΙΝ
1172 4261 1249 4312 ΡΡΜ.
1273 4285 1315 4295 -
1336 4251 1341 4330 l
1361 4249 1455 4310 Tunc
1477 4245 1656 4330 apostolice
1678 4247 1748 4310 sedi

71 4344 110 4398 et
131 4335 294 4399 Romanis
317 4338 525 4418 pontificibus
548 4343 654 4405 honor
675 4343 799 4423 integre
822 4348 1041 4414 conservatur,
1073 4339 1099 4400 si
1123 4340 1296 4420 unicuique
1318 4336 1455 4423 ecclesie
1478 4357 1538 4399 sua
1559 4336 1701 4418 dignitas
1721 4335 1750 4420 a)

71 4425 271 4488 custoditur.
301 4425 451 4490 Romane
473 4431 637 4510 siquidem
660 4431 798 4516 ecclesie
818 4426 823 4512 Ι
845 4437 1000 4493 consueta
1031 4428 1212 4511 benignitas
1235 4435 1268 4490 et
1300 4428 1446 4514 discreta
1462 4424 1634 4500 humilitas
1665 4443 1748 4505 quos

72 4515 220 4577 devotos
243 4522 277 4578 et
300 4524 486 4580 mansuetos
509 4518 591 4582 filios
614 4521 770 4603 repperit,
799 4520 882 4583 alios
913 4517 1126 4600 dignitatibus
1159 4525 1192 4579 et
1215 4515 1396 4580 honoribus
1426 4515 1487 4578 sibi
1511 4513 1647 4596 amphus
1670 4513 1749 4577 lacit

73 4602 255 4680 obnoxios,
279 4603 359 4668 alios
383 4603 607 4671 familiaritatis
631 4616 664 4672 et
686 4608 870 4672 dilectionis
893 4607 1101 4690 prerogativa
1122 4605 1286 4669 sublimat.
1331 4604 1462 4687 Equum
1486 4605 1572 4667 enim
1596 4610 1630 4666 et
1651 4605 1749 4666 ratio·

75 4693 187 4756 nabile
211 4701 269 4767 est,
292 4701 336 4770 ut,
361 4713 499 4774 quorum
523 4697 679 4760 beneficia
703 4705 736 4760 et
759 4698 916 4777 obsequia
939 4715 975 4758 se
998 4694 1112 4759 recolit
1135 4696 1326 4776 suscepisse,
1359 4714 1470 4756 eorum
1496 4692 1660 4756 devotioni
1684 4712 1749 4755 non

74 4804 231 4849 mensura
261 4785 330 4865 pari
365 4803 426 4846 nec
455 4789 638 4864 quantitate
668 4787 790 4868 equali,
831 4787 890 4849 sed
928 4805 970 4849 ex
999 4783 1216 4847 habundantis
1248 4785 1350 4865 gratie
1377 4781 1604 4846 benevolentia
1633 4780 1748 4844 libenti

73 4876 187 4938 arrimo
215 4873 344 4936 studeat
371 4875 579 4957 respondere.
625 4876 841 4939 Predecessor
867 4877 1026 4955 siquidem
1062 4880 1182 4948 noster,
1209 4873 1309 4935 felicis
1326 4871 1480 4935 memorie
1496 4892 1583 4954 papa
1599 4868 1629 4955 b)
1644 4869 1748 4932 111110-

75 4961 271 5050 cErt'lws'),
286 4962 330 5025 de
345 4962 506 5027 discordia
519 4973 552 5028 et
562 4984 687 5046 guerra,
703 4984 766 5044 que
782 4966 865 5028 inter
879 4964 1054 5051 Pisa(na)m
1079 4972 1112 5026 et
1126 4963 1318 5026 lanuensem
1335 4962 1482 5024 civitates
1497 4963 1614 5036 extitit,
1632 4958 1749 5022 multas

74 5053 250 5118 hominum
273 5051 381 5115 clades
405 5061 439 5116 et
461 5052 707 5117 christianorum
732 5053 937 5136 captivitates
961 5056 1145 5117 innumeras
1169 5053 1358 5134 provenisse
1385 5050 1605 5124 considerans,
1635 5051 1748 5112 utrius·

76 5163 145 5226 que
167 5145 270 5226 partis
292 5141 394 5215 saluti,
417 5149 485 5204 tam
508 5142 733 5225 temporaliter
755 5156 853 5224 quam
877 5143 1094 5226 spiritualiter,
1126 5148 1261 5224 paterna
1283 5139 1497 5203 sollicitudine
1528 5141 1655 5203 studuit
1674 5159 1748 5220 pro·

75 5234 193 5298 videre
216 5241 316 5311 atque
338 5251 400 5312 pro
421 5231 511 5294 bono
535 5235 625 5314 pacis
652 5240 685 5296 et
715 5234 1020 5314 recompensatione
1051 5233 1309 5315 episcopatuum,
1342 5247 1426 5309 quos
1457 5231 1569 5309 utique
1590 5249 1610 5292 a
1632 5228 1748 5312 prede·

77 5320 267 5386 cessoribus
290 5322 418 5394 nostris,
441 5320 600 5384 Romanis
623 5319 844 5404 pontificibus,
866 5321 1005 5406 ecclesie
1033 5322 1149 5384 Pisane
1172 5339 1348 5382 concessos
1368 5321 1397 5401 c)
1427 5319 1459 5380 in
1481 5318 1585 5382 insula
1607 5318 1748 5392 Corsice,

76 5433 98 5476 a
120 5411 358 5494 predecessore
381 5418 448 5484 tuo,
472 5409 558 5473 bone
582 5410 739 5474 memorie
763 5409 860 5473 lratre
884 5417 996 5473 nostro
1019 5410 1269 5492 archiepiscopo
1292 5407 1442 5472 Huberto
1461 5405 1490 5492 d)
1506 5405 1541 5493 ⁸),
1566 5408 1695 5490 accepit
1717 5406 1749 5468 in

240 5569 336 5636 ι)1111ι
353 5571 405 5636 aras
417 5573 502 5620 Rasur
571 5569 598 5633 b)
617 5584 683 5634 pape
755 5571 779 5632 c)
799 5583 934 5619 concessas
1005 5570 1033 5635 d)
1052 5569 1069 5618 h
1087 5569 1168 5617 aresR
1186 5567 1307 5634 korrigirt.
1325 5607 1377 5614 ...-
1396 5569 1432 5632 .1)
1457 5569 1534 5634 Vergl.
1557 5565 1594 5616 die
1615 5565 1677 5617 Urk.
1694 5582 1748 5615 vom

78 5645 112 5694 29
127 5641 184 5692 Mai
195 5644 266 5692 1146
282 5642 338 5690 und
356 5643 384 5691 0.
400 5642 506 5708 Lunger,
526 5641 650 5691 Politr'schc
671 5639 805 5690 Gesrlichte
825 5641 899 5690 Plias
914 5641 971 5691 und
990 5643 1088 5692 omuas
1106 5641 1131 5691 S.
1151 5641 1193 5702 77,
1213 5641 1256 5691 18.
1329 5641 1355 5709 2)
1378 5640 1438 5691 Urk.
1457 5642 1563 5690 11111111
1584 5639 1658 5703 April
1673 5639 1749 5692 1138.

79 5719 108 5782 3)
125 5713 235 5775 Hu'bm,
255 5713 400 5780 Enbisclos
411 5729 459 5764 von
479 5712 548 5774 Pisa,
570 5713 752 5763 1131-1137.
