4142 6366
341 337 406 407 216

1079 529 1148 632 Nn..
1172 533 1260 605 209.

339 659 525 725 Alexander
531 659 595 723 III
604 658 744 722 schreibt
757 659 818 722 den
835 659 999 724 Priestern
1014 682 1074 724 von
1090 659 1157 724 San
1181 637 1346 726 Tommaso
1359 661 1398 724 di
1412 660 1563 742 Bologna,
1586 660 1689 725 santa
1706 662 1822 725 Maria
1839 661 1873 724 in
1889 659 2007 724 Gardn

338 751 407 814 und
419 749 487 812 San
505 748 668 812 Ginvannr'
681 748 720 811 di
734 749 888 828 Fontana,
903 748 964 812 der
979 749 1100 813 Kirclze
1115 771 1176 813 von
1192 751 1358 814 Medicina
1374 750 1433 830 (D.
1450 751 1608 834 Bologna)
1617 751 1798 833 gehersam
1822 772 1863 814 nu
1878 751 1951 813 sein
1970 751 2007 832 ¹).

849 868 1060 928 1167-1169
1074 864 1250 929 December
1266 868 1292 927 7.
1325 865 1490 928 Benevent.

497 981 686 1044 Alexander
709 983 894 1064 episcopus,
918 1001 1028 1044 servus
1051 1001 1217 1044 servorum
1241 981 1302 1054 dei,
1326 982 1451 1045 dilectis
1474 981 1553 1058 filiis,
1580 980 1721 1045 Guidoni
1737 989 1847 1045 sancte
1863 979 2007 1055 Thome,

339 1063 480 1154 P(etro?)
504 1067 537 1132 S.
561 1069 664 1132 Marie
692 1070 722 1132 in
747 1068 855 1134 Garda
886 1078 919 1133 et
949 1071 986 1132 R.
1017 1072 1119 1133 sancti
1142 1069 1270 1133 Ioannis
1301 1073 1333 1132 in
1358 1070 1507 1133 Fontana
1538 1071 1773 1146 sacerdotibus,
1806 1070 2008 1132 salutemet

339 1158 554 1239 apostolicam
579 1159 849 1222 benedictionem.
895 1159 1039 1240 Dignum
1064 1168 1114 1221 est
1136 1167 1169 1221 et
1197 1169 1449 1222 consentaneum
1479 1160 1601 1234 rationi,
1636 1168 1672 1222 ut
1702 1160 1840 1223 subiecti
1870 1159 2007 1242 prelatis

339 1247 404 1308 suis
435 1247 653 1310 obedientiam
684 1257 718 1310 et
756 1251 970 1311 reverentiam
1002 1247 1178 1311 exhibeant
1215 1255 1248 1310 ct
1278 1248 1424 1312 debitam
1457 1252 1503 1312 eis
1533 1249 1767 1312 subiectionem
1798 1249 2007 1330 impendant

338 1334 419 1398 lnde
443 1343 500 1412 est,
532 1337 621 1418 quod
646 1357 704 1418 per
726 1335 906 1419 apostolica
928 1337 1021 1400 vobis
1044 1339 1163 1419 scripta
1186 1338 1400 1420 precipiendo
1424 1339 1624 1413 mandamus
1654 1346 1812 1417 quatenus
1845 1338 1939 1420 plebi
1964 1338 2007 1398 de

340 1425 503 1487 Medicina
521 1423 545 1509 ¹)
568 1432 736 1504 tamquam
759 1427 853 1488 matri
878 1426 1014 1488 ecclesie
1037 1434 1071 1490 et
1093 1426 1235 1508 plebano
1259 1427 1404 1488 eiusdem
1425 1425 1498 1502 loci,
1520 1430 1605 1489 sicut
1628 1426 1754 1508 prelato
1769 1435 1891 1502 vestro,
1913 1426 2007 1488 salva

338 1515 500 1576 sententia
522 1513 608 1576 bone
624 1517 782 1576 memorie
797 1515 887 1577 Lucii
904 1535 1000 1597 pape,
1023 1515 1264 1596 predecessoris
1287 1517 1397 1592 nostri,
1421 1519 1448 1578 si
1465 1517 1585 1578 exinde
1601 1536 1710 1579 coram
1726 1536 1766 1578 eo
1783 1517 2008 1596 disceptatum

339 1601 398 1663 fuit
421 1612 453 1665 et
476 1603 660 1680 iudicatum,
690 1603 851 1665 humiliter
873 1604 1009 1667 obedire
1032 1606 1150 1667 curetis
1174 1611 1207 1666 et
1236 1604 1382 1667 debitam
1414 1607 1443 1668 ei
1467 1607 1499 1668 in
1522 1605 1674 1668 omnibus
1707 1605 1921 1668 reverentiam
1949 1605 2008 1666 de·

338 1692 483 1772 pendere
507 1691 687 1754 nullatenus
711 1694 873 1768 recusetis,
897 1695 942 1754 ita
966 1693 1055 1774 quod
1079 1693 1121 1754 de
1145 1693 1333 1755 obedientia
1357 1701 1389 1755 et
1412 1692 1591 1757 humilitate
1607 1695 1739 1775 possitis
1756 1715 1822 1756 non
1838 1693 2006 1757 immerito

340 1780 570 1843 commendari.
595 1816 638 1825 -
661 1781 736 1843 Dat.
760 1780 1120 1855 Beneventi‚vl11dus
1144 1781 1344 1845 Decembris.

498 1895 609 1960 Jie'ngerc
626 1895 751 1960 Abschn'st
767 1895 807 1944 des
828 1895 894 1949 Cart.
913 1896 954 1945 del
971 1895 1074 1960 Capitale
1092 1895 1120 1944 di
1135 1896 1187 1946 San
1207 1896 1288 1946 Pietro
1302 1903 1326 1960 p.
1347 1898 1388 1955 51,
1407 1895 1440 1944 im
1458 1894 1570 1945 Arctiun
1587 1895 1614 1944 di
1629 1895 1697 1944 State
1713 1912 1744 1944 su
1761 1897 1881 1962 Bologna.

1075 2180 1141 2254 Nr.
1170 2183 1257 2256 210.

336 2311 520 2376 Alexander
534 2310 599 2375 III
621 2310 855 2394 bestc'ttigtdem
872 2309 1002 2374 Klnster
1024 2308 1093 2376 San
1109 2310 1216 2375 Pr'etro
1238 2311 1276 2374 di
1307 2310 1392 2376 Villa
1414 2333 1496 2375 nova
1511 2309 1575 2392 (D.
1609 2309 1750 2393 tserona)
1774 2311 1837 2376 den
1853 2309 2006 2375 Schicds·

523 2400 641 2484 spruclr
659 2402 692 2463 in
714 2401 834 2463 seinem
857 2398 974 2463 Streite
989 2401 1050 2464 mit
1063 2401 1123 2464 der
1137 2402 1181 2465 K
1183 2400 1271 2464 arche
1285 2399 1354 2465 San
1370 2402 1541 2482 Bonzfacio
1556 2399 1615 2480 (D.
1641 2397 1673 2462 V
1671 2401 1778 2464 rhenan
1779 2404 1803 2478 ).

886 2519 1096 2579 1168-1169
1112 2517 1188 2580 Mai
1201 2519 1251 2580 10.
1283 2516 1449 2580 Benevent.

494 2629 686 2694 Alexander
718 2631 905 2713 episcopus,
935 2651 1046 2695 servus
1076 2653 1243 2696 servorum
1275 2634 1337 2708 dei,
1368 2632 1494 2695 dilectis
1525 2631 1604 2706 filiis,
1632 2631 1799 2695 Bonifatio
1824 2631 1940 2694 abbati
1972 2639 2006 2694 et

337 2721 488 2784 fratribus
510 2723 612 2784 sancti
635 2721 720 2783 Petri
742 2721 784 2783 de
807 2720 893 2783 Villa
917 2742 1009 2797 nova,
1039 2722 1176 2785 salutem
1207 2730 1240 2784 et
1266 2722 1480 2804 apostolicam
1505 2720 1779 2784 benedictionem.
1825 2719 1908 2784 Cum
1942 2741 2005 2802 pro

337 2830 450 2885 causa,
479 2829 543 2889 que
573 2811 735 2871 intervos
759 2811 997 2891 etHugonem,
1028 2811 1334 2892 archipresbiterum
1363 2811 1464 2874 sancti
1495 2810 1667 2884 Bonifacii,
1699 2809 1894 2886 vertebatur,
1926 2813 2008 2873 utri-

337 2919 401 2981 que
433 2907 574 2961 vestrum
606 2901 639 2960 in
669 2901 833 2980 presentia
862 2899 1092 2963 venerabilium
1124 2900 1257 2963 fratrum
1285 2908 1469 2962 nostrorum
1498 2895 1609 2984 P(etri)
1636 2899 1887 2963 Castellanensis
1905 2898 1931 2983 3)
1973 2909 2007 2963 et

337 2984 499 3073 G(erardi)
514 2986 559 3072 ⁴),
592 2981 810 3050 Paduanensis¹
841 2988 1089 3070 episcoporum,
1118 2998 1151 3051 et
1183 2987 1292 3052 dilecti
1321 2987 1373 3051 filii
1396 2985 1574 3072 R(ainerii),
1607 2989 1736 3052 abbatis
1768 2991 1873 3050 sancti
1897 2989 2007 3052 Bene-

336 3078 415 3139 dicti
439 3096 536 3158 supra
550 3076 683 3151 Padum,
707 3077 871 3138 constituti
894 3085 1009 3152 essent,
1033 3081 1097 3140 iam
1121 3079 1226 3140 dictus
1249 3078 1497 3160 archipresbiter
1518 3077 1640 3154 dicens,
1662 3077 1832 3140 ecclesiam
1857 3085 2006 3140 vestram

337 3166 369 3228 in
398 3167 544 3228 teritorio
573 3167 676 3227 sancti
701 3165 859 3228 Bonifacii
892 3165 1073 3240 fundatam,
1105 3168 1340 3230 decimationes
1368 3169 1470 3229 totius
1493 3166 1577 3242 ville,
1601 3167 1790 3248 sepulturas,
1814 3166 2006 3230 oblationes

336 3262 403 3317 tam
426 3256 582 3331 vivorum,
614 3274 711 3335 quam
742 3254 986 3332 defunctorum,
1017 3255 1189 3336 baptisma,
1219 3256 1388 3332 scrutinia,
1419 3259 1533 3319 missas
1563 3256 1721 3339 speciales
1750 3257 1792 3319 ad
1824 3254 2005 3319 ecclesiam

335 3361 426 3405 suam
451 3345 519 3406 iure
542 3340 718 3425 parochiali
742 3345 912 3425 pertinere,
946 3343 1080 3407 firmiter
1103 3345 1277 3408 asserebat.
1323 3344 1482 3408 Addebat
1505 3348 1617 3422 eciam,
1648 3347 1747 3426 quod,
1778 3347 1895 3424 sique
1925 3365 2007 3426 pos·

336 3433 497 3494 sessiones
528 3433 560 3494 in
589 3433 737 3495 teritorio
767 3435 868 3495 sancti
899 3432 1058 3497 Bonifatii
1086 3434 1162 3510 site,
1196 3437 1396 3497 monasterio
1427 3441 1535 3497 vestro
1567 3433 1675 3515 aliquo
1705 3435 1807 3497 modo
1827 3431 1856 3518 ²)
1888 3435 2006 3498 relicte

334 3521 465 3596 fuerint,
497 3529 611 3600 quarta
641 3523 783 3603 ipsarum
809 3521 946 3585 ecclesie
968 3543 1026 3585 sue
1044 3521 1073 3609 b)
1105 3523 1242 3586 deberet
1272 3524 1314 3586 de
1337 3525 1405 3586 iure
1436 3533 1634 3605 competere.
1680 3523 1733 3586 De
1764 3523 1856 3585 terris
1886 3533 2004 3586 autem

335 3612 462 3673 noviter
484 3612 586 3686 cultis,
617 3630 750 3673 nemore
780 3612 904 3675 scilicet
935 3620 968 3673 et
999 3612 1127 3694 palude,
1151 3620 1298 3692 quartam
1322 3615 1391 3675 iure
1417 3613 1552 3675 teritorii
1583 3613 1762 3694 repetebat,
1793 3614 2006 3675 visitationes

334 3718 467 3780 quoque
490 3699 697 3774 infirmorum,
721 3699 865 3782 publicas
888 3702 1096 3783 penitenciae,
1119 3701 1297 3776 unctioneS,
1321 3702 1521 3784 baptismum
1545 3700 1764 3765 habitancium
1784 3703 1817 3763 in
1841 3702 2006 3783 parochia

333 3789 434 3850 sancti
450 3789 605 3851 Bonifacii
629 3808 688 3851 vos
711 3789 800 3852 nullo
823 3791 924 3852 modo
947 3791 1068 3854 debere
1092 3809 1248 3872 peragere
1263 3791 1494 3873 proponebat*
1519 3789 1718 3854 Affirmabat
1736 3791 1875 3872 insuper,
1900 3793 2005 3873 quod,

333 3877 360 3939 si
382 3878 562 3960 contigerit,
586 3879 727 3957 aliquem
752 3878 1022 3959 parochianorum
1050 3900 1181 3942 suorum
1211 3881 1242 3942 in
1274 3881 1471 3942 monasterio
1495 3888 1604 3942 vestro
1636 3881 1753 3961 eligere
1784 3879 2004 3961 sepulturam,

333 3966 428 4028 vobis
451 3988 516 4030 non
540 3967 652 4030 liceret
678 3966 864 4030 defunctum
887 3965 913 4052 c)
943 3969 985 4030 de
1008 3969 1138 4050 propria
1160 3969 1262 4031 domo
1294 3969 1336 4031 ad
1367 3970 1597 4032 monasterium
1628 3971 1805 4042 deducere,
1836 3971 1900 4030 sed
1933 3970 2006 4050 ipse

333 4057 455 4137 pariter
478 4063 510 4118 et
533 4056 640 4119 clerici
663 4055 710 4117 sui
734 4076 852 4137 corpus
876 4057 918 4119 de
938 4055 1053 4119 Siracti
1078 4077 1180 4138 usque
1204 4059 1245 4120 ad
1269 4059 1437 4120 Becariam
1457 4057 1486 4143 d)
1508 4058 1631 4121 debent
1654 4067 1784 4140 portare
1806 4065 1842 4120 et
1866 4057 2003 4121 missam

332 4145 364 4205 in
395 4147 592 4207 monasterio
623 4153 732 4207 vestro
763 4165 823 4226 pro
854 4145 1011 4209 defuncto
1041 4154 1170 4209 cantare
1200 4155 1234 4209 et
1264 4148 1474 4210 medietatem
1505 4147 1706 4210 oblationum
1746 4154 1780 4208 et
1807 4147 2004 4209 testamenti

333 4229 463 4295 habere.
507 4235 652 4296 Econtra
681 4252 758 4296 vero
789 4254 848 4296 vos
877 4235 982 4297 taliter
1015 4235 1243 4317 respondistis,
1282 4237 1370 4316 quod
1400 4235 1461 4298 hec
1491 4239 1615 4312 omnia,
1644 4244 1713 4298 tum
1746 4236 1813 4298 iure
1844 4236 2003 4298 territorii

332 4322 429 4384 vestri
452 4342 472 4384 a
493 4322 654 4385 territorio
679 4323 780 4385 sancti
803 4322 963 4386 Bonifacii
987 4325 1128 4387 distincti
1147 4324 1183 4410 e),
1210 4331 1279 4386 tum
1302 4344 1344 4388 ex
1366 4324 1555 4406 longissima
1578 4327 1736 4406 temporis
1759 4325 2004 4406 prescriptione

333 4411 375 4473 ad
399 4419 541 4473 vestrum
565 4410 724 4473 dicebatis
748 4414 977 4475 monasterium
1002 4416 1171 4494 pertinere.
1210 4411 1342 4475 Auditis
1364 4413 1461 4494 igitur
1485 4421 1518 4476 et
1533 4414 1668 4496 cognitis
1684 4413 1866 4476 racionibus
1883 4417 2002 4477 utrius·

333 4517 397 4579 que
420 4501 529 4582 partis,
553 4500 689 4582 predicti
713 4501 834 4563 iudices
857 4499 968 4564 habito
985 4502 1116 4565 consilio
1134 4502 1329 4584 prudentum
1344 4509 1444 4583 atque
1462 4501 1491 4589 s)
1507 4503 1721 4566 discretorum
1738 4504 1885 4565 virorum
1902 4522 2004 4585 super

333 4588 448 4650 eadem
473 4608 569 4652 causa
592 4587 796 4652 diffinicionis
819 4590 981 4652 intervos
1004 4593 1196 4654 sententiam
1220 4590 1426 4672 protulerunt
1454 4599 1487 4653 et
1516 4611 1576 4654 vos
1604 4592 1635 4652 in
1660 4592 1816 4673 predictis
1841 4593 2002 4655 omnibus

333 4676 549 4752 absolverunt,
565 4677 716 4742 videlicet
730 4679 762 4741 in
777 4679 1052 4742 decimacionibus
1067 4682 1171 4742 tocius
1186 4680 1335 4742 territorii
1352 4680 1394 4742 de
1409 4679 1496 4743 Villa
1511 4701 1595 4744 nova
1611 4700 1670 4762 per
1683 4688 1784 4743 testes
1803 4680 1956 4743 distincti
1974 4679 2002 4764 e)

333 4767 365 4828 in
397 4766 569 4848 sepulturis
600 4775 633 4829 et
665 4767 884 4831 oblationibus
914 4776 982 4830 tam
1005 4770 1160 4842 vivorum,
1192 4789 1289 4850 quam
1313 4777 1516 4832 mortuorum
1544 4768 1713 4832 hominum
1744 4767 1831 4831 Ville
1855 4790 1945 4832 nove
1968 4777 2003 4832 et

331 4853 530 4936 baptismate
552 4864 586 4918 et
608 4857 768 4918 scrutiniis
797 4857 985 4929 eorundem,
1016 4857 1058 4919 de
1082 4858 1344 4939 possessionibus
1367 4859 1399 4919 in
1423 4860 1586 4922 territorio
1609 4858 1713 4921 sancti
1735 4857 1895 4920 Bonifacii
1919 4861 2001 4933 sitis,

331 4945 359 5006 si
383 4943 531 5023 quolibet
553 4946 646 5008 titulo
671 4949 867 5008 monasterio
897 4945 1052 5008 derelicte
1073 4955 1148 5009 sunt
1176 4946 1228 5010 vel
1251 4967 1269 5009 e
1293 4967 1450 5009 converso
1482 4947 1514 5009 id
1544 4955 1594 5009 est
1617 4946 1705 5029 plebi
1734 4947 1892 5010 derelicte
1915 4955 2000 5020 sunt,

332 5034 541 5096 iudicaverint
564 5032 651 5096 nulla
674 5035 890 5116 predictarum
912 5033 1119 5098 ecclesiarum
1136 5056 1195 5098 suo
1210 5036 1354 5118 legitimo
1370 5039 1438 5098 iure
1455 5035 1711 5099 decimacionum
1728 5037 1847 5118 privari
1863 5035 2000 5110 debere,

331 5123 391 5184 nisi
414 5122 499 5185 forte
521 5123 628 5205 aliqua
651 5123 774 5186 illarum
800 5124 937 5206 partium
968 5125 1210 5206 prescripcione
1232 5137 1280 5188 xL
1302 5145 1459 5187 annorum
1493 5127 1615 5187 munita
1644 5125 1773 5188 fuerint.
1819 5125 1872 5187 De
1903 5127 2000 5188 terris

331 5230 410 5274 vero
433 5214 560 5274 noviter
592 5211 700 5287 cultiS,
732 5221 767 5276 ut
790 5215 831 5275 de
855 5233 989 5277 nemore
1020 5221 1053 5276 et
1083 5214 1212 5295 palude,
1244 5209 1270 5276 si
1299 5216 1332 5276 in
1362 5216 1556 5296 episcopatu
1578 5212 1742 5276 Vicentini
1774 5221 1807 5276 et
1839 5214 2000 5297 parochia

331 5301 433 5363 sancti
456 5299 613 5364 Bonifacii
635 5309 718 5376 sunt,
749 5299 972 5387 quartisium(!)
1006 5301 1279 5384 archipresbitero
1313 5311 1551 5378 concesserunt,
1585 5311 1619 5366 et
1650 5306 1682 5366 in
1712 5302 1813 5365 tribus
1846 5303 2000 5384 partibus

330 5409 390 5452 vos
405 5389 621 5466 absolverunt,
645 5391 704 5453 nisi
728 5389 813 5452 forte
834 5410 893 5454 vos
916 5391 967 5454 vel
990 5411 1194 5455 successores
1216 5394 1314 5454 vestri
1338 5393 1379 5456 ad
1404 5413 1497 5455 usum
1521 5412 1616 5456 suum
1639 5411 1838 5472 suorumque
1859 5391 1999 5455 fratrum

489 5586 514 5650 a)
531 5583 602 5634 titulo
620 5584 658 5634 ein
679 5583 779 5634 Trams.
851 5586 877 5650 b)
896 5601 941 5636 suo
1019 5589 1044 5647 c)
1063 5586 1235 5636 defunctorum
1312 5586 1339 5650 d)
1357 5587 1502 5636 Becoariam
1520 5587 1557 5636 ein
1579 5587 1746 5651 Tramncmpt
1765 5587 1916 5636 Becheriern
1935 5587 1998 5646 Kos.

330 5657 356 5722 e)
375 5655 495 5705 distrincti
584 5656 711 5722 occidere
729 5657 814 5705 Lesart
830 5663 862 5707 et.
882 5696 933 5702 „-
952 5658 988 5722 .1)
1012 5657 1089 5723 Vergl,
1108 5658 1146 5706 die
1167 5653 1226 5708 nrt.
1244 5672 1299 5706 vom
1317 5661 1333 5706 9
1351 5658 1427 5721 Apn'l
1441 5661 1619 5708 1171-1181.
1711 5663 1737 5718 2)
1757 5656 1889 5722 marcam,
1909 5656 2000 5709 Mad

329 5728 390 5778 nell’
408 5727 508 5786 Emilr'n,
524 5735 595 5792 prov.
614 5728 767 5793 diBologna,
785 5729 888 5779 ct'rcond.
906 5729 934 5777 di
945 5729 1029 5778 Imoln.
1049 5757 1079 5766 -
1106 5729 1181 5794 Vergl.
1194 5729 1306 5778 accidit
1321 5728 1380 5778 brt.
1399 5745 1454 5778 vom
1473 5731 1791 5795 tegmento-117⁶.
1862 5731 1891 5795 3)
1911 5727 2001 5780 fflns

333 5799 514 5859 Grandattconi,
533 5797 637 5863 Bs'schof
649 5814 697 5848 von
718 5799 826 5860 Castello,
846 5803 915 5850 1146
924 5828 956 5838 -
967 5816 987 5850 c.
1006 5803 1081 5850 1164.
1160 5802 1188 5866 4)
1211 5801 1308 5850 Gerard
1323 5799 1462 5861 Marosticn,
1481 5801 1585 5865 Br'schry'
1595 5817 1642 5850 von
1659 5801 1753 5861 Pndite,
1772 5817 1792 5852 c.
1808 5802 1998 5852 tnta-1213.
