4126 6356
325 308 386 384 186

320 509 409 570 idem
433 508 664 569 monasterium
689 508 720 567 in
744 505 975 588 presentiarum
997 503 1082 568 iuste
1098 514 1132 568 et
1148 505 1304 568 canonice
1319 503 1469 588 possidet
1491 513 1546 568 aut
1568 508 1600 567 in
1616 506 1755 568 futurum
1773 505 1990 569 concessione

320 595 519 679 pontificum,
551 595 723 676 largitione
746 614 859 675 regum
882 592 934 655 vel
963 593 1154 675 principum,
1188 594 1353 657 oblatione
1385 593 1529 656 fidelium
1560 615 1617 657 seu
1649 596 1718 658 aliis
1746 598 1838 658 iustis
1871 597 1989 670 modis,

320 692 487 768 prestante
513 685 657 758 domino,
687 685 811 766 poterit
839 683 984 764 adipisci,
1015 682 1108 746 firma
1130 683 1225 746 vobis
1247 685 1427 762 vestrisque
1449 685 1692 747 successoribus
1716 693 1750 747 et
1772 685 1893 748 illibata
1917 705 1990 766 per-

321 782 483 836 maneant.
530 772 564 834 In
588 774 707 852 quibus
730 770 792 834 hec
822 772 962 854 propriis
994 772 1147 835 duximus
1179 773 1393 854 exprimenda
1423 772 1607 835 vocabulis:
1646 773 1814 836 abbatiam
1837 773 1991 836 videlicet

319 863 421 925 sancti
444 859 576 924 Siccarii
605 863 864 924 Brantosmensis
889 860 919 944 ¹),
950 860 1115 924 abbatiam
1149 859 1463 944 Fraxinorense1112)
1495 870 1529 923 et
1555 862 1721 924 abbatiam
1760 864 1865 925 sancti
1892 860 1989 942 Syxti

320 952 407 1033 apud
425 950 634 1023 Placentiam,
656 950 821 1013 abbatiam
846 950 947 1011 sancti
964 948 1080 1013 Marini
1101 951 1266 1032 Papiensis
1289 971 1362 1013 cum
1387 951 1539 1013 omnibus
1562 952 1763 1032 pertinentiis
1786 951 1860 1025 suis,
1885 952 1990 1014 sancti

320 1037 441 1120 Quirici
464 1059 557 1102 secus
580 1039 703 1102 Lucam
728 1060 800 1101 cum
826 1037 962 1101 ecclesia
990 1041 1094 1101 sancti
1116 1038 1234 1102 Viliani
1266 1042 1386 1102 montis
1410 1039 1523 1114 Pisani,
1552 1040 1632 1102 alias
1666 1059 1798 1121 quoque
1830 1039 1989 1104 ecclesias

319 1129 371 1191 vel
395 1128 543 1191 abbatias
567 1133 635 1191 sive
658 1128 881 1210 possessiones
905 1147 947 1190 ex
970 1130 1201 1210 episcoporum
1225 1129 1319 1190 vobis
1343 1128 1521 1191 donatione
1544 1148 1726 1203 concessas,
1751 1149 1832 1208 quas
1854 1129 1991 1208 quilibet

319 1238 363 1280 ex
393 1218 549 1280 laicorum
585 1218 673 1280 dono
710 1217 797 1299 prius
833 1218 976 1278 tenuisse
1007 1216 1257 1292 calumniantur,
1290 1216 1384 1280 vobis
1414 1218 1542 1298 penitus
1580 1226 1748 1298 tamquam
1783 1237 1827 1280 ex
1865 1219 1991 1280 iustiori

318 1307 531 1384 acquisitione
549 1326 679 1369 manere
688 1308 878 1382 sanccimus
890 1307 950 1368 nisi
962 1325 1017 1368 eas
1028 1309 1182 1368 canonica
1194 1307 1226 1368 id
1236 1315 1286 1368 est
1294 1308 1463 1369 tricenaria
1473 1303 1693 1388 (possessione
1702 1308 1725 1384 i)
1735 1306 1926 1388 possedisse
1938 1309 1990 1369 vel

319 1396 498 1478 episcopali
522 1396 610 1458 dono
634 1395 786 1457 habuisse
810 1398 990 1457 constiterit
1013 1403 1069 1456 aut
1098 1395 1225 1458 idoneis
1248 1395 1387 1458 testibus
1410 1404 1466 1457 aut
1480 1395 1636 1476 legalibus
1658 1395 1796 1476 scriptis.
1834 1397 1991 1458 Preterea

318 1488 534 1568 suscipientes
556 1505 616 1547 vos
640 1487 671 1546 in
694 1485 848 1566 spetiales
872 1483 1020 1546 Romane
1044 1483 1180 1546 ecclesie
1207 1484 1298 1558 filios,
1330 1504 1370 1547 eo
1394 1504 1451 1546 vos
1483 1485 1571 1547 sedis
1601 1485 1782 1566 apostolice
1805 1485 1990 1566 patrocinio

319 1593 379 1656 per
401 1575 524 1638 decreti
549 1575 707 1656 presentis
730 1573 881 1655 paginam
906 1573 1142 1635 communimus
1165 1581 1199 1634 et
1221 1573 1252 1634 in
1274 1572 1453 1654 legitimum
1477 1576 1711 1654 sempiternum
1739 1576 1923 1648 statuimus
1956 1581 1992 1636 ut

320 1663 362 1724 de
393 1673 504 1726 cetero
537 1661 613 1725 nulli
643 1662 892 1743 archiepiscopo
920 1661 970 1724 vel
999 1663 1159 1744 episcopo
1192 1662 1303 1738 liceat,
1335 1681 1434 1743 super
1464 1661 1639 1725 cenobium
1662 1663 1714 1725 vel
1742 1662 1900 1726 abbatem
1935 1671 1992 1726 aut

319 1753 463 1815 eiusdem
489 1753 617 1814 cenobii
641 1760 835 1813 conventum
860 1751 1205 1815 excommunicationis
1228 1750 1279 1813 vel
1303 1751 1539 1813 interdictionis
1564 1771 1693 1814 manum
1718 1753 1907 1825 extendere,
1941 1761 1992 1815 set

319 1842 352 1902 in
376 1841 463 1904 beati
484 1840 570 1903 Petri
594 1848 626 1902 et
650 1842 718 1902 eius
741 1839 932 1902 vicariorum
956 1835 1117 1924 manu<m>
1140 1860 1272 1922 semper
1294 1840 1393 1920 quieti
1417 1860 1455 1902 ac
1478 1839 1568 1902 liberi
1591 1861 1651 1922 per
1673 1841 1912 1922 omnipotentis
1937 1842 1991 1904 dei

320 1933 457 2010 gratiam
473 1931 638 1992 maneatis.
669 1929 779 2010 Digne
794 1949 871 1992 vero
888 1929 1084 2010 petentibus,
1100 1932 1155 2011 qui
1170 1949 1232 2011 pro
1246 1949 1379 1991 suorum
1396 1927 1553 1992 scelerum
1566 1930 1658 1992 venia
1670 1930 1784 2012 prelati
1798 1933 1991 1992 monasterii

319 2019 425 2081 limina
448 2019 651 2100 expetierint,
675 2020 782 2099 ipsum
806 2020 926 2079 intrare
950 2025 983 2079 et
1005 2017 1070 2080 illic
1094 2019 1229 2081 domino
1253 2037 1311 2080 sua
1327 2019 1538 2081 concedimus
1553 2027 1631 2081 vota
1647 2021 1853 2100 persolvere;
1877 2039 1991 2081 acon·

319 2109 409 2190 iugiis
432 2111 528 2170 etiam
553 2106 672 2170 liberos
695 2108 737 2168 ad
760 2105 988 2169 monachatum
1004 2107 1138 2182 admitti,
1161 2109 1230 2170 sine
1246 2109 1477 2189 episcoporum
1495 2108 1751 2171 contradictione
1767 2109 1992 2171 concedimus.

319 2197 393 2260 Hoc
417 2216 548 2278 quoque
572 2194 714 2278 capitulo
738 2197 881 2278 presenti
908 2196 1140 2277 subiungimus
1164 2205 1200 2260 ut
1231 2198 1262 2258 in
1292 2200 1457 2259 communi
1488 2197 1663 2260 interdicto
1697 2196 1802 2270 liceat,
1833 2197 1992 2260 fratribus

318 2289 441 2362 vestris,
466 2287 520 2365 qui
547 2305 606 2367 per
629 2286 781 2347 ecclesias
805 2293 1057 2360 commorantur,
1089 2285 1204 2348 clausis
1229 2287 1339 2360 ianuis,
1371 2307 1436 2348 non
1461 2286 1595 2366 pulsatis
1616 2287 1839 2348 tintinnabulis
1872 2289 1935 2348 nisi
1959 2289 1992 2349 in

319 2378 434 2438 maiori
458 2374 655 2438 monasterio
679 2374 787 2436 divina
811 2373 918 2435 officia
941 2372 1115 2449 celebrare,
1138 2377 1183 2437 ita
1206 2384 1324 2451 tamen,
1349 2383 1383 2436 ut
1407 2395 1467 2436 nec
1490 2378 1794 2438 excommunicatos
1815 2395 1876 2437 nec
1892 2378 1994 2439 inter·

319 2465 426 2528 dictos
449 2465 631 2527 admittant.
676 2462 732 2523 Ad
755 2462 816 2525 hec
846 2464 1023 2525 adicientes
1053 2464 1240 2538 statuimus,
1273 2472 1307 2526 ut
1339 2463 1418 2526 nulli
1448 2463 1496 2526 sas
1527 2465 1582 2540 sit,
1614 2464 1645 2527 in
1676 2464 1848 2547 parrochia
1878 2473 1993 2527 vestra

319 2573 438 2617 novum
463 2554 639 2615 oratorium
663 2551 787 2630 absque
810 2559 919 2614 vestro
949 2560 982 2615 et
1012 2553 1178 2615 diocesani
1212 2553 1358 2634 episcopi
1389 2573 1521 2615 assensu
1552 2561 1748 2629 construere,
1780 2573 1838 2616 nec
1871 2553 1993 2634 aliquis

319 2643 422 2706 abbas
446 2641 497 2704 vel
521 2640 695 2703 cuiuslibet
717 2638 854 2702 ecclesie
881 2641 969 2722 prior
994 2641 1180 2718 monachos,
1211 2642 1254 2704 de
1284 2641 1426 2705 claustro
1449 2651 1558 2705 vestro
1589 2643 1759 2725 fugientes,
1789 2644 1993 2724 suscipiendi

319 2733 413 2794 vobis
436 2731 540 2794 invitis
564 2737 619 2791 aut
642 2729 800 2792 retinendi
824 2727 946 2792 habeat
969 2730 1166 2792 facultatem.
1213 2731 1363 2793 Preterea
1391 2731 1488 2794 liceat
1511 2732 1614 2807 vobis,
1642 2735 1675 2794 in
1705 2731 1848 2795 ecclesiis
1871 2735 1992 2795 vestris

317 2821 504 2884 sacerdotes
528 2817 646 2900 eligere
669 2827 702 2880 et
725 2818 848 2880 electos
879 2819 1055 2882 diocesano
1079 2822 1238 2902 episcopo
1270 2828 1471 2901 presentare;
1504 2821 1635 2903 quibus,
1664 2823 1692 2885 si
1715 2821 1824 2884 idonei
1856 2820 1990 2898 suerint,

319 2911 492 2992 episcopus
515 2927 625 2970 curam
648 2909 828 2970 animarum
852 2911 1045 2983 committat,
1073 2919 1106 2972 et
1137 2911 1178 2972 de
1202 2909 1308 2991 plebis
1332 2910 1464 2990 quidem
1499 2930 1575 2972 cura
1606 2911 1713 2974 eidem
1744 2911 1915 2992 episcopo,
1948 2913 1992 2974 de

318 2998 552 3081 temporalibus
575 3005 684 3059 autem
707 2996 801 3059 vobis
824 2997 950 3078 absque
973 2999 1233 3062 contradictione
1256 2999 1400 3062 debeant
1419 3000 1628 3081 respondere.
1667 2999 1883 3062 Decernimus
1898 3020 1992 3082 ergo,

320 3096 355 3151 ut
368 3087 446 3150 nulli
462 3086 593 3149 omnino
617 3083 787 3148 hominum
811 3085 914 3162 liceat,
938 3088 1161 3168 supradictum
1178 3090 1409 3151 monasterium
1426 3097 1550 3150 temere
1574 3137 1580 3150 .
1604 3137 1611 3150 .
1635 3137 1642 3148 .
1666 3089 1774 3150 usibus
1790 3089 1993 3152 omnimodis

319 3177 497 3260 profutura,
521 3173 611 3236 salva
634 3176 783 3237 nimirum
809 3177 992 3256 apostolice
1014 3179 1101 3239 sedis
1125 3179 1324 3241 auctoritate.
1370 3177 1425 3240 Ad
1451 3178 1605 3240 indicium
1630 3186 1738 3240 autern
1762 3177 1855 3239 huius
1871 3197 1890 3240 a
1908 3179 1992 3240 sede

318 3265 499 3348 apostolica
537 3272 693 3346 percepte
723 3263 881 3326 libertatis
918 3264 1091 3329 bizantium
1131 3287 1229 3329 unum
1266 3266 1363 3329 nobis
1396 3268 1581 3347 nostrisque
1612 3267 1855 3329 successoribus
1892 3270 1992 3330 annis

318 3353 450 3436 singulis
466 3353 669 3434 persolvetis.
708 3349 743 3415 Si
761 3373 825 3434 qua
840 3355 934 3435 igitur
950 3403 957 3416 .
974 3403 980 3416 .
999 3404 1005 3418 .
1029 3354 1159 3419 Cunctis
1179 3365 1288 3418 autem
1307 3405 1313 3417 .
1332 3402 1361 3417 ..
1378 3355 1551 3418 inveniant.
1582 3354 1700 3418 Amen.
1724 3355 1843 3418 Amen.
1867 3356 1990 3419 Amen.

529 3437 584 3526 (R)
607 3439 680 3522 Ego
704 3440 867 3504 Adrianus
891 3443 1050 3507 catholice
1074 3445 1209 3508 ecclesie
1234 3444 1408 3526 episcopus
1432 3464 1472 3506 ss.
1495 3440 1557 3528 (M)

529 3531 550 3610 †
573 3529 645 3612 Ego
669 3529 822 3593 Himarus
846 3529 1073 3616 Tuscu(lanu)s
1095 3535 1271 3614 episcopus
1294 3553 1335 3595 ss.

530 3621 551 3696 i·
573 3620 646 3700 Ego
672 3617 847 3702 Gregorius
870 3617 1061 3684 Sabinensis
1085 3623 1260 3704 episcopus
1283 3641 1325 3685 ss.
1607 3684 1608 3688 ,

529 3709 550 3788 †
573 3709 646 3790 Ego
670 3707 843 3772 Hubaldus
866 3711 1028 3791 presbiter
1050 3709 1222 3774 cardinalis
1245 3712 1295 3775 tit.
1318 3719 1429 3773 sancte
1453 3711 1610 3774 Praxedis
1633 3730 1674 3772 ss.

528 3798 549 3877 †
572 3797 645 3880 Ego
669 3795 842 3860 Hubaldus
866 3798 1025 3880 presbiter
1048 3799 1217 3863 cardinalis
1241 3802 1288 3863 tit
1312 3809 1424 3862 sancte
1447 3799 1559 3864 Crucis
1583 3802 1614 3862 in
1638 3798 1810 3863 Ierusalem
1832 3821 1876 3863 ss.

528 3887 548 3964 †
572 3886 644 3968 Ego
668 3883 868 3949 Octavianus
891 3887 1052 3969 presbiter
1074 3888 1244 3952 cardinalis
1266 3891 1314 3952 tit.
1337 3898 1451 3952 sancte
1474 3888 1592 3951 Cecilie
1616 3908 1656 3951 ss

527 3975 548 4054 †
571 3975 643 4057 Ego
667 3974 830 4039 Gerardus
862 3976 1023 4057 presbiter
1056 3979 1226 4041 cardinalis
1256 3981 1303 4041 tit.
1327 3980 1428 4041 sancti
1451 3975 1611 4062 Stephani
1634 3979 1666 4040 in
1690 3976 1780 4040 Celio
1806 3987 1923 4042 monte
1946 4001 1989 4043 ss.

528 4066 548 4142 †
572 4063 644 4146 Ego
661 4064 821 4127 Iohannes
836 4065 1000 4146 presbiter
1011 4068 1182 4130 cardinalis
1193 4076 1378 4131 sanctorum
1391 4067 1544 4130 Iohannis
1560 4076 1593 4130 et
1605 4067 1693 4129 Pauli
1706 4067 1751 4129 tit
1764 4067 1932 4131 Pamachii
1946 4091 1990 4132 ss.

527 4155 547 4230 †
571 4154 644 4235 Ego
669 4151 746 4216 Odo
770 4154 924 4216 diaconus
948 4155 1116 4219 cardinalis
1139 4157 1239 4220 sancti
1264 4155 1396 4239 Georgii
1419 4157 1461 4218 ad
1484 4155 1603 4219 Velum
1628 4174 1761 4218 aureum
1783 4177 1826 4218 ss.

528 4243 549 4319 †
572 4241 645 4323 Ego
669 4241 827 4304 lacinetus
851 4243 1008 4307 diaconus
1032 4246 1203 4309 cardinalis
1226 4254 1338 4309 sancte
1362 4246 1466 4314 Marie
1489 4246 1520 4306 in
1544 4245 1723 4324 Cosmydin
1747 4265 1787 4308 ss.

528 4331 549 4406 †
571 4331 644 4411 Ego
670 4328 777 4393 Guido
799 4332 957 4396 diaconus
981 4334 1149 4397 cardinalis
1172 4346 1284 4398 sancte
1308 4334 1411 4397 Marie
1435 4337 1466 4397 in
1489 4334 1619 4396 Porticu
1643 4353 1684 4395 ss.

528 4419 549 4497 †
572 4419 643 4499 Ego
668 4418 756 4482 Boso
781 4421 939 4483 diaconus
963 4424 1133 4486 cardinalis
1157 4433 1343 4488 sanctorum
1368 4422 1487 4487 Cosme
1511 4432 1544 4486 et
1566 4423 1718 4485 Damiani
1742 4443 1783 4486 ss.

477 4506 552 4569 Dat.
562 4507 723 4582 Laterani,
743 4529 802 4589 per
814 4531 926 4572 manus
942 4510 1134 4597 R0<t>landi,
1156 4521 1268 4577 sancte
1283 4513 1433 4576 Romane
1448 4509 1611 4596 (ecclesie)
1627 4511 1798 4592 presbiteri
1814 4512 1990 4575 cardinalis

318 4603 350 4658 et
380 4596 570 4659 cancellarii.
623 4597 698 4658 Idus
727 4597 929 4661 Decembris.
982 4602 1163 4666 indictione
1194 4617 1239 4666 vl.
1284 4602 1519 4665 Incarnationis
1551 4602 1711 4664 dominice
1742 4621 1828 4664 anno
1852 4613 1988 4665 MCLvn.

319 4682 529 4746 Pontificatus
551 4706 629 4749 vero
652 4686 765 4749 domni
788 4687 926 4752 Adriani
950 4712 1037 4773 pape
1053 4707 1105 4758 1111
1127 4713 1214 4756 anno
1237 4689 1307 4777 (lv).

476 4798 598 4864 Absdm'st
615 4800 654 4848 des
672 4801 704 4850 13
724 4801 827 4865 Jahrlr,
846 4803 878 4850 im
897 4805 1010 4854 Arcln'via
1027 4806 1054 4854 di
1071 4807 1137 4856 Staio
1154 4823 1184 4854 su
1202 4806 1324 4855 Mailand.

1058 5037 1122 5111 ΝΥ.
1154 5043 1240 5112 175.

317 5167 345 5218 a
377 5150 532 5215 Hadrian
548 5152 571 5215 J
578 5150 609 5214 V
624 5151 719 5216 theilt
741 5154 803 5219 den
819 5157 1023 5240 Kapellanen
1048 5179 1107 5223 von
1128 5159 1277 5224 Andechs
1300 5161 1360 5240 (D.
1379 5159 1556 5242 Freising),
1577 5158 1650 5223 dem
1678 5157 1807 5240 Grasen
1830 5155 1902 5224 Otto
1927 5181 1988 5226 von

327 5241 601 5321 Wolsartslzausen
616 5242 686 5305 und
697 5245 838 5308 anderen
854 5248 932 5310 mit:
947 5269 985 5311 er
997 5251 1108 5312 nelzme
1124 5251 1177 5314 die
1194 5248 1232 5312 K
1233 5250 1320 5314 irrite
1334 5271 1394 5313 von
1409 5249 1558 5313 Andeclts
1574 5250 1608 5312 in
1621 5250 1853 5332 apostolaschen
1870 5249 1988 5314 Schuts

317 5331 386 5394 urtd
398 5331 549 5412 bestdtrge
565 5332 636 5395 ihre
644 5331 887 5414 Besitztln'imer‚
905 5336 1078 5418 Einkztnfte
1092 5337 1161 5403 und
1167 5339 1293 5418 Reclzte,
1307 5338 1409 5403 wobei
1422 5360 1459 5402 er
1474 5338 1617 5402 mehrere
1630 5337 1849 5419 Vorsclzristen
1861 5341 1986 5406 erliisst.

845 5445 1055 5506 1155-1158
1070 5443 1254 5527 September
1274 5449 1328 5508 20.
1361 5444 1452 5507 Rom.

473 5553 639 5616 Adrianus
663 5557 847 5638 episcopus,
875 5578 986 5622 servus
1009 5581 1175 5624 servorum
1199 5563 1261 5638 dei,
1286 5563 1413 5625 dilectis
1436 5562 1510 5624 filiis
1534 5571 1567 5624 et
1590 5561 1750 5638 fratribus
1782 5564 1987 5645 cappellanis

478 5707 501 5762 1)
522 5693 650 5746 Brantdme
670 5665 893 5762 tlh-Pe'ngumtr).
966 5710 992 5766 2)
1011 5699 1146 5750 biassinclo
1163 5701 1245 5752 &stliclr
1267 5703 1357 5752 Carale.
