4126 6356
1678 382 1737 444 115

815 543 880 620 Nr.
909 549 995 621 110.

68 668 180 752 Eugen
197 667 267 732 III
276 667 393 731 nimmt
413 665 476 730 das
493 663 623 730 Kloster
644 665 815 729 Ihcecclzt'o
839 667 897 750 (D.
915 669 1034 753 Lacca)
1058 666 1093 731 in
1115 669 1346 751 apostolisclcen
1365 669 1483 735 Sckutz
1505 674 1575 738 und
1593 674 1730 760 bestc'z'tig

563 752 649 820 serite
672 755 908 822 Besitztlzumer
929 757 998 822 und
1017 758 1193 841 Reclte1).

713 875 799 935 1152
814 873 901 948 Juni
913 876 944 936 4.
989 872 1097 956 Segni.

227 991 394 1073 Eugenius
410 991 594 1072 episcopus
611 1009 723 1052 servus
738 1009 905 1052 servorum
922 991 982 1066 dei,
1000 989 1120 1053 dilecto
1136 989 1203 1052 filio
1220 990 1362 1077 Andree,
1379 991 1493 1057 abbati
1509 995 1705 1059 Ficeclensis
1716 992 1741 1081 ¹)

69 1081 268 1157 monasterii,
299 1082 433 1162 eiusque
463 1079 623 1154 fratribus,
648 1089 716 1142 tam
739 1079 946 1161 presentibus
970 1098 1068 1161 quam
1094 1079 1214 1154 futuris,
1245 1080 1426 1161 regularem
1447 1084 1550 1146 vitam
1576 1085 1740 1166 professis,

67 1171 98 1231 in
120 1179 330 1250 perpetuum.
376 1169 542 1250 Quoniam
567 1169 636 1231 sine
659 1188 735 1255 vere
757 1169 845 1231 cultu
868 1169 1034 1250 religionis
1057 1189 1118 1231 nec
1141 1170 1284 1231 caritatis
1307 1171 1412 1233 unitas
1432 1183 1543 1252 potest
1566 1175 1741 1239 subsistere

67 1279 125 1322 nec
149 1258 215 1321 deo
240 1269 369 1340 gratum
401 1258 547 1321 exhiberi
580 1259 754 1334 servitium,
787 1259 924 1339 expedit
955 1259 1136 1344 apostolice
1161 1259 1355 1336 auctoritati,
1386 1261 1552 1342 religiosas
1582 1277 1741 1345 personas

68 1348 200 1428 diligere
235 1359 269 1411 et
292 1348 443 1430 religiosa
466 1348 553 1422 loca,
582 1349 734 1422 maxime,
767 1367 831 1432 que
854 1348 942 1410 beati
965 1348 1051 1411 Petri
1075 1349 1150 1410 iuris
1180 1357 1255 1410 sunt
1287 1358 1320 1411 et
1343 1350 1385 1411 ad
1408 1369 1534 1414 sacram
1555 1352 1741 1416 Romanam

66 1437 253 1520 specialiter
274 1448 425 1520 spectant
448 1437 629 1512 ecclesiam,
657 1437 744 1499 sedis
767 1437 948 1522 apostolice
971 1438 1150 1499 munimine
1173 1437 1356 1500 confovere.
1401 1440 1550 1515 Proinde,
1575 1442 1684 1505 dilecti
1708 1445 1741 1505 in

68 1527 202 1589 domino
227 1527 294 1604 filii,
326 1528 441 1590 vestris
473 1526 564 1589 iustis
594 1525 870 1608 postulationibus
901 1527 1078 1589 clementer
1100 1527 1280 1602 annuimus
1312 1537 1345 1590 et
1375 1531 1608 1593 monasterium
1637 1533 1740 1595 sancti

68 1615 256 1690 SalvatoriS,
289 1617 321 1678 in
346 1637 412 1698 quo
436 1615 548 1678 divino
572 1616 749 1698 mancipati
773 1616 851 1678 estis
874 1616 1045 1697 obsequio,
1077 1616 1137 1678 sub
1167 1617 1313 1678 eiusdem
1336 1618 1561 1699 apostolorum
1584 1621 1741 1703 principis

67 1717 98 1768 et
118 1713 235 1767 nostra
251 1707 457 1787 protectione
480 1706 673 1787 suscipimus
698 1716 730 1768 et
752 1706 911 1791 presentis
927 1706 1038 1787 scripti
1054 1704 1225 1787 privilegio
1247 1708 1496 1771 communimus.
1543 1709 1740 1788 StatuenteS,

67 1804 100 1857 ut
122 1814 350 1876 quascumque
373 1795 606 1877 possessiones,
632 1813 837 1882 quecumque
860 1795 950 1857 bona
973 1795 1061 1857 idem
1085 1795 1318 1857 monasterium
1340 1797 1374 1858 in
1398 1798 1635 1878 presentiarum
1659 1801 1742 1862 iuste

67 1894 97 1946 et
119 1884 282 1946 canonice
305 1885 461 1966 possidet,
485 1893 541 1947 aut
564 1885 595 1946 in
620 1883 763 1946 futurum
787 1885 998 1946 concessione
1022 1883 1225 1966 pontificum,
1250 1883 1422 1965 largitione
1444 1907 1557 1968 regum
1580 1888 1632 1951 vel
1655 1889 1741 1971 prin·

68 1974 183 2054 cipum,
219 1973 390 2037 oblatione
421 1973 565 2036 fidelium
593 1993 649 2036 seu
680 1973 751 2035 aliis
782 1974 872 2035 iustis
903 1974 1010 2035 modis
1042 1974 1105 2036 deo
1136 1974 1281 2055 propitio
1311 1977 1434 2056 poterit
1463 1977 1618 2058 adipisci,
1649 1978 1743 2041 firma

67 2063 157 2125 vobis
180 2063 366 2144 vestrisque
388 2062 630 2125 successoribus
654 2069 686 2124 et
709 2063 834 2125 illibata
857 2072 1080 2143 permaneant.
1126 2063 1162 2125 ln
1187 2063 1305 2143 quibus
1336 2064 1396 2149 hec
1424 2067 1565 2147 propriis
1590 2067 1742 2130 duximus

13 2213 14 2224 ,
68 2153 284 2234 exprimenda
304 2152 489 2215 vocabulis:
524 2151 756 2233 baptismalem
773 2151 943 2214 ecclesiam
958 2151 1047 2214 beati
1063 2151 1217 2215 Iohannis
1233 2153 1431 2241 evangeliste
1447 2174 1522 2217 cum
1537 2157 1742 2237 pertinentiis

67 2243 136 2316 suis,
161 2241 328 2323 capellam
351 2242 393 2304 de
417 2240 564 2318 Catian0‚
589 2241 750 2322 capellam
774 2242 816 2303 de
840 2239 1013 2317 Conflenti,
1037 2241 1197 2323 capellam
1221 2242 1263 2304 de
1285 2243 1428 2306 Petriolo
1452 2254 1486 2307 et
1508 2247 1742 2308 monasterium

68 2331 106 2393 de
129 2329 323 2412 Cappian03
347 2341 497 2413 preterea
518 2331 728 2394 concordiam
746 2331 814 2393 sive
829 2331 1097 2393 constitutionem
1121 2331 1204 2393 inter
1227 2341 1448 2396 antecessores
1470 2343 1597 2398 vestros
1620 2344 1653 2398 et
1674 2336 1741 2418 ple-

13 2423 14 2428 ’
68 2419 186 2482 banum
210 2421 317 2483 sancti
334 2421 466 2484 Genesii
482 2440 580 2501 super
595 2419 734 2483 ecclesia
750 2419 791 2482 de
808 2420 1031 2500 Grimagneto,
1055 2441 1075 2481 a
1090 2419 1322 2506 predecessore
1337 2432 1450 2485 nostro
1467 2422 1569 2487 felicis
1585 2425 1743 2488 memorie

68 2529 150 2590 pape
165 2509 301 2574 Calixto
325 2509 446 2572 factam
470 2516 504 2572 et
526 2510 574 2572 sui
598 2509 712 2590 scripti
736 2510 858 2591 pagina
881 2509 1079 2586 roboratam,
1103 2510 1186 2572 sicut
1209 2510 1241 2572 in
1266 2511 1333 2572 eius
1356 2511 1527 2594 privilegio
1552 2513 1740 2578 distinctum

69 2608 120 2674 est,
143 2598 244 2662 vobis
266 2599 497 2662 nichilominus
520 2599 759 2662 confirmamus.
806 2599 961 2662 Obeunte
983 2619 1062 2661 vero
1085 2609 1127 2675 te,
1159 2618 1245 2661 nunc
1269 2600 1415 2663 eiusdem
1438 2601 1502 2664 loci
1526 2602 1657 2680 abbate,
1688 2605 1741 2667 vel

70 2697 192 2751 tuorum
217 2688 369 2770 quolibet
391 2708 624 2762 successorum,
655 2688 760 2750 nullus
784 2687 829 2750 ibi
854 2687 1002 2769 qualibet
1024 2688 1245 2769 subreptionis
1268 2691 1387 2751 astutia
1408 2710 1467 2753 seu
1489 2691 1646 2756 violentia
1668 2713 1740 2780 pre·

69 2788 214 2858 ponatur,
240 2778 301 2840 nisi
319 2798 416 2859 quem
434 2777 547 2840 fratres
563 2778 729 2840 communi
745 2797 906 2839 consensu
931 2776 983 2839 vel
999 2776 1132 2840 fratrum
1157 2797 1233 2858 pars
1248 2779 1375 2840 consilii
1399 2781 1537 2843 sanioris
1560 2784 1740 2845 secundum

71 2866 117 2928 dei
138 2868 296 2929 timorem
319 2877 352 2930 et
375 2867 464 2930 beati
487 2867 659 2929 Benedicti
682 2867 828 2948 regulam
851 2866 1055 2948 providerint
1077 2866 1273 2947 eligendum.
1318 2867 1452 2932 Electus
1475 2879 1585 2933 autem
1608 2872 1651 2933 ad
1673 2873 1739 2934 Ro-

69 2975 194 3018 manum
212 2955 407 3038 pontificem
422 2956 668 3019 benedicendus
684 2957 827 3018 accedat.
859 2954 993 3030 Crisma,
1009 2955 1119 3018 oleum
1133 2964 1291 3032 sanctum,
1312 2959 1575 3023 consecrationes
1591 2960 1739 3024 altarium

69 3065 119 3106 seu
141 3045 362 3122 basilicarum,
385 3046 609 3108 ordinationes
633 3045 870 3108 monachorum
893 3045 961 3107 sive
984 3039 1184 3121 clericorum,
1210 3046 1264 3126 qui
1284 3045 1327 3108 ad
1349 3067 1459 3110 sacros
1475 3049 1606 3112 ordines
1622 3049 1740 3114 fuerint

68 3134 300 3214 promovendi,
330 3155 582 3217 aquocumque
610 3135 799 3209 malueritis,
830 3135 1013 3216 suscipietis
1044 3134 1213 3216 episcopo.
1259 3133 1346 3198 Sane
1368 3137 1557 3224 prediorum
1581 3139 1649 3202 sive
1673 3141 1738 3203 alo·

70 3223 190 3286 diorum
206 3235 392 3287 vestrorum
409 3225 561 3299 decimas,
577 3245 597 3286 a
611 3225 699 3311 bone
715 3225 872 3308 memorie
888 3224 1078 3300 Gotefred0,
1094 3224 1230 3286 Lucano
1246 3225 1406 3307 episcopo
1424 3224 1457 3304 ὅ),
1473 3227 1569 3290 vobis
1588 3228 1738 3307 indultas,

69 3313 157 3375 vobis
187 3315 373 3395 vestrisque
404 3314 645 3376 successoribus
675 3314 745 3376 sine
769 3313 940 3394 questione
967 3313 1077 3393 aliqua
1098 3332 1290 3394 permanere
1312 3316 1484 3378 sancimus
1530 3316 1739 3399 Sepulturam

70 3422 194 3484 quoque
218 3403 327 3485 ipsius·
345 3403 408 3465 loci
433 3403 569 3466 liberam
593 3423 664 3466 esse
686 3422 865 3478 censemus,
894 3412 930 3465 ut
953 3422 1074 3476 eorum,
1099 3403 1154 3483 qui
1177 3423 1213 3465 se
1236 3402 1301 3465 illic
1323 3404 1453 3486 sepeliri
1478 3405 1738 3485 deliberaverint,

69 3491 233 3556 devotioni
265 3503 299 3555 et
330 3502 475 3579 extreme
506 3493 682 3567 voluntati,
720 3492 781 3554 nisi
812 3491 896 3555 forte
930 3492 1205 3555 excommunicati
1235 3493 1287 3554 vel
1320 3493 1482 3558 interdicti
1512 3497 1593 3571 sint,
1633 3497 1738 3562 nullus

70 3581 208 3658 obsistat,
240 3582 332 3644 salva
353 3591 464 3644 tamen
488 3581 609 3645 iustitia
633 3582 775 3644 matricis
799 3581 944 3666 ecclesip.
990 3581 1162 3644 Sancimus
1185 3581 1293 3658 etiam,
1327 3589 1363 3644 ut
1393 3603 1454 3647 nec
1484 3585 1644 3667 episcopo
1677 3607 1738 3650 nec

70 3671 314 3753 archiepiscopo
339 3671 491 3753 cuiquam
515 3681 570 3734 aut
592 3690 706 3733 eorum
730 3671 884 3733 ministris
907 3670 1011 3745 liceat,
1041 3670 1150 3733 locum
1173 3670 1281 3752 ipsum
1303 3682 1359 3734 aut
1382 3673 1451 3736 eius
1473 3674 1654 3738 monachos
1677 3695 1738 3739 nec

71 3759 252 3822 adiacentes
276 3759 429 3823 ecclesias
454 3761 495 3823 de
517 3760 594 3824 Sala
618 3758 796 3823 Marchana
819 3779 894 3822 cum
917 3759 1050 3842 capellis
1073 3761 1138 3822 suis
1161 3760 1214 3822 vel
1236 3761 1445 3842 presbiteros,
1476 3762 1519 3825 ab
1544 3763 1666 3827 abbate
1689 3766 1735 3828 ibi

71 3850 269 3925 constitutos
292 3860 402 3931 preter
416 3851 558 3912 Romani
582 3850 748 3932 pontificis
764 3850 998 3912 conscientiam
1015 3851 1299 3912 excommunicare
1324 3857 1379 3912 aut
1398 3852 1598 3916 interdicere.
1635 3854 1737 3918 Porro

71 3957 124 4000 nec
150 3940 374 4003 ecclesiastica
403 3960 464 4003 nec
496 3939 647 4002 secularis
670 3948 818 4021 potestas
849 3959 947 4020 super
975 3938 1084 4002 locum
1112 3939 1219 4021 ipsum
1247 3939 1438 4003 violentiam
1469 3951 1525 4005 aut
1555 3943 1738 4007 dominium

71 4047 215 4092 exercere
239 4039 415 4116 presumat,
445 4036 481 4091 ut
503 4029 595 4092 iuxta
625 4030 894 4116 predecessorum
924 4039 1109 4091 nostrorum
1133 4029 1282 4110 Gregorii
1306 4041 1364 4104 VII,
1388 4030 1514 4094 Urbani
1537 4045 1572 4109 ΙΙ,
1596 4033 1738 4097 Pascalis

71 4127 100 4179 et
120 4117 240 4181 Calixti
257 4115 285 4199 ι)
309 4118 559 4181 constitutiones
583 4118 625 4181 ab
650 4119 797 4181 omnium
819 4117 989 4180 hominum
1012 4119 1089 4199 iugo
1113 4117 1196 4180 liber
1217 4118 1278 4180 sub
1302 4119 1484 4208 apostolicp
1507 4121 1594 4185 sedis
1608 4132 1737 4186 tantum

72 4206 132 4268 iure
168 4228 208 4270 ac
249 4207 373 4270 ditione
414 4217 614 4289 permaneat.
668 4207 784 4289 Sitque
820 4227 951 4288 semper
980 4207 1049 4270 eius
1078 4206 1152 4270 filiis
1181 4207 1295 4288 refugii
1327 4215 1442 4290 portus
1472 4219 1506 4273 et
1536 4211 1737 4275 domicilium

71 4297 254 4373 securitatis,
278 4304 314 4358 ut
336 4317 378 4360 ex
402 4317 441 4359 eo
465 4298 625 4379 proximis
649 4307 682 4359 et
697 4296 803 4359 forma
817 4296 972 4359 virtutum
989 4306 1022 4359 et
1038 4297 1146 4359 lumen
1163 4296 1318 4378 effulgeat
1332 4299 1483 4362 caritatis.
1522 4301 1737 4366 Decernimus

72 4405 151 4466 ergo,
181 4394 220 4448 ut
243 4386 321 4448 nulli
345 4387 480 4449 omnino
504 4386 673 4449 hominum
697 4386 802 4462 liceat,
832 4387 996 4468 prefatum
1019 4385 1194 4449 cenobium
1216 4394 1339 4450 temere
1362 4388 1552 4470 perturbare
1584 4399 1639 4454 aut
1669 4393 1737 4456 eius

71 4475 289 4554 possessiones
322 4475 446 4538 auferre
468 4476 520 4539 vel
551 4476 678 4539 ablatas
709 4477 855 4552 retinere,
888 4477 1033 4538 minuere
1063 4487 1119 4538 aut
1149 4475 1311 4557 aliquibus
1333 4478 1564 4543 vexationibus
1591 4480 1735 4563 fatigare,

72 4563 123 4626 sed
145 4566 258 4628 omnia
281 4566 408 4646 integra
430 4575 662 4628 conserventur
685 4585 805 4641 eorum,
836 4585 897 4647 pro
922 4585 1060 4646 quorum
1083 4565 1322 4646 gubernatione
1345 4577 1378 4629 et
1400 4569 1637 4632 sustentatione
1659 4591 1736 4634 con·

73 4672 154 4715 cessa
184 4663 278 4730 sunt,
310 4654 421 4718 usibus
452 4654 652 4718 omnimodis
682 4655 866 4737 profutura,
897 4655 987 4717 salva
1018 4654 1105 4718 sedis
1137 4653 1318 4741 apostolice
1351 4657 1553 4722 auctoritate.
1603 4659 1638 4722 Si
1671 4681 1737 4742 qua

73 4741 160 4822 igitur
190 4745 224 4806 in
256 4745 398 4807 futurum
429 4744 649 4807 ecclesiastica
671 4744 865 4807 secularisve
886 4764 1036 4826 persona,
1067 4743 1152 4806 hanc
1176 4753 1286 4830 nostre
1309 4746 1550 4810 constitutionis
1580 4751 1736 4831 paginam

73 4832 176 4910 sciens,
201 4843 317 4896 contra
339 4853 413 4896 eam
443 4843 566 4896 temere
587 4834 698 4896 venire
728 4834 945 4915 temptaverit,
976 4832 1121 4897 secundo
1145 4831 1283 4896 tertiove
1312 4837 1521 4913 commonita,
1553 4837 1614 4900 nisi
1645 4840 1735 4903 satis·

74 4918 205 4986 factione
234 4942 379 5004 congrua
409 4923 640 5000 emendaverit,
670 4924 844 5005 potestatis
875 4922 1075 5004 honorisque
1105 4923 1154 4985 sui
1188 4922 1348 5004 dignitate
1378 4935 1487 4988 careat
1516 4943 1670 5010 reamque
1699 4950 1735 4993 se

74 5009 175 5074 divino
198 5012 321 5075 iudicio
345 5013 484 5075 existere
508 5011 550 5075 de
572 5023 761 5094 perpetrata
784 5013 954 5093 iniquitate
978 5023 1165 5094 cognoscat,
1195 5018 1228 5075 et
1251 5033 1272 5074 a
1293 5015 1511 5077 sacratissimo
1534 5035 1673 5099 corpore
1696 5039 1736 5082 ac

74 5103 219 5182 sanguine
243 5101 296 5164 dei
320 5111 353 5164 et
377 5101 511 5178 domini,
542 5102 760 5184 redemptoris
783 5103 884 5164 nostri
907 5103 980 5166 Iesu
1004 5101 1131 5176 Christi,
1160 5101 1266 5164 aliena
1297 5102 1361 5178 fiat,
1392 5112 1492 5185 atque
1522 5105 1553 5167 in
1585 5117 1734 5171 extremo

74 5192 214 5254 examine
238 5191 384 5277 districte
414 5191 529 5254 ultioni
557 5191 733 5255 subiaceat.
780 5190 913 5255 Cunctis
945 5201 1063 5268 autem,
1094 5192 1202 5254 eidem
1233 5191 1307 5254 loco
1338 5192 1422 5255 iusta
1450 5195 1662 5272 servantibus,
1693 5198 1736 5260 sit

74 5296 133 5356 pax
158 5281 282 5343 domini
314 5281 415 5344 nostri
438 5281 510 5344 Iesu
534 5280 662 5358 Christi,
694 5287 854 5362 quatenus
885 5291 918 5345 et
947 5281 1000 5344 hic
1031 5281 1172 5343 fructum
1201 5280 1289 5367 bone
1319 5283 1457 5345 actionis
1489 5284 1673 5366 percipiant
1702 5296 1736 5350 et

73 5369 152 5447 apud
175 5370 357 5433 districtum
380 5369 522 5433 iudicem
545 5372 670 5459 prqmia
693 5380 803 5458 eterne
826 5371 918 5453 pacis
941 5371 1118 5434 inveniant.
1163 5370 1283 5433 Amen.
1307 5370 1397 5434 A·m.
1421 5370 1540 5436 Amen.

75 5515 485 5528 'mm-*⁸*—

223 5599 248 5657 ι)
274 5596 350 5662 Vergl.
376 5597 414 5647 die
434 5597 493 5648 Urk.
517 5613 571 5647 vom
590 5601 606 5648 2
630 5597 700 5663 Junr'
716 5599 789 5650 1194.
879 5597 906 5661 2)
925 5596 1054 5647 macchia
1070 5597 1126 5664 liegt
1144 5615 1184 5648 am
1202 5599 1270 5648 Arno
1287 5599 1411 5667 ungefiihr
1427 5599 1454 5650 in
1471 5599 1515 5652 der
1530 5601 1604 5653 Mitte
1619 5601 1735 5656 noscam

76 5661 129 5712 Pisa
149 5667 205 5716 und
223 5667 331 5729 Morem,
355 5685 378 5719 es
397 5669 493 5735 gellone
516 5686 546 5718 su
575 5669 750 5730 Vallombrosa‚·
781 5671 857 5736 vergl.
891 5669 1078 5730 Winkelmunn,
1105 5671 1168 5720 Acta
1187 5670 1287 5736 Imperii
1302 5671 1322 5722 I
1335 5675 1423 5738 Μ,
1443 5675 1484 5724 19.
1557 5678 1584 5743 3)
1606 5675 1733 5742 Gottfried,

75 5733 168 5804 Birrlof
177 5755 225 5790 von
242 5741 333 5802 Lacca,
353 5743 421 5792 1039
432 5769 464 5779 -
474 5757 494 5793 c.
514 5742 590 5792 1098.
662 5743 691 5810 4)
711 5741 827 5792 Schcinen
843 5743 891 5792 alle
907 5741 974 5792 nicht
990 5741 1098 5792 erhalten
1114 5759 1144 5792 ru
1162 5743 1220 5794 sein.

1473 5823 1527 5891 15¹
