<?xml version="1.0" encoding="UTF-8"?>
<!DOCTYPE html PUBLIC "-//W3C//DTD XHTML 1.0 Transitional//EN"
    "http://www.w3.org/TR/xhtml1/DTD/xhtml1-transitional.dtd">
<html xmlns="http://www.w3.org/1999/xhtml" xml:lang="en" lang="en">
 <head>
  <title>
</title>
<meta http-equiv="Content-Type" content="text/html;charset=utf-8" />
  <meta name='ocr-system' content='tesseract 3.04.00' />
  <meta name='ocr-capabilities' content='ocr_page ocr_carea ocr_par ocr_line ocrx_word'/>
</head>
<body>
  <div class='ocr_page' id='page_1' title='image "./actapontificumr00hargoog_0226.png"; bbox 0 0 4142 6366; ppageno 0'>
   <div class='ocr_carea' id='block_1_1' title="bbox 322 315 387 376">
    <p class='ocr_par' dir='ltr' id='par_1_1' title="bbox 322 315 387 376">
     <span class='ocr_line' id='line_1_1' title="bbox 322 315 387 376; baseline -0.015 -15"><span class='ocrx_word' id='word_1_1' title='bbox 322 315 387 376; x_wconf 87' lang='lat'><strong>²14</strong></span> 
     </span>
    </p>
   </div>
   <div class='ocr_carea' id='block_1_2' title="bbox 1060 483 1245 558">
    <p class='ocr_par' dir='ltr' id='par_1_2' title="bbox 1060 483 1245 558">
     <span class='ocr_line' id='line_1_2' title="bbox 1060 483 1245 558; baseline -0.005 -1"><span class='ocrx_word' id='word_1_2' title='bbox 1060 483 1126 557; x_wconf 88' lang='lat' dir='ltr'><strong>Nr.</strong></span> <span class='ocrx_word' id='word_1_3' title='bbox 1156 487 1245 558; x_wconf 81' lang='lat'><strong>206.</strong></span> 
     </span>
    </p>
   </div>
   <div class='ocr_carea' id='block_1_3' title="bbox 321 613 1991 794">
    <p class='ocr_par' dir='ltr' id='par_1_3' title="bbox 321 613 1991 794">
     <span class='ocr_line' id='line_1_3' title="bbox 321 613 1991 701; baseline 0 -19"><span class='ocrx_word' id='word_1_4' title='bbox 321 617 506 682; x_wconf 77' lang='lat' dir='ltr'><em>Alexander</em></span> <span class='ocrx_word' id='word_1_5' title='bbox 529 616 594 680; x_wconf 88' lang='lat' dir='ltr'><strong>III</strong></span> <span class='ocrx_word' id='word_1_6' title='bbox 611 615 761 699; x_wconf 65' lang='lat' dir='ltr'><strong>bestc‘ttigt</strong></span> <span class='ocrx_word' id='word_1_7' title='bbox 780 615 853 680; x_wconf 87' lang='lat' dir='ltr'><strong>dem</strong></span> <span class='ocrx_word' id='word_1_8' title='bbox 876 613 1090 694; x_wconf 60' lang='lat' dir='ltr'><strong>Erebessscleefe</strong></span> <span class='ocrx_word' id='word_1_9' title='bbox 1119 613 1250 690; x_wconf 77' lang='lat' dir='ltr'><strong>Jotann</strong></span> <span class='ocrx_word' id='word_1_10' title='bbox 1273 615 1318 678; x_wconf 91' lang='lat' dir='ltr'><strong>II</strong></span> <span class='ocrx_word' id='word_1_11' title='bbox 1334 636 1395 680; x_wconf 82' lang='lat' dir='ltr'><strong>ven</strong></span> <span class='ocrx_word' id='word_1_12' title='bbox 1425 615 1537 680; x_wconf 80' lang='lat' dir='ltr'><strong>Teleda</strong></span> <span class='ocrx_word' id='word_1_13' title='bbox 1566 615 1628 679; x_wconf 86' lang='lat' dir='ltr'><strong>den</strong></span> <span class='ocrx_word' id='word_1_14' title='bbox 1659 615 1787 680; x_wconf 79' lang='lat' dir='ltr'><strong>anct</strong></span> <span class='ocrx_word' id='word_1_15' title='bbox 1815 616 1991 701; x_wconf 74' lang='lat' dir='ltr'><strong>spaniem.</strong></span> 
     </span>
     <span class='ocr_line' id='line_1_4' title="bbox 877 729 1427 794; baseline -0.004 0"><span class='ocrx_word' id='word_1_16' title='bbox 877 733 960 794; x_wconf 85' lang='grc'><em>1166</em></span> <span class='ocrx_word' id='word_1_17' title='bbox 982 729 1157 794; x_wconf 77' lang='lat' dir='ltr'><em>December</em></span> <span class='ocrx_word' id='word_1_18' title='bbox 1178 734 1227 793; x_wconf 85' lang='lat'><strong>11.</strong></span> <span class='ocrx_word' id='word_1_19' title='bbox 1273 731 1427 794; x_wconf 84' lang='lat' dir='ltr'><strong>Lateran.</strong></span> 
     </span>
    </p>
   </div>
   <div class='ocr_carea' id='block_1_4' title="bbox 320 863 1993 1574">
    <p class='ocr_par' dir='ltr' id='par_1_4' title="bbox 320 863 1993 1574">
     <span class='ocr_line' id='line_1_5' title="bbox 479 863 1992 948; baseline 0.001 -18"><span class='ocrx_word' id='word_1_20' title='bbox 479 865 670 930; x_wconf 83' lang='lat' dir='ltr'><strong>Alexander</strong></span> <span class='ocrx_word' id='word_1_21' title='bbox 701 865 885 948; x_wconf 91' lang='lat' dir='ltr'><strong>episcopus,</strong></span> <span class='ocrx_word' id='word_1_22' title='bbox 914 884 1026 927; x_wconf 89' lang='lat' dir='ltr'><strong>servus</strong></span> <span class='ocrx_word' id='word_1_23' title='bbox 1055 884 1222 928; x_wconf 88' lang='lat' dir='ltr'><strong>servorum</strong></span> <span class='ocrx_word' id='word_1_24' title='bbox 1251 865 1315 942; x_wconf 90' lang='lat' dir='ltr'><strong>dei,</strong></span> <span class='ocrx_word' id='word_1_25' title='bbox 1347 864 1526 928; x_wconf 86' lang='lat' dir='ltr'>venerabili</span> <span class='ocrx_word' id='word_1_26' title='bbox 1556 863 1646 928; x_wconf 89' lang='lat' dir='ltr'><strong>lratri</strong></span> <span class='ocrx_word' id='word_1_27' title='bbox 1669 867 1792 942; x_wconf 89' lang='lat' dir='ltr'><strong>loanni,</strong></span> <span class='ocrx_word' id='word_1_28' title='bbox 1823 865 1992 932; x_wconf 83' lang='lat' dir='ltr'><strong>Toletano</strong></span> 
     </span>
     <span class='ocr_line' id='line_1_6' title="bbox 321 953 1991 1041; baseline -0.002 -18"><span class='ocrx_word' id='word_1_29' title='bbox 321 956 568 1041; x_wconf 82' lang='lat' dir='ltr'>archiepiscopo</span> <span class='ocrx_word' id='word_1_30' title='bbox 588 953 611 1041; x_wconf 82' lang='lat'><strong>¹)</strong></span> <span class='ocrx_word' id='word_1_31' title='bbox 642 961 676 1016; x_wconf 90' lang='lat' dir='ltr'><strong>et</strong></span> <span class='ocrx_word' id='word_1_32' title='bbox 697 953 926 1035; x_wconf 91' lang='lat' dir='ltr'><strong>Hispaniaram</strong></span> <span class='ocrx_word' id='word_1_33' title='bbox 954 955 1093 1036; x_wconf 90' lang='lat' dir='ltr'><strong>primati,</strong></span> <span class='ocrx_word' id='word_1_34' title='bbox 1125 956 1256 1034; x_wconf 91' lang='lat' dir='ltr'><strong>eiusque</strong></span> <span class='ocrx_word' id='word_1_35' title='bbox 1287 953 1526 1018; x_wconf 90' lang='lat' dir='ltr'><strong>successoribus</strong></span> <span class='ocrx_word' id='word_1_36' title='bbox 1556 956 1710 1018; x_wconf 83' lang='lat' dir='ltr'><strong>canonice</strong></span> <span class='ocrx_word' id='word_1_37' title='bbox 1740 956 1991 1032; x_wconf 85' lang='lat' dir='ltr'><strong>substituendis,</strong></span> 
     </span>
     <span class='ocr_line' id='line_1_7' title="bbox 321 1041 1993 1130; baseline -0.001 -19"><span class='ocrx_word' id='word_1_38' title='bbox 321 1052 353 1112; x_wconf 94' lang='lat' dir='ltr'><strong>in</strong></span> <span class='ocrx_word' id='word_1_39' title='bbox 378 1053 581 1130; x_wconf 89' lang='lat' dir='ltr'><strong>perpetuum.</strong></span> <span class='ocrx_word' id='word_1_40' title='bbox 626 1043 842 1108; x_wconf 89' lang='lat' dir='ltr'><strong>Sacrosancta</strong></span> <span class='ocrx_word' id='word_1_41' title='bbox 856 1043 1005 1106; x_wconf 90' lang='lat' dir='ltr'><strong>Romana</strong></span> <span class='ocrx_word' id='word_1_42' title='bbox 1028 1043 1166 1106; x_wconf 89' lang='lat' dir='ltr'><strong>ecclesia</strong></span> <span class='ocrx_word' id='word_1_43' title='bbox 1184 1042 1220 1128; x_wconf 69' lang='grc' dir='ltr'><strong>α),</strong></span> <span class='ocrx_word' id='word_1_44' title='bbox 1243 1043 1285 1106; x_wconf 93' lang='lat' dir='ltr'><strong>ab</strong></span> <span class='ocrx_word' id='word_1_45' title='bbox 1309 1044 1380 1126; x_wconf 92' lang='lat' dir='ltr'><strong>ipso</strong></span> <span class='ocrx_word' id='word_1_46' title='bbox 1404 1041 1563 1106; x_wconf 84' lang='lat' dir='ltr'><strong>salvatore</strong></span> <span class='ocrx_word' id='word_1_47' title='bbox 1587 1047 1732 1108; x_wconf 90' lang='lat' dir='ltr'><strong>omnium</strong></span> <span class='ocrx_word' id='word_1_48' title='bbox 1756 1046 1893 1109; x_wconf 88' lang='lat' dir='ltr'><strong>domino</strong></span> <span class='ocrx_word' id='word_1_49' title='bbox 1918 1046 1993 1109; x_wconf 79' lang='lat' dir='ltr'><strong>Iesu</strong></span> 
     </span>
     <span class='ocr_line' id='line_1_8' title="bbox 322 1132 1993 1216; baseline -0.001 -16"><span class='ocrx_word' id='word_1_50' title='bbox 322 1135 461 1212; x_wconf 88' lang='lat' dir='ltr'><strong>Christo,</strong></span> <span class='ocrx_word' id='word_1_51' title='bbox 485 1141 584 1216; x_wconf 89' lang='lat' dir='ltr'><strong>caput</strong></span> <span class='ocrx_word' id='word_1_52' title='bbox 606 1141 640 1196; x_wconf 90' lang='lat' dir='ltr'><strong>et</strong></span> <span class='ocrx_word' id='word_1_53' title='bbox 655 1133 755 1196; x_wconf 92' lang='lat' dir='ltr'><strong>cardo</strong></span> <span class='ocrx_word' id='word_1_54' title='bbox 779 1139 829 1195; x_wconf 92' lang='lat' dir='ltr'><strong>est</strong></span> <span class='ocrx_word' id='word_1_55' title='bbox 844 1133 988 1194; x_wconf 91' lang='lat' dir='ltr'><strong>omnium</strong></span> <span class='ocrx_word' id='word_1_56' title='bbox 1012 1132 1220 1196; x_wconf 88' lang='lat' dir='ltr'><strong>ecclesiarum</strong></span> <span class='ocrx_word' id='word_1_57' title='bbox 1237 1135 1390 1206; x_wconf 89' lang='lat' dir='ltr'><strong>instituta,</strong></span> <span class='ocrx_word' id='word_1_58' title='bbox 1414 1139 1475 1196; x_wconf 90' lang='lat' dir='ltr'><strong>etc.</strong></span> <span class='ocrx_word' id='word_1_59' title='bbox 1512 1133 1658 1212; x_wconf 87' lang='lat' dir='ltr'><strong>Ideoque</strong></span> <span class='ocrx_word' id='word_1_60' title='bbox 1674 1135 1870 1197; x_wconf 88' lang='lat' dir='ltr'><strong>venerabilis</strong></span> <span class='ocrx_word' id='word_1_61' title='bbox 1890 1135 1993 1199; x_wconf 84' lang='lat' dir='ltr'><strong>frater</strong></span> 
     </span>
     <span class='ocr_line' id='line_1_9' title="bbox 320 1218 1992 1306; baseline -0.002 -16"><span class='ocrx_word' id='word_1_62' title='bbox 320 1227 467 1301; x_wconf 89' lang='lat' dir='ltr'><strong>Ioannes,</strong></span> <span class='ocrx_word' id='word_1_63' title='bbox 500 1242 597 1306; x_wconf 92' lang='lat' dir='ltr'><strong>quem</strong></span> <span class='ocrx_word' id='word_1_64' title='bbox 629 1242 705 1285; x_wconf 88' lang='lat' dir='ltr'><strong>vera</strong></span> <span class='ocrx_word' id='word_1_65' title='bbox 735 1222 767 1283; x_wconf 89' lang='lat' dir='ltr'><strong>in</strong></span> <span class='ocrx_word' id='word_1_66' title='bbox 791 1218 919 1285; x_wconf 92' lang='lat' dir='ltr'><strong>Christo</strong></span> <span class='ocrx_word' id='word_1_67' title='bbox 949 1221 1104 1285; x_wconf 84' lang='lat' dir='ltr'><strong>charitate</strong></span> <span class='ocrx_word' id='word_1_68' title='bbox 1127 1221 1307 1304; x_wconf 87' lang='lat' dir='ltr'><strong>diligimus,</strong></span> <span class='ocrx_word' id='word_1_69' title='bbox 1337 1223 1400 1284; x_wconf 91' lang='lat' dir='ltr'><strong>tuis</strong></span> <span class='ocrx_word' id='word_1_70' title='bbox 1432 1221 1678 1285; x_wconf 87' lang='lat' dir='ltr'><strong>rationabilibus</strong></span> <span class='ocrx_word' id='word_1_71' title='bbox 1710 1222 1992 1305; x_wconf 89' lang='lat' dir='ltr'><strong>postulationibus</strong></span> 
     </span>
     <span class='ocr_line' id='line_1_10' title="bbox 321 1309 1992 1400; baseline -0.002 -21"><span class='ocrx_word' id='word_1_72' title='bbox 321 1324 455 1400; x_wconf 72' lang='lat' dir='ltr'><strong>paterne</strong></span> <span class='ocrx_word' id='word_1_73' title='bbox 474 1310 503 1398; x_wconf 86' lang='lat' dir='ltr'><strong>b)</strong></span> <span class='ocrx_word' id='word_1_74' title='bbox 526 1311 653 1394; x_wconf 88' lang='lat' dir='ltr'><strong>pietatis</strong></span> <span class='ocrx_word' id='word_1_75' title='bbox 677 1309 785 1374; x_wconf 86' lang='lat' dir='ltr'><strong>afectu</strong></span> <span class='ocrx_word' id='word_1_76' title='bbox 808 1309 961 1373; x_wconf 89' lang='lat' dir='ltr'><strong>duximus</strong></span> <span class='ocrx_word' id='word_1_77' title='bbox 991 1311 1207 1374; x_wconf 91' lang='lat' dir='ltr'><strong>annuendum.</strong></span> <span class='ocrx_word' id='word_1_78' title='bbox 1252 1311 1314 1374; x_wconf 92' lang='lat' dir='ltr'><strong>Per</strong></span> <span class='ocrx_word' id='word_1_79' title='bbox 1344 1312 1502 1392; x_wconf 89' lang='lat' dir='ltr'><strong>presentis</strong></span> <span class='ocrx_word' id='word_1_80' title='bbox 1533 1331 1611 1393; x_wconf 85' lang='lat' dir='ltr'><strong>ergo</strong></span> <span class='ocrx_word' id='word_1_81' title='bbox 1643 1311 1802 1394; x_wconf 86' lang='lat' dir='ltr'><strong>privilegii</strong></span> <span class='ocrx_word' id='word_1_82' title='bbox 1834 1313 1992 1395; x_wconf 88' lang='lat' dir='ltr'><strong>paginam</strong></span> 
     </span>
     <span class='ocr_line' id='line_1_11' title="bbox 321 1399 1993 1488; baseline -0.002 -20"><span class='ocrx_word' id='word_1_83' title='bbox 321 1405 467 1488; x_wconf 89' lang='lat' dir='ltr'><strong>primatis</strong></span> <span class='ocrx_word' id='word_1_84' title='bbox 490 1403 680 1484; x_wconf 86' lang='lat' dir='ltr'><strong>dignitatem</strong></span> <span class='ocrx_word' id='word_1_85' title='bbox 698 1418 757 1480; x_wconf 91' lang='lat' dir='ltr'><strong>per</strong></span> <span class='ocrx_word' id='word_1_86' title='bbox 772 1399 999 1481; x_wconf 87' lang='lat' dir='ltr'><strong>Hispaniarum</strong></span> <span class='ocrx_word' id='word_1_87' title='bbox 1016 1419 1114 1482; x_wconf 84' lang='lat' dir='ltr'><strong>regna</strong></span> <span class='ocrx_word' id='word_1_88' title='bbox 1137 1399 1195 1462; x_wconf 91' lang='lat' dir='ltr'><strong>tibi</strong></span> <span class='ocrx_word' id='word_1_89' title='bbox 1219 1407 1253 1462; x_wconf 91' lang='lat' dir='ltr'><strong>et</strong></span> <span class='ocrx_word' id='word_1_90' title='bbox 1268 1399 1405 1484; x_wconf 78' lang='lat' dir='ltr'><strong>ecclesie</strong></span> <span class='ocrx_word' id='word_1_91' title='bbox 1421 1399 1581 1485; x_wconf 71' lang='lat' dir='ltr'><strong>Toletane</strong></span> <span class='ocrx_word' id='word_1_92' title='bbox 1598 1403 1789 1465; x_wconf 89' lang='lat' dir='ltr'><strong>auctoritate</strong></span> <span class='ocrx_word' id='word_1_93' title='bbox 1806 1403 1993 1484; x_wconf 91' lang='lat' dir='ltr'><strong>apostolica</strong></span> 
     </span>
     <span class='ocr_line' id='line_1_12' title="bbox 321 1488 1992 1574; baseline -0.002 -16"><span class='ocrx_word' id='word_1_94' title='bbox 321 1493 551 1558; x_wconf 87' lang='lat' dir='ltr'><strong>confirmamus</strong></span> <span class='ocrx_word' id='word_1_95' title='bbox 575 1498 635 1552; x_wconf 92' lang='lat' dir='ltr'><strong>etc.</strong></span> <span class='ocrx_word' id='word_1_96' title='bbox 680 1488 853 1551; x_wconf 91' lang='lat' dir='ltr'><strong>Primatem</strong></span> <span class='ocrx_word' id='word_1_97' title='bbox 877 1496 911 1551; x_wconf 95' lang='lat' dir='ltr'><strong>te</strong></span> <span class='ocrx_word' id='word_1_98' title='bbox 933 1489 1078 1574; x_wconf 76' lang='lat' dir='ltr'><strong>presules</strong></span> <span class='ocrx_word' id='word_1_99' title='bbox 1102 1490 1260 1574; x_wconf 69' lang='lat' dir='ltr'><strong>Hispanie</strong></span> <span class='ocrx_word' id='word_1_100' title='bbox 1283 1491 1457 1571; x_wconf 89' lang='lat' dir='ltr'><strong>respicient</strong></span> <span class='ocrx_word' id='word_1_101' title='bbox 1479 1498 1513 1552; x_wconf 88' lang='lat' dir='ltr'><strong>et</strong></span> <span class='ocrx_word' id='word_1_102' title='bbox 1535 1488 1578 1551; x_wconf 91' lang='lat' dir='ltr'><strong>ad</strong></span> <span class='ocrx_word' id='word_1_103' title='bbox 1601 1498 1644 1566; x_wconf 92' lang='lat' dir='ltr'><strong>te,</strong></span> <span class='ocrx_word' id='word_1_104' title='bbox 1667 1493 1694 1554; x_wconf 93' lang='lat' dir='ltr'><strong>si</strong></span> <span class='ocrx_word' id='word_1_105' title='bbox 1718 1490 1796 1571; x_wconf 93' lang='lat' dir='ltr'><strong>quid</strong></span> <span class='ocrx_word' id='word_1_106' title='bbox 1821 1493 1909 1554; x_wconf 90' lang='lat' dir='ltr'><strong>inter</strong></span> <span class='ocrx_word' id='word_1_107' title='bbox 1933 1511 1992 1554; x_wconf 91' lang='lat' dir='ltr'><strong>eos</strong></span> 
     </span>
    </p>
   </div>
   <div class='ocr_carea' id='block_1_5' title="bbox 323 1581 1367 1750">
    <p class='ocr_par' dir='ltr' id='par_1_5' title="bbox 323 1581 1367 1750">
     <span class='ocr_line' id='line_1_13' title="bbox 323 1581 902 1664; baseline -0.01 -17"><span class='ocrx_word' id='word_1_108' title='bbox 323 1583 498 1664; x_wconf 86' lang='lat' dir='ltr'><strong>questionis</strong></span> <span class='ocrx_word' id='word_1_109' title='bbox 521 1581 654 1663; x_wconf 84' lang='lat' dir='ltr'><strong>dignum</strong></span> <span class='ocrx_word' id='word_1_110' title='bbox 678 1585 838 1640; x_wconf 90' lang='lat' dir='ltr'><strong>exortum.</strong></span> <span class='ocrx_word' id='word_1_111' title='bbox 863 1624 870 1638; x_wconf 91' lang='lat'><strong>.</strong></span> <span class='ocrx_word' id='word_1_112' title='bbox 896 1627 902 1641; x_wconf 94' lang='lat'><strong>.</strong></span> 
     </span>
     <span class='ocr_line' id='line_1_14' title="bbox 533 1664 1367 1750; baseline -0.004 -19"><span class='ocrx_word' id='word_1_113' title='bbox 533 1667 606 1750; x_wconf 83' lang='lat' dir='ltr'><strong>Ego</strong></span> <span class='ocrx_word' id='word_1_114' title='bbox 629 1665 819 1730; x_wconf 86' lang='lat' dir='ltr'><strong>Alexander</strong></span> <span class='ocrx_word' id='word_1_115' title='bbox 841 1664 1002 1749; x_wconf 74' lang='lat' dir='ltr'><strong>catholice</strong></span> <span class='ocrx_word' id='word_1_116' title='bbox 1024 1665 1161 1750; x_wconf 72' lang='lat' dir='ltr'><strong>ecclesie</strong></span> <span class='ocrx_word' id='word_1_117' title='bbox 1183 1667 1367 1750; x_wconf 90' lang='lat' dir='ltr'><strong>episcopus.</strong></span> 
     </span>
    </p>
   </div>
   <div class='ocr_carea' id='block_1_6' title="bbox 321 1753 1992 3085">
    <p class='ocr_par' dir='ltr' id='par_1_6' title="bbox 533 1753 1222 1839">
     <span class='ocr_line' id='line_1_15' title="bbox 533 1753 1222 1839; baseline -0.003 -18"><span class='ocrx_word' id='word_1_118' title='bbox 533 1757 606 1839; x_wconf 84' lang='lat' dir='ltr'><strong>Ego</strong></span> <span class='ocrx_word' id='word_1_119' title='bbox 632 1755 793 1820; x_wconf 89' lang='lat' dir='ltr'><strong>Galterius</strong></span> <span class='ocrx_word' id='word_1_120' title='bbox 816 1753 1015 1818; x_wconf 89' lang='lat' dir='ltr'><strong>Albanensis</strong></span> <span class='ocrx_word' id='word_1_121' title='bbox 1038 1758 1222 1838; x_wconf 89' lang='lat' dir='ltr'><strong>episcopus.</strong></span> 
     </span>
    </p>

    <p class='ocr_par' dir='ltr' id='par_1_7' title="bbox 533 1842 1991 1928">
     <span class='ocr_line' id='line_1_16' title="bbox 533 1842 1991 1928; baseline 0.003 -21"><span class='ocrx_word' id='word_1_122' title='bbox 533 1844 606 1928; x_wconf 86' lang='lat' dir='ltr'><strong>Ego</strong></span> <span class='ocrx_word' id='word_1_123' title='bbox 627 1846 765 1908; x_wconf 90' lang='lat' dir='ltr'><strong>loannes</strong></span> <span class='ocrx_word' id='word_1_124' title='bbox 788 1844 952 1926; x_wconf 90' lang='lat' dir='ltr'><strong>presbiter</strong></span> <span class='ocrx_word' id='word_1_125' title='bbox 967 1842 1137 1908; x_wconf 90' lang='lat' dir='ltr'><strong>cardinalis</strong></span> <span class='ocrx_word' id='word_1_126' title='bbox 1157 1852 1342 1908; x_wconf 88' lang='lat' dir='ltr'><strong>sanctorum</strong></span> <span class='ocrx_word' id='word_1_127' title='bbox 1361 1843 1514 1908; x_wconf 89' lang='lat' dir='ltr'><strong>Iohannis</strong></span> <span class='ocrx_word' id='word_1_128' title='bbox 1530 1852 1563 1907; x_wconf 92' lang='lat' dir='ltr'><strong>et</strong></span> <span class='ocrx_word' id='word_1_129' title='bbox 1582 1845 1672 1908; x_wconf 92' lang='lat' dir='ltr'><strong>Pauli</strong></span> <span class='ocrx_word' id='word_1_130' title='bbox 1692 1846 1737 1909; x_wconf 87' lang='lat' dir='ltr'><strong>tit</strong></span> <span class='ocrx_word' id='word_1_131' title='bbox 1757 1845 1925 1910; x_wconf 87' lang='lat' dir='ltr'><strong>Pamachii</strong></span> <span class='ocrx_word' id='word_1_132' title='bbox 1948 1868 1991 1910; x_wconf 92' lang='lat' dir='ltr'><strong>ss.</strong></span> 
     </span>
    </p>

    <p class='ocr_par' dir='ltr' id='par_1_8' title="bbox 533 1932 1742 2018">
     <span class='ocr_line' id='line_1_17' title="bbox 533 1932 1742 2018; baseline 0 -20"><span class='ocrx_word' id='word_1_133' title='bbox 533 1935 606 2018; x_wconf 81' lang='lat' dir='ltr'><strong>Ego</strong></span> <span class='ocrx_word' id='word_1_134' title='bbox 631 1932 826 1998; x_wconf 89' lang='lat' dir='ltr'><strong>Guillermus</strong></span> <span class='ocrx_word' id='word_1_135' title='bbox 850 1933 1012 2015; x_wconf 88' lang='lat' dir='ltr'><strong>presbiter</strong></span> <span class='ocrx_word' id='word_1_136' title='bbox 1034 1933 1203 1998; x_wconf 89' lang='lat' dir='ltr'><strong>cardinalis</strong></span> <span class='ocrx_word' id='word_1_137' title='bbox 1226 1936 1274 1997; x_wconf 93' lang='lat' dir='ltr'><strong>tit.</strong></span> <span class='ocrx_word' id='word_1_138' title='bbox 1297 1935 1398 1998; x_wconf 90' lang='lat' dir='ltr'><strong>sancti</strong></span> <span class='ocrx_word' id='word_1_139' title='bbox 1420 1935 1506 1998; x_wconf 91' lang='lat' dir='ltr'><strong>Petri</strong></span> <span class='ocrx_word' id='word_1_140' title='bbox 1529 1935 1572 1997; x_wconf 93' lang='lat' dir='ltr'><strong>ad</strong></span> <span class='ocrx_word' id='word_1_141' title='bbox 1595 1933 1742 1998; x_wconf 83' lang='lat' dir='ltr'><strong>Vincula</strong></span> 
     </span>
    </p>

    <p class='ocr_par' dir='ltr' id='par_1_9' title="bbox 533 2021 1899 2107">
     <span class='ocr_line' id='line_1_18' title="bbox 533 2021 1899 2107; baseline 0 -21"><span class='ocrx_word' id='word_1_142' title='bbox 533 2024 606 2107; x_wconf 82' lang='lat' dir='ltr'><strong>Ego</strong></span> <span class='ocrx_word' id='word_1_143' title='bbox 630 2024 719 2086; x_wconf 93' lang='lat' dir='ltr'><strong>Boso</strong></span> <span class='ocrx_word' id='word_1_144' title='bbox 742 2021 901 2105; x_wconf 91' lang='lat' dir='ltr'><strong>presbiter</strong></span> <span class='ocrx_word' id='word_1_145' title='bbox 923 2022 1095 2086; x_wconf 91' lang='lat' dir='ltr'><strong>cardinalis</strong></span> <span class='ocrx_word' id='word_1_146' title='bbox 1117 2024 1164 2086; x_wconf 90' lang='lat' dir='ltr'><strong>tit.</strong></span> <span class='ocrx_word' id='word_1_147' title='bbox 1187 2032 1317 2087; x_wconf 87' lang='lat' dir='ltr'><strong>sanctae</strong></span> <span class='ocrx_word' id='word_1_148' title='bbox 1339 2023 1541 2107; x_wconf 74' lang='lat' dir='ltr'><strong>Pudentiane</strong></span> <span class='ocrx_word' id='word_1_149' title='bbox 1564 2031 1598 2086; x_wconf 89' lang='lat' dir='ltr'><strong>et</strong></span> <span class='ocrx_word' id='word_1_150' title='bbox 1620 2027 1722 2087; x_wconf 88' lang='lat' dir='ltr'><strong>sancti</strong></span> <span class='ocrx_word' id='word_1_151' title='bbox 1746 2024 1899 2088; x_wconf 89' lang='lat' dir='ltr'><strong>Pastoris.</strong></span> 
     </span>
    </p>

    <p class='ocr_par' dir='ltr' id='par_1_10' title="bbox 534 2111 1738 2195">
     <span class='ocr_line' id='line_1_19' title="bbox 534 2111 1738 2195; baseline 0.001 -19"><span class='ocrx_word' id='word_1_152' title='bbox 534 2113 607 2195; x_wconf 83' lang='lat' dir='ltr'><strong>Ego</strong></span> <span class='ocrx_word' id='word_1_153' title='bbox 630 2113 744 2176; x_wconf 92' lang='lat' dir='ltr'><strong>Petrus</strong></span> <span class='ocrx_word' id='word_1_154' title='bbox 767 2112 929 2193; x_wconf 90' lang='lat' dir='ltr'><strong>presbiter</strong></span> <span class='ocrx_word' id='word_1_155' title='bbox 952 2111 1121 2175; x_wconf 89' lang='lat' dir='ltr'><strong>cardinalis</strong></span> <span class='ocrx_word' id='word_1_156' title='bbox 1143 2115 1191 2175; x_wconf 89' lang='lat' dir='ltr'><strong>tit</strong></span> <span class='ocrx_word' id='word_1_157' title='bbox 1214 2115 1317 2175; x_wconf 88' lang='lat' dir='ltr'><strong>saneti</strong></span> <span class='ocrx_word' id='word_1_158' title='bbox 1340 2113 1506 2176; x_wconf 91' lang='lat' dir='ltr'><strong>Laurentii</strong></span> <span class='ocrx_word' id='word_1_159' title='bbox 1528 2113 1560 2174; x_wconf 92' lang='lat' dir='ltr'><strong>in</strong></span> <span class='ocrx_word' id='word_1_160' title='bbox 1584 2113 1738 2177; x_wconf 86' lang='lat' dir='ltr'><strong>Damaso.</strong></span> 
     </span>
    </p>

    <p class='ocr_par' dir='ltr' id='par_1_11' title="bbox 534 2198 1712 2287">
     <span class='ocr_line' id='line_1_20' title="bbox 534 2198 1712 2287; baseline -0.001 -23"><span class='ocrx_word' id='word_1_161' title='bbox 534 2201 607 2284; x_wconf 86' lang='lat' dir='ltr'><strong>Ego</strong></span> <span class='ocrx_word' id='word_1_162' title='bbox 630 2198 830 2264; x_wconf 89' lang='lat' dir='ltr'><strong>Theodenus</strong></span> <span class='ocrx_word' id='word_1_163' title='bbox 852 2199 1014 2282; x_wconf 90' lang='lat' dir='ltr'><strong>presbiter</strong></span> <span class='ocrx_word' id='word_1_164' title='bbox 1036 2201 1208 2265; x_wconf 91' lang='lat' dir='ltr'><strong>cardinalis</strong></span> <span class='ocrx_word' id='word_1_165' title='bbox 1230 2204 1333 2265; x_wconf 88' lang='lat' dir='ltr'><strong>sancti</strong></span> <span class='ocrx_word' id='word_1_166' title='bbox 1355 2200 1472 2264; x_wconf 90' lang='lat' dir='ltr'><strong>Vitalis</strong></span> <span class='ocrx_word' id='word_1_167' title='bbox 1496 2203 1544 2264; x_wconf 92' lang='lat' dir='ltr'><strong>tit.</strong></span> <span class='ocrx_word' id='word_1_168' title='bbox 1568 2202 1712 2287; x_wconf 68' lang='lat' dir='ltr'><strong>Vestine.</strong></span> 
     </span>
    </p>

    <p class='ocr_par' dir='ltr' id='par_1_12' title="bbox 534 2288 1992 2376">
     <span class='ocr_line' id='line_1_21' title="bbox 534 2288 1992 2376; baseline 0.002 -23"><span class='ocrx_word' id='word_1_169' title='bbox 534 2291 608 2374; x_wconf 82' lang='lat' dir='ltr'><strong>Ego</strong></span> <span class='ocrx_word' id='word_1_170' title='bbox 640 2288 798 2354; x_wconf 90' lang='lat' dir='ltr'><strong>Galdinus</strong></span> <span class='ocrx_word' id='word_1_171' title='bbox 836 2289 998 2371; x_wconf 88' lang='lat' dir='ltr'><strong>presbiter</strong></span> <span class='ocrx_word' id='word_1_172' title='bbox 1029 2290 1204 2354; x_wconf 86' lang='lat' dir='ltr'><strong>cardinalis</strong></span> <span class='ocrx_word' id='word_1_173' title='bbox 1237 2293 1285 2353; x_wconf 88' lang='lat' dir='ltr'><strong>tit.</strong></span> <span class='ocrx_word' id='word_1_174' title='bbox 1316 2299 1448 2354; x_wconf 89' lang='lat' dir='ltr'><strong>sanctae</strong></span> <span class='ocrx_word' id='word_1_175' title='bbox 1480 2289 1621 2354; x_wconf 90' lang='lat' dir='ltr'><strong>Sabinae</strong></span> <span class='ocrx_word' id='word_1_176' title='bbox 1655 2299 1688 2354; x_wconf 93' lang='lat' dir='ltr'><strong>et</strong></span> <span class='ocrx_word' id='word_1_177' title='bbox 1721 2289 1992 2376; x_wconf 89' lang='lat' dir='ltr'><strong>archiepiscopus</strong></span> 
     </span>
    </p>

    <p class='ocr_par' dir='ltr' id='par_1_13' title="bbox 745 2377 1004 2442">
     <span class='ocr_line' id='line_1_22' title="bbox 745 2377 1004 2442; baseline -0.008 0"><span class='ocrx_word' id='word_1_178' title='bbox 745 2377 1004 2442; x_wconf 87' lang='lat' dir='ltr'><strong>Mediolanensis.</strong></span> 
     </span>
    </p>

    <p class='ocr_par' dir='ltr' id='par_1_14' title="bbox 533 2465 1765 2555">
     <span class='ocr_line' id='line_1_23' title="bbox 533 2465 1765 2555; baseline 0.001 -26"><span class='ocrx_word' id='word_1_179' title='bbox 533 2465 607 2550; x_wconf 85' lang='lat' dir='ltr'><strong>Ego</strong></span> <span class='ocrx_word' id='word_1_180' title='bbox 629 2467 771 2531; x_wconf 89' lang='lat' dir='ltr'><strong>lacintus</strong></span> <span class='ocrx_word' id='word_1_181' title='bbox 792 2466 949 2531; x_wconf 87' lang='lat' dir='ltr'><strong>diaconus</strong></span> <span class='ocrx_word' id='word_1_182' title='bbox 973 2467 1145 2530; x_wconf 90' lang='lat' dir='ltr'><strong>cardinalis</strong></span> <span class='ocrx_word' id='word_1_183' title='bbox 1167 2470 1215 2531; x_wconf 90' lang='lat' dir='ltr'><strong>tit.</strong></span> <span class='ocrx_word' id='word_1_184' title='bbox 1238 2475 1370 2532; x_wconf 89' lang='lat' dir='ltr'><strong>sanctae</strong></span> <span class='ocrx_word' id='word_1_185' title='bbox 1393 2468 1497 2555; x_wconf 73' lang='lat' dir='ltr'><strong>Marie</strong></span> <span class='ocrx_word' id='word_1_186' title='bbox 1520 2469 1553 2530; x_wconf 89' lang='lat' dir='ltr'><strong>in</strong></span> <span class='ocrx_word' id='word_1_187' title='bbox 1576 2467 1765 2533; x_wconf 91' lang='lat' dir='ltr'><strong>Cosmedin.</strong></span> 
     </span>
    </p>

    <p class='ocr_par' dir='ltr' id='par_1_15' title="bbox 533 2554 1767 2638">
     <span class='ocr_line' id='line_1_24' title="bbox 533 2554 1767 2638; baseline 0.002 -18"><span class='ocrx_word' id='word_1_188' title='bbox 533 2558 607 2638; x_wconf 82' lang='lat' dir='ltr'><strong>Ego</strong></span> <span class='ocrx_word' id='word_1_189' title='bbox 632 2554 710 2619; x_wconf 93' lang='lat' dir='ltr'><strong>Odo</strong></span> <span class='ocrx_word' id='word_1_190' title='bbox 732 2556 889 2620; x_wconf 89' lang='lat' dir='ltr'><strong>diaconus</strong></span> <span class='ocrx_word' id='word_1_191' title='bbox 912 2557 1082 2620; x_wconf 89' lang='lat' dir='ltr'><strong>cardinalis</strong></span> <span class='ocrx_word' id='word_1_192' title='bbox 1104 2559 1205 2621; x_wconf 89' lang='lat' dir='ltr'><strong>sancti</strong></span> <span class='ocrx_word' id='word_1_193' title='bbox 1228 2557 1379 2622; x_wconf 83' lang='lat' dir='ltr'><strong>Nicholai</strong></span> <span class='ocrx_word' id='word_1_194' title='bbox 1402 2558 1433 2619; x_wconf 90' lang='lat' dir='ltr'><strong>in</strong></span> <span class='ocrx_word' id='word_1_195' title='bbox 1456 2577 1584 2621; x_wconf 88' lang='lat' dir='ltr'><strong>carcere</strong></span> <span class='ocrx_word' id='word_1_196' title='bbox 1608 2557 1767 2622; x_wconf 90' lang='lat' dir='ltr'><strong>Tulliano.</strong></span> 
     </span>
    </p>

    <p class='ocr_par' dir='ltr' id='par_1_16' title="bbox 534 2643 1495 2731">
     <span class='ocr_line' id='line_1_25' title="bbox 534 2643 1495 2731; baseline 0 -23"><span class='ocrx_word' id='word_1_197' title='bbox 534 2645 607 2727; x_wconf 85' lang='lat' dir='ltr'><strong>Ego</strong></span> <span class='ocrx_word' id='word_1_198' title='bbox 630 2643 779 2710; x_wconf 85' lang='lat' dir='ltr'><strong>Cinthius</strong></span> <span class='ocrx_word' id='word_1_199' title='bbox 799 2643 826 2731; x_wconf 82' lang='lat' dir='ltr'><strong>c)</strong></span> <span class='ocrx_word' id='word_1_200' title='bbox 848 2645 1006 2709; x_wconf 90' lang='lat' dir='ltr'><strong>diaconus</strong></span> <span class='ocrx_word' id='word_1_201' title='bbox 1029 2645 1198 2710; x_wconf 89' lang='lat' dir='ltr'><strong>cardinalis</strong></span> <span class='ocrx_word' id='word_1_202' title='bbox 1222 2649 1325 2710; x_wconf 91' lang='lat' dir='ltr'><strong>sancti</strong></span> <span class='ocrx_word' id='word_1_203' title='bbox 1349 2646 1495 2711; x_wconf 87' lang='lat' dir='ltr'><strong>Adriani.</strong></span> 
     </span>
    </p>

    <p class='ocr_par' dir='ltr' id='par_1_17' title="bbox 533 2732 1923 2822">
     <span class='ocr_line' id='line_1_26' title="bbox 533 2732 1923 2822; baseline 0.001 -25"><span class='ocrx_word' id='word_1_204' title='bbox 533 2736 607 2816; x_wconf 85' lang='lat' dir='ltr'><strong>Ego</strong></span> <span class='ocrx_word' id='word_1_205' title='bbox 630 2735 729 2816; x_wconf 85' lang='lat' dir='ltr'><strong>Hugo</strong></span> <span class='ocrx_word' id='word_1_206' title='bbox 753 2735 908 2798; x_wconf 89' lang='lat' dir='ltr'><strong>diaconus</strong></span> <span class='ocrx_word' id='word_1_207' title='bbox 931 2735 1103 2798; x_wconf 89' lang='lat' dir='ltr'><strong>cardinalis</strong></span> <span class='ocrx_word' id='word_1_208' title='bbox 1125 2737 1227 2798; x_wconf 87' lang='lat' dir='ltr'><strong>sancti</strong></span> <span class='ocrx_word' id='word_1_209' title='bbox 1251 2735 1416 2799; x_wconf 87' lang='lat' dir='ltr'><strong>Eustachii</strong></span> <span class='ocrx_word' id='word_1_210' title='bbox 1440 2737 1530 2799; x_wconf 89' lang='lat' dir='ltr'><strong>iuxta</strong></span> <span class='ocrx_word' id='word_1_211' title='bbox 1552 2735 1712 2819; x_wconf 90' lang='lat' dir='ltr'><strong>templum</strong></span> <span class='ocrx_word' id='word_1_212' title='bbox 1734 2732 1923 2822; x_wconf 68' lang='lat' dir='ltr'><strong>Agriplp)e.</strong></span> 
     </span>
    </p>

    <p class='ocr_par' dir='ltr' id='par_1_18' title="bbox 481 2822 1991 2910">
     <span class='ocr_line' id='line_1_27' title="bbox 481 2822 1991 2910; baseline 0.002 -25"><span class='ocrx_word' id='word_1_213' title='bbox 481 2823 603 2886; x_wconf 92' lang='lat' dir='ltr'><strong>Datum</strong></span> <span class='ocrx_word' id='word_1_214' title='bbox 635 2823 786 2888; x_wconf 84' lang='lat' dir='ltr'><strong>Laterani</strong></span> <span class='ocrx_word' id='word_1_215' title='bbox 805 2823 850 2910; x_wconf 85' lang='lat' dir='ltr'><strong>d),</strong></span> <span class='ocrx_word' id='word_1_216' title='bbox 881 2843 941 2906; x_wconf 91' lang='lat' dir='ltr'><strong>per</strong></span> <span class='ocrx_word' id='word_1_217' title='bbox 970 2844 1103 2887; x_wconf 92' lang='lat' dir='ltr'><strong>manum</strong></span> <span class='ocrx_word' id='word_1_218' title='bbox 1135 2822 1285 2902; x_wconf 90' lang='lat' dir='ltr'><strong>Geraldi,</strong></span> <span class='ocrx_word' id='word_1_219' title='bbox 1321 2832 1433 2888; x_wconf 89' lang='lat' dir='ltr'><strong>sancte</strong></span> <span class='ocrx_word' id='word_1_220' title='bbox 1465 2825 1614 2889; x_wconf 88' lang='lat' dir='ltr'><strong>Romane</strong></span> <span class='ocrx_word' id='word_1_221' title='bbox 1643 2825 1778 2889; x_wconf 90' lang='lat' dir='ltr'><strong>ecclesie</strong></span> <span class='ocrx_word' id='word_1_222' title='bbox 1809 2827 1991 2908; x_wconf 90' lang='lat' dir='ltr'><strong>scriptoris.</strong></span> 
     </span>
    </p>

    <p class='ocr_par' dir='ltr' id='par_1_19' title="bbox 321 2911 1992 3085">
     <span class='ocr_line' id='line_1_28' title="bbox 321 2911 1992 3000; baseline 0.001 -24"><span class='ocrx_word' id='word_1_223' title='bbox 321 2927 362 2977; x_wconf 91' lang='lat'><strong>111</strong></span> <span class='ocrx_word' id='word_1_224' title='bbox 383 2911 459 2976; x_wconf 90' lang='lat' dir='ltr'><strong>ldus</strong></span> <span class='ocrx_word' id='word_1_225' title='bbox 474 2911 676 2976; x_wconf 90' lang='lat' dir='ltr'><strong>Decembris.</strong></span> <span class='ocrx_word' id='word_1_226' title='bbox 720 2913 900 2977; x_wconf 90' lang='lat' dir='ltr'><strong>Indictione</strong></span> <span class='ocrx_word' id='word_1_227' title='bbox 923 2927 980 2976; x_wconf 87' lang='lat' dir='ltr'><strong>xv.</strong></span> <span class='ocrx_word' id='word_1_228' title='bbox 1025 2914 1258 2978; x_wconf 88' lang='lat' dir='ltr'><strong>lncarnationis</strong></span> <span class='ocrx_word' id='word_1_229' title='bbox 1282 2914 1443 3000; x_wconf 71' lang='lat' dir='ltr'><strong>dominice</strong></span> <span class='ocrx_word' id='word_1_230' title='bbox 1465 2935 1551 2978; x_wconf 89' lang='lat' dir='ltr'><strong>anno</strong></span> <span class='ocrx_word' id='word_1_231' title='bbox 1575 2926 1731 2978; x_wconf 82' lang='lat' dir='ltr'><strong>MCvau.</strong></span> <span class='ocrx_word' id='word_1_232' title='bbox 1776 2915 1992 2979; x_wconf 87' lang='lat' dir='ltr'><strong>Pontificatus</strong></span> 
     </span>
     <span class='ocr_line' id='line_1_29' title="bbox 323 3001 935 3085; baseline -0.007 -18"><span class='ocrx_word' id='word_1_233' title='bbox 323 3001 504 3068; x_wconf 87' lang='lat' dir='ltr'><strong>Alexandri</strong></span> <span class='ocrx_word' id='word_1_234' title='bbox 527 3021 615 3085; x_wconf 89' lang='lat' dir='ltr'><strong>pape</strong></span> <span class='ocrx_word' id='word_1_235' title='bbox 636 3017 676 3066; x_wconf 88' lang='lat'><strong>111</strong></span> <span class='ocrx_word' id='word_1_236' title='bbox 698 3022 784 3066; x_wconf 89' lang='lat' dir='ltr'><strong>anno</strong></span> <span class='ocrx_word' id='word_1_237' title='bbox 807 3009 935 3066; x_wconf 87' lang='lat' dir='ltr'><strong>octavo.</strong></span> 
     </span>
    </p>
   </div>
   <div class='ocr_carea' id='block_1_7' title="bbox 482 3114 1488 3184">
    <p class='ocr_par' dir='ltr' id='par_1_20' title="bbox 482 3114 1488 3184">
     <span class='ocr_line' id='line_1_30' title="bbox 482 3114 1488 3184; baseline 0.002 -16"><span class='ocrx_word' id='word_1_238' title='bbox 482 3115 606 3184; x_wconf 81' lang='lat' dir='ltr'><strong>Absclre&#39;ft</strong></span> <span class='ocrx_word' id='word_1_239' title='bbox 622 3115 662 3166; x_wconf 82' lang='lat' dir='ltr'><strong>des</strong></span> <span class='ocrx_word' id='word_1_240' title='bbox 683 3116 740 3166; x_wconf 82' lang='lat' dir='ltr'><strong>Cod.</strong></span> <span class='ocrx_word' id='word_1_241' title='bbox 762 3115 789 3168; x_wconf 91' lang='lat' dir='ltr'><strong>C.</strong></span> <span class='ocrx_word' id='word_1_242' title='bbox 808 3117 842 3167; x_wconf 78' lang='lat'><strong>23</strong></span> <span class='ocrx_word' id='word_1_243' title='bbox 851 3117 903 3182; x_wconf 86' lang='lat' dir='ltr'><strong>sol.</strong></span> <span class='ocrx_word' id='word_1_244' title='bbox 924 3116 980 3176; x_wconf 59' lang='grc' dir='ltr'><strong>σθ,</strong></span> <span class='ocrx_word' id='word_1_245' title='bbox 999 3114 1026 3165; x_wconf 72' lang='lat' dir='ltr'><strong>in</strong></span> <span class='ocrx_word' id='word_1_246' title='bbox 1043 3115 1087 3166; x_wconf 80' lang='lat' dir='ltr'><strong>der</strong></span> <span class='ocrx_word' id='word_1_247' title='bbox 1103 3117 1167 3168; x_wconf 80' lang='lat' dir='ltr'><strong>Br&#39;bl.</strong></span> <span class='ocrx_word' id='word_1_248' title='bbox 1190 3116 1355 3168; x_wconf 73' lang='lat' dir='ltr'><strong>Valliceltana</strong></span> <span class='ocrx_word' id='word_1_249' title='bbox 1371 3133 1401 3166; x_wconf 82' lang='lat' dir='ltr'><strong>su</strong></span> <span class='ocrx_word' id='word_1_250' title='bbox 1418 3119 1488 3170; x_wconf 82' lang='lat' dir='ltr'><strong>Rene.</strong></span> 
     </span>
    </p>
   </div>
   <div class='ocr_carea' id='block_1_8' title="bbox 1063 3401 1248 3479">
    <p class='ocr_par' dir='ltr' id='par_1_21' title="bbox 1063 3401 1248 3479">
     <span class='ocr_line' id='line_1_31' title="bbox 1063 3401 1248 3479; baseline 0 -1"><span class='ocrx_word' id='word_1_251' title='bbox 1063 3401 1129 3478; x_wconf 66' lang='grc' dir='ltr'><strong>ΝΥ.</strong></span> <span class='ocrx_word' id='word_1_252' title='bbox 1158 3405 1248 3479; x_wconf 82' lang='grc'><strong>207.</strong></span> 
     </span>
    </p>
   </div>
   <div class='ocr_carea' id='block_1_9' title="bbox 323 3532 1995 3622">
    <p class='ocr_par' dir='ltr' id='par_1_22' title="bbox 323 3532 1995 3622">
     <span class='ocr_line' id='line_1_32' title="bbox 323 3532 1995 3622; baseline 0.002 -24"><span class='ocrx_word' id='word_1_253' title='bbox 323 3532 507 3599; x_wconf 75' lang='lat' dir='ltr'><strong>Alexander</strong></span> <span class='ocrx_word' id='word_1_254' title='bbox 520 3534 586 3599; x_wconf 87' lang='lat' dir='ltr'><strong>III</strong></span> <span class='ocrx_word' id='word_1_255' title='bbox 605 3534 755 3599; x_wconf 75' lang='lat' dir='ltr'><strong>bericatet</strong></span> <span class='ocrx_word' id='word_1_256' title='bbox 773 3535 847 3600; x_wconf 85' lang='lat' dir='ltr'><strong>dem</strong></span> <span class='ocrx_word' id='word_1_257' title='bbox 870 3534 1085 3616; x_wconf 77' lang='lat' dir='ltr'><strong>Erebischcse</strong></span> <span class='ocrx_word' id='word_1_258' title='bbox 1105 3557 1170 3601; x_wconf 86' lang='lat' dir='ltr'><strong>von</strong></span> <span class='ocrx_word' id='word_1_259' title='bbox 1188 3537 1310 3616; x_wconf 85' lang='lat' dir='ltr'><strong>Genua,</strong></span> <span class='ocrx_word' id='word_1_260' title='bbox 1330 3557 1368 3601; x_wconf 85' lang='lat' dir='ltr'><strong>er</strong></span> <span class='ocrx_word' id='word_1_261' title='bbox 1380 3537 1431 3600; x_wconf 88' lang='lat' dir='ltr'><strong>sei</strong></span> <span class='ocrx_word' id='word_1_262' title='bbox 1436 3536 1568 3620; x_wconf 83' lang='lat' dir='ltr'><strong>gesund</strong></span> <span class='ocrx_word' id='word_1_263' title='bbox 1579 3535 1649 3600; x_wconf 81' lang='lat' dir='ltr'><strong>und</strong></span> <span class='ocrx_word' id='word_1_264' title='bbox 1661 3536 1745 3618; x_wconf 64' lang='lat' dir='ltr'><strong>bleffe</strong></span> <span class='ocrx_word' id='word_1_265' title='bbox 1758 3538 1829 3617; x_wconf 85' lang='lat' dir='ltr'><strong>auf</strong></span> <span class='ocrx_word' id='word_1_266' title='bbox 1838 3537 1995 3622; x_wconf 55' lang='lat' dir='ltr'><strong>baldegen</strong></span> 
     </span>
    </p>
   </div>
   <div class='ocr_carea' id='block_1_10' title="bbox 325 3623 1996 3800">
    <p class='ocr_par' dir='ltr' id='par_1_23' title="bbox 325 3623 1996 3800">
     <span class='ocr_line' id='line_1_33' title="bbox 325 3623 1996 3704; baseline 0.002 -16"><span class='ocrx_word' id='word_1_267' title='bbox 325 3623 480 3702; x_wconf 78' lang='lat' dir='ltr'><strong>Freedm,·</strong></span> <span class='ocrx_word' id='word_1_268' title='bbox 508 3643 546 3687; x_wconf 88' lang='lat' dir='ltr'><strong>er</strong></span> <span class='ocrx_word' id='word_1_269' title='bbox 574 3623 705 3688; x_wconf 84' lang='lat' dir='ltr'><strong>ersuclet</strong></span> <span class='ocrx_word' id='word_1_270' title='bbox 726 3623 796 3704; x_wconf 74' lang='lat' dir='ltr'><strong>ilia,</strong></span> <span class='ocrx_word' id='word_1_271' title='bbox 827 3624 881 3689; x_wconf 87' lang='lat' dir='ltr'><strong>die</strong></span> <span class='ocrx_word' id='word_1_272' title='bbox 905 3623 1051 3689; x_wconf 75' lang='lat' dir='ltr'><strong>Komln</strong></span> <span class='ocrx_word' id='word_1_273' title='bbox 1073 3647 1133 3690; x_wconf 85' lang='lat' dir='ltr'><strong>von</strong></span> <span class='ocrx_word' id='word_1_274' title='bbox 1160 3626 1272 3690; x_wconf 88' lang='lat' dir='ltr'><strong>Genua</strong></span> <span class='ocrx_word' id='word_1_275' title='bbox 1293 3647 1334 3691; x_wconf 83' lang='lat' dir='ltr'><strong>au</strong></span> <span class='ocrx_word' id='word_1_276' title='bbox 1357 3625 1546 3701; x_wconf 80' lang='lat' dir='ltr'><strong>ermahnen,</strong></span> <span class='ocrx_word' id='word_1_277' title='bbox 1579 3625 1660 3690; x_wconf 87' lang='lat' dir='ltr'><strong>dass</strong></span> <span class='ocrx_word' id='word_1_278' title='bbox 1681 3623 1728 3690; x_wconf 75' lang='lat' dir='ltr'><strong>sie</strong></span> <span class='ocrx_word' id='word_1_279' title='bbox 1748 3627 1812 3691; x_wconf 84' lang='lat' dir='ltr'><strong>das</strong></span> <span class='ocrx_word' id='word_1_280' title='bbox 1834 3628 1996 3692; x_wconf 65' lang='lat' dir='ltr'><strong>remeate</strong></span> 
     </span>
     <span class='ocr_line' id='line_1_34' title="bbox 445 3711 1875 3800; baseline 0.003 -24"><span class='ocrx_word' id='word_1_281' title='bbox 445 3713 644 3778; x_wconf 80' lang='lat' dir='ltr'><strong>Besitatbum</strong></span> <span class='ocrx_word' id='word_1_282' title='bbox 668 3713 729 3778; x_wconf 85' lang='lat' dir='ltr'><strong>der</strong></span> <span class='ocrx_word' id='word_1_283' title='bbox 751 3714 842 3779; x_wconf 83' lang='lat' dir='ltr'><strong>Insel</strong></span> <span class='ocrx_word' id='word_1_284' title='bbox 861 3711 1036 3779; x_wconf 80' lang='lat' dir='ltr'><strong>Sarde&#39;eeien</strong></span> <span class='ocrx_word' id='word_1_285' title='bbox 1051 3737 1157 3799; x_wconf 85' lang='lat' dir='ltr'><strong>gegen</strong></span> <span class='ocrx_word' id='word_1_286' title='bbox 1179 3715 1234 3780; x_wconf 85' lang='lat' dir='ltr'><strong>die</strong></span> <span class='ocrx_word' id='word_1_287' title='bbox 1256 3713 1404 3800; x_wconf 57' lang='lat' dir='ltr'><strong>Aeffnffe</strong></span> <span class='ocrx_word' id='word_1_288' title='bbox 1425 3715 1486 3778; x_wconf 86' lang='lat' dir='ltr'><strong>der</strong></span> <span class='ocrx_word' id='word_1_289' title='bbox 1507 3715 1647 3779; x_wconf 84' lang='lat' dir='ltr'><strong>Pisaner</strong></span> <span class='ocrx_word' id='word_1_290' title='bbox 1667 3714 1818 3780; x_wconf 71' lang='lat' dir='ltr'><strong>scheram</strong></span> <span class='ocrx_word' id='word_1_291' title='bbox 1834 3717 1875 3799; x_wconf 83' lang='lat'><strong>²).</strong></span> 
     </span>
    </p>
   </div>
   <div class='ocr_carea' id='block_1_11' title="bbox 838 3827 1479 3916">
    <p class='ocr_par' dir='ltr' id='par_1_24' title="bbox 838 3827 1479 3916">
     <span class='ocr_line' id='line_1_35' title="bbox 838 3827 1479 3916; baseline -0.002 -22"><span class='ocrx_word' id='word_1_292' title='bbox 838 3827 1084 3916; x_wconf 77' lang='lat' dir='ltr'><strong>(noc-&gt;11⁶7</strong></span> <span class='ocrx_word' id='word_1_293' title='bbox 1103 3831 1238 3906; x_wconf 84' lang='lat' dir='ltr'><strong>Januar</strong></span> <span class='ocrx_word' id='word_1_294' title='bbox 1252 3834 1302 3895; x_wconf 87' lang='grc'><strong>18.</strong></span> <span class='ocrx_word' id='word_1_295' title='bbox 1329 3831 1479 3894; x_wconf 83' lang='lat' dir='ltr'><strong>Lateran.</strong></span> 
     </span>
    </p>
   </div>
   <div class='ocr_carea' id='block_1_12' title="bbox 322 3943 1996 5368">
    <p class='ocr_par' dir='ltr' id='par_1_25' title="bbox 322 3943 1996 5368">
     <span class='ocr_line' id='line_1_36' title="bbox 481 3943 1996 4030; baseline 0.001 -21"><span class='ocrx_word' id='word_1_296' title='bbox 481 3943 673 4009; x_wconf 87' lang='lat' dir='ltr'><strong>Alexander</strong></span> <span class='ocrx_word' id='word_1_297' title='bbox 694 3947 880 4029; x_wconf 90' lang='lat' dir='ltr'><strong>episcopus,</strong></span> <span class='ocrx_word' id='word_1_298' title='bbox 901 3967 1013 4010; x_wconf 89' lang='lat' dir='ltr'><strong>servus</strong></span> <span class='ocrx_word' id='word_1_299' title='bbox 1036 3967 1204 4011; x_wconf 90' lang='lat' dir='ltr'><strong>servorum</strong></span> <span class='ocrx_word' id='word_1_300' title='bbox 1228 3947 1291 4023; x_wconf 90' lang='lat' dir='ltr'><strong>dei,</strong></span> <span class='ocrx_word' id='word_1_301' title='bbox 1320 3946 1496 4011; x_wconf 88' lang='lat' dir='ltr'><strong>venerabili</strong></span> <span class='ocrx_word' id='word_1_302' title='bbox 1527 3945 1625 4023; x_wconf 81' lang='lat' dir='ltr'><strong>fratri,</strong></span> <span class='ocrx_word' id='word_1_303' title='bbox 1652 3945 1801 4010; x_wconf 87' lang='lat' dir='ltr'><strong>lanuensi</strong></span> <span class='ocrx_word' id='word_1_304' title='bbox 1833 3945 1996 4030; x_wconf 89' lang='lat' dir='ltr'><strong>archiepi-</strong></span> 
     </span>
     <span class='ocr_line' id='line_1_37' title="bbox 322 4031 1995 4122; baseline -0.001 -22"><span class='ocrx_word' id='word_1_305' title='bbox 322 4056 428 4121; x_wconf 88' lang='lat' dir='ltr'><strong>scopo</strong></span> <span class='ocrx_word' id='word_1_306' title='bbox 445 4031 478 4120; x_wconf 78' lang='lat'><strong>³),</strong></span> <span class='ocrx_word' id='word_1_307' title='bbox 507 4034 644 4098; x_wconf 86' lang='lat' dir='ltr'><strong>salutem</strong></span> <span class='ocrx_word' id='word_1_308' title='bbox 669 4041 703 4098; x_wconf 88' lang='lat' dir='ltr'><strong>et</strong></span> <span class='ocrx_word' id='word_1_309' title='bbox 724 4035 940 4117; x_wconf 83' lang='lat' dir='ltr'><strong>apostolicam</strong></span> <span class='ocrx_word' id='word_1_310' title='bbox 964 4035 1238 4101; x_wconf 87' lang='lat' dir='ltr'><strong>benedictionem.</strong></span> <span class='ocrx_word' id='word_1_311' title='bbox 1284 4034 1411 4100; x_wconf 89' lang='lat' dir='ltr'><strong>Statum</strong></span> <span class='ocrx_word' id='word_1_312' title='bbox 1436 4044 1469 4099; x_wconf 90' lang='lat' dir='ltr'><strong>et</strong></span> <span class='ocrx_word' id='word_1_313' title='bbox 1492 4037 1726 4099; x_wconf 91' lang='lat' dir='ltr'><strong>continentiam</strong></span> <span class='ocrx_word' id='word_1_314' title='bbox 1750 4038 1845 4098; x_wconf 90' lang='lat' dir='ltr'><strong>unice</strong></span> <span class='ocrx_word' id='word_1_315' title='bbox 1868 4034 1995 4122; x_wconf 79' lang='lat' dir='ltr'><strong>maltris</strong></span> 
     </span>
     <span class='ocr_line' id='line_1_38' title="bbox 323 4123 1994 4206; baseline 0 -18"><span class='ocrx_word' id='word_1_316' title='bbox 323 4133 391 4202; x_wconf 88' lang='lat' dir='ltr'><strong>tue,</strong></span> <span class='ocrx_word' id='word_1_317' title='bbox 423 4132 630 4188; x_wconf 88' lang='lat' dir='ltr'><strong>sacrosancte</strong></span> <span class='ocrx_word' id='word_1_318' title='bbox 658 4123 808 4187; x_wconf 88' lang='lat' dir='ltr'><strong>Romane</strong></span> <span class='ocrx_word' id='word_1_319' title='bbox 839 4124 984 4202; x_wconf 88' lang='lat' dir='ltr'><strong>ecclesie,</strong></span> <span class='ocrx_word' id='word_1_320' title='bbox 1015 4133 1049 4188; x_wconf 91' lang='lat' dir='ltr'><strong>et</strong></span> <span class='ocrx_word' id='word_1_321' title='bbox 1079 4133 1223 4190; x_wconf 90' lang='lat' dir='ltr'><strong>nostram</strong></span> <span class='ocrx_word' id='word_1_322' title='bbox 1255 4125 1331 4188; x_wconf 93' lang='lat' dir='ltr'><strong>ideo</strong></span> <span class='ocrx_word' id='word_1_323' title='bbox 1362 4124 1570 4188; x_wconf 87' lang='lat' dir='ltr'><strong>sollicitudini</strong></span> <span class='ocrx_word' id='word_1_324' title='bbox 1599 4132 1655 4187; x_wconf 90' lang='lat' dir='ltr'><strong>tue</strong></span> <span class='ocrx_word' id='word_1_325' title='bbox 1684 4123 1868 4206; x_wconf 84' lang='lat' dir='ltr'><strong>significare</strong></span> <span class='ocrx_word' id='word_1_326' title='bbox 1900 4133 1994 4188; x_wconf 90' lang='lat' dir='ltr'><strong>tanto</strong></span> 
     </span>
     <span class='ocr_line' id='line_1_39' title="bbox 323 4210 1994 4299; baseline 0 -23"><span class='ocrx_word' id='word_1_327' title='bbox 323 4222 474 4296; x_wconf 91' lang='lat' dir='ltr'><strong>tempore</strong></span> <span class='ocrx_word' id='word_1_328' title='bbox 508 4213 707 4289; x_wconf 91' lang='lat' dir='ltr'><strong>distulimus,</strong></span> <span class='ocrx_word' id='word_1_329' title='bbox 746 4215 822 4292; x_wconf 90' lang='lat' dir='ltr'><strong>quia</strong></span> <span class='ocrx_word' id='word_1_330' title='bbox 854 4233 1059 4294; x_wconf 89' lang='lat' dir='ltr'><strong>nequaquam</strong></span> <span class='ocrx_word' id='word_1_331' title='bbox 1090 4222 1164 4278; x_wconf 89' lang='lat' dir='ltr'><strong>ante</strong></span> <span class='ocrx_word' id='word_1_332' title='bbox 1196 4212 1258 4278; x_wconf 91' lang='lat' dir='ltr'><strong>hac</strong></span> <span class='ocrx_word' id='word_1_333' title='bbox 1285 4210 1290 4299; x_wconf 92' lang='grc' dir='ltr'>Ι</span> <span class='ocrx_word' id='word_1_334' title='bbox 1318 4214 1412 4277; x_wconf 92' lang='lat' dir='ltr'><strong>nobis</strong></span> <span class='ocrx_word' id='word_1_335' title='bbox 1444 4213 1550 4277; x_wconf 89' lang='lat' dir='ltr'><strong>fidelis</strong></span> <span class='ocrx_word' id='word_1_336' title='bbox 1581 4214 1712 4276; x_wconf 88' lang='lat' dir='ltr'><strong>nuntius</strong></span> <span class='ocrx_word' id='word_1_337' title='bbox 1742 4221 1776 4276; x_wconf 92' lang='lat' dir='ltr'><strong>et</strong></span> <span class='ocrx_word' id='word_1_338' title='bbox 1807 4222 1994 4296; x_wconf 93' lang='lat' dir='ltr'><strong>oportunus</strong></span> 
     </span>
     <span class='ocr_line' id='line_1_40' title="bbox 325 4299 1995 4389; baseline -0.001 -22"><span class='ocrx_word' id='word_1_339' title='bbox 325 4305 474 4367; x_wconf 84' lang='lat' dir='ltr'><strong>occurrit</strong></span> <span class='ocrx_word' id='word_1_340' title='bbox 526 4299 611 4384; x_wconf 86' lang='lat' dir='ltr'><strong>Quia</strong></span> <span class='ocrx_word' id='word_1_341' title='bbox 640 4321 719 4365; x_wconf 90' lang='lat' dir='ltr'><strong>vero</strong></span> <span class='ocrx_word' id='word_1_342' title='bbox 757 4310 791 4365; x_wconf 89' lang='lat' dir='ltr'><strong>te</strong></span> <span class='ocrx_word' id='word_1_343' title='bbox 820 4305 987 4385; x_wconf 90' lang='lat' dir='ltr'><strong>prosperis</strong></span> <span class='ocrx_word' id='word_1_344' title='bbox 1019 4303 1222 4367; x_wconf 86' lang='lat' dir='ltr'><strong>successibus</strong></span> <span class='ocrx_word' id='word_1_345' title='bbox 1253 4303 1370 4367; x_wconf 90' lang='lat' dir='ltr'><strong>nostris</strong></span> <span class='ocrx_word' id='word_1_346' title='bbox 1398 4301 1570 4385; x_wconf 87' lang='lat' dir='ltr'><strong>plurimum</strong></span> <span class='ocrx_word' id='word_1_347' title='bbox 1591 4300 1619 4388; x_wconf 78' lang='lat' dir='ltr'><strong>e)</strong></span> <span class='ocrx_word' id='word_1_348' title='bbox 1651 4304 1860 4384; x_wconf 82' lang='lat' dir='ltr'><strong>congaudere</strong></span> <span class='ocrx_word' id='word_1_349' title='bbox 1879 4301 1909 4389; x_wconf 83' lang='lat' dir='ltr'><strong>e)</strong></span> <span class='ocrx_word' id='word_1_350' title='bbox 1942 4323 1995 4366; x_wconf 88' lang='lat' dir='ltr'><strong>co·</strong></span> 
     </span>
     <span class='ocr_line' id='line_1_41' title="bbox 324 4390 1994 4475; baseline 0 -21"><span class='ocrx_word' id='word_1_351' title='bbox 324 4393 510 4475; x_wconf 87' lang='lat' dir='ltr'><strong>gnoscimus</strong></span> <span class='ocrx_word' id='word_1_352' title='bbox 541 4399 576 4454; x_wconf 89' lang='lat' dir='ltr'><strong>et</strong></span> <span class='ocrx_word' id='word_1_353' title='bbox 603 4390 742 4454; x_wconf 88' lang='lat' dir='ltr'><strong>libenter</strong></span> <span class='ocrx_word' id='word_1_354' title='bbox 765 4390 848 4454; x_wconf 90' lang='lat' dir='ltr'><strong>velle</strong></span> <span class='ocrx_word' id='word_1_355' title='bbox 879 4391 921 4455; x_wconf 90' lang='lat' dir='ltr'><strong>de</strong></span> <span class='ocrx_word' id='word_1_356' title='bbox 944 4393 1008 4457; x_wconf 89' lang='lat' dir='ltr'><strong>iam</strong></span> <span class='ocrx_word' id='word_1_357' title='bbox 1032 4394 1119 4456; x_wconf 90' lang='lat' dir='ltr'><strong>dicte</strong></span> <span class='ocrx_word' id='word_1_358' title='bbox 1143 4393 1280 4456; x_wconf 91' lang='lat' dir='ltr'><strong>ecclesie</strong></span> <span class='ocrx_word' id='word_1_359' title='bbox 1304 4393 1501 4456; x_wconf 83' lang='lat' dir='ltr'><strong>exaltatione</strong></span> <span class='ocrx_word' id='word_1_360' title='bbox 1533 4391 1654 4466; x_wconf 90' lang='lat' dir='ltr'><strong>audire,</strong></span> <span class='ocrx_word' id='word_1_361' title='bbox 1684 4391 1810 4454; x_wconf 88' lang='lat' dir='ltr'><strong>noverit</strong></span> <span class='ocrx_word' id='word_1_362' title='bbox 1839 4393 1994 4456; x_wconf 87' lang='lat' dir='ltr'><strong>discretio</strong></span> 
     </span>
     <span class='ocr_line' id='line_1_42' title="bbox 323 4479 1992 4564; baseline 0 -20"><span class='ocrx_word' id='word_1_363' title='bbox 323 4489 388 4556; x_wconf 85' lang='lat' dir='ltr'><strong>tua,</strong></span> <span class='ocrx_word' id='word_1_364' title='bbox 412 4482 502 4563; x_wconf 92' lang='lat' dir='ltr'><strong>quod</strong></span> <span class='ocrx_word' id='word_1_365' title='bbox 526 4500 587 4544; x_wconf 89' lang='lat' dir='ltr'><strong>nos</strong></span> <span class='ocrx_word' id='word_1_366' title='bbox 611 4488 644 4542; x_wconf 91' lang='lat' dir='ltr'><strong>et</strong></span> <span class='ocrx_word' id='word_1_367' title='bbox 666 4479 779 4543; x_wconf 85' lang='lat' dir='ltr'><strong>fratres</strong></span> <span class='ocrx_word' id='word_1_368' title='bbox 803 4483 915 4558; x_wconf 89' lang='lat' dir='ltr'><strong>nostri,</strong></span> <span class='ocrx_word' id='word_1_369' title='bbox 939 4481 1047 4545; x_wconf 88' lang='lat' dir='ltr'><strong>divina</strong></span> <span class='ocrx_word' id='word_1_370' title='bbox 1070 4482 1242 4546; x_wconf 90' lang='lat' dir='ltr'><strong>clementia</strong></span> <span class='ocrx_word' id='word_1_371' title='bbox 1264 4481 1469 4558; x_wconf 83' lang='lat' dir='ltr'><strong>iaciente,.in</strong></span> <span class='ocrx_word' id='word_1_372' title='bbox 1492 4482 1728 4564; x_wconf 87' lang='lat' dir='ltr'><strong>presentiarum</strong></span> <span class='ocrx_word' id='word_1_373' title='bbox 1751 4481 1821 4544; x_wconf 83' lang='lat' dir='ltr'><strong>sani</strong></span> <span class='ocrx_word' id='word_1_374' title='bbox 1851 4490 1885 4544; x_wconf 91' lang='lat' dir='ltr'><strong>et</strong></span> <span class='ocrx_word' id='word_1_375' title='bbox 1908 4481 1992 4546; x_wconf 82' lang='lat' dir='ltr'><strong>inco</strong></span> 
     </span>
     <span class='ocr_line' id='line_1_43' title="bbox 324 4567 1994 4653; baseline -0.001 -20"><span class='ocrx_word' id='word_1_376' title='bbox 324 4569 427 4633; x_wconf 92' lang='lat' dir='ltr'><strong>lumes</strong></span> <span class='ocrx_word' id='word_1_377' title='bbox 455 4589 566 4632; x_wconf 91' lang='lat' dir='ltr'><strong>sumus</strong></span> <span class='ocrx_word' id='word_1_378' title='bbox 605 4577 638 4632; x_wconf 93' lang='lat' dir='ltr'><strong>et</strong></span> <span class='ocrx_word' id='word_1_379' title='bbox 667 4579 735 4632; x_wconf 90' lang='lat' dir='ltr'><strong>tam</strong></span> <span class='ocrx_word' id='word_1_380' title='bbox 767 4590 787 4633; x_wconf 88' lang='lat' dir='ltr'><strong>a</strong></span> <span class='ocrx_word' id='word_1_381' title='bbox 817 4571 1030 4647; x_wconf 90' lang='lat' dir='ltr'><strong>senatoribus,</strong></span> <span class='ocrx_word' id='word_1_382' title='bbox 1060 4591 1158 4653; x_wconf 91' lang='lat' dir='ltr'><strong>quam</strong></span> <span class='ocrx_word' id='word_1_383' title='bbox 1192 4571 1235 4635; x_wconf 91' lang='lat' dir='ltr'><strong>ab</strong></span> <span class='ocrx_word' id='word_1_384' title='bbox 1259 4574 1408 4635; x_wconf 91' lang='lat' dir='ltr'><strong>universo</strong></span> <span class='ocrx_word' id='word_1_385' title='bbox 1441 4571 1529 4634; x_wconf 90' lang='lat' dir='ltr'><strong>clero</strong></span> <span class='ocrx_word' id='word_1_386' title='bbox 1561 4569 1755 4652; x_wconf 90' lang='lat' dir='ltr'><strong>populoque</strong></span> <span class='ocrx_word' id='word_1_387' title='bbox 1777 4567 1932 4633; x_wconf 88' lang='lat' dir='ltr'><strong>Romano</strong></span> <span class='ocrx_word' id='word_1_388' title='bbox 1964 4573 1994 4634; x_wconf 90' lang='lat' dir='ltr'><strong>in</strong></span> 
     </span>
     <span class='ocr_line' id='line_1_44' title="bbox 325 4656 1993 4746; baseline 0 -24"><span class='ocrx_word' id='word_1_389' title='bbox 325 4661 414 4722; x_wconf 91' lang='lat' dir='ltr'><strong>omni</strong></span> <span class='ocrx_word' id='word_1_390' title='bbox 430 4660 610 4722; x_wconf 87' lang='lat' dir='ltr'><strong>reverentia</strong></span> <span class='ocrx_word' id='word_1_391' title='bbox 626 4665 660 4720; x_wconf 91' lang='lat' dir='ltr'><strong>et</strong></span> <span class='ocrx_word' id='word_1_392' title='bbox 673 4657 800 4721; x_wconf 90' lang='lat' dir='ltr'><strong>honore</strong></span> <span class='ocrx_word' id='word_1_393' title='bbox 815 4656 1005 4746; x_wconf 75' lang='lat' dir='ltr'><strong>hablelmur,</strong></span> <span class='ocrx_word' id='word_1_394' title='bbox 1022 4659 1151 4742; x_wconf 88' lang='lat' dir='ltr'><strong>plenam</strong></span> <span class='ocrx_word' id='word_1_395' title='bbox 1168 4679 1260 4742; x_wconf 89' lang='lat' dir='ltr'><strong>spem</strong></span> <span class='ocrx_word' id='word_1_396' title='bbox 1279 4669 1312 4724; x_wconf 91' lang='lat' dir='ltr'><strong>et</strong></span> <span class='ocrx_word' id='word_1_397' title='bbox 1327 4660 1480 4723; x_wconf 88' lang='lat' dir='ltr'><strong>fiduciam</strong></span> <span class='ocrx_word' id='word_1_398' title='bbox 1493 4660 1686 4735; x_wconf 90' lang='lat' dir='ltr'><strong>obtinentes,</strong></span> <span class='ocrx_word' id='word_1_399' title='bbox 1703 4659 1794 4738; x_wconf 92' lang='lat' dir='ltr'><strong>quod</strong></span> <span class='ocrx_word' id='word_1_400' title='bbox 1811 4659 1993 4724; x_wconf 85' lang='lat' dir='ltr'><strong>misericors</strong></span> 
     </span>
     <span class='ocr_line' id='line_1_45' title="bbox 324 4745 1991 4835; baseline 0.001 -25"><span class='ocrx_word' id='word_1_401' title='bbox 324 4748 484 4822; x_wconf 87' lang='lat' dir='ltr'><strong>dominus,</strong></span> <span class='ocrx_word' id='word_1_402' title='bbox 508 4749 563 4829; x_wconf 91' lang='lat' dir='ltr'><strong>qui</strong></span> <span class='ocrx_word' id='word_1_403' title='bbox 587 4747 756 4810; x_wconf 89' lang='lat' dir='ltr'><strong>ecclesiam</strong></span> <span class='ocrx_word' id='word_1_404' title='bbox 780 4768 870 4811; x_wconf 89' lang='lat' dir='ltr'><strong>suam</strong></span> <span class='ocrx_word' id='word_1_405' title='bbox 896 4749 991 4813; x_wconf 93' lang='lat' dir='ltr'><strong>oculo</strong></span> <span class='ocrx_word' id='word_1_406' title='bbox 1015 4747 1218 4813; x_wconf 88' lang='lat' dir='ltr'><strong>clementiori</strong></span> <span class='ocrx_word' id='word_1_407' title='bbox 1233 4745 1418 4835; x_wconf 89' lang='lat' dir='ltr'><strong>resp[icere]</strong></span> <span class='ocrx_word' id='word_1_408' title='bbox 1436 4751 1567 4830; x_wconf 89' lang='lat' dir='ltr'><strong>incepit,</strong></span> <span class='ocrx_word' id='word_1_409' title='bbox 1590 4748 1620 4810; x_wconf 92' lang='lat' dir='ltr'><strong>in</strong></span> <span class='ocrx_word' id='word_1_410' title='bbox 1637 4749 1789 4830; x_wconf 90' lang='lat' dir='ltr'><strong>proximo</strong></span> <span class='ocrx_word' id='word_1_411' title='bbox 1806 4749 1836 4811; x_wconf 92' lang='lat' dir='ltr'><strong>ei</strong></span> <span class='ocrx_word' id='word_1_412' title='bbox 1860 4749 1991 4830; x_wconf 90' lang='lat' dir='ltr'><strong>plenam</strong></span> 
     </span>
     <span class='ocr_line' id='line_1_46' title="bbox 324 4831 1992 4988; baseline 0.001 -89"><span class='ocrx_word' id='word_1_413' title='bbox 324 4856 440 4920; x_wconf 91' lang='lat' dir='ltr'><strong>pacem</strong></span> <span class='ocrx_word' id='word_1_414' title='bbox 472 4844 506 4899; x_wconf 90' lang='lat' dir='ltr'><strong>et</strong></span> <span class='ocrx_word' id='word_1_415' title='bbox 537 4839 681 4918; x_wconf 92' lang='lat' dir='ltr'><strong>quietem</strong></span> <span class='ocrx_word' id='word_1_416' title='bbox 713 4837 934 4902; x_wconf 89' lang='lat' dir='ltr'><strong>omnimodam</strong></span> <span class='ocrx_word' id='word_1_417' title='bbox 965 4838 1126 4920; x_wconf 82' lang='lat' dir='ltr'><strong>largietur.</strong></span> <span class='ocrx_word' id='word_1_418' title='bbox 1173 4839 1225 4901; x_wconf 90' lang='lat' dir='ltr'><strong>De</strong></span> <span class='ocrx_word' id='word_1_419' title='bbox 1258 4846 1367 4902; x_wconf 91' lang='lat' dir='ltr'><strong>cetero</strong></span> <span class='ocrx_word' id='word_1_420' title='bbox 1397 4839 1613 4912; x_wconf 83' lang='lat' dir='ltr'><strong>attendentes,</strong></span> <span class='ocrx_word' id='word_1_421' title='bbox 1643 4835 1813 4917; x_wconf 91' lang='lat' dir='ltr'><strong>quomodo</strong></span> <span class='ocrx_word' id='word_1_422' title='bbox 1841 4831 1992 4988; x_wconf 32' lang='lat' dir='ltr'><strong>&amp;Pisaniil</strong></span> 
     </span>
     <span class='ocr_line' id='line_1_47' title="bbox 324 4926 1993 5010; baseline 0.001 -22"><span class='ocrx_word' id='word_1_423' title='bbox 324 4927 411 4989; x_wconf 89' lang='lat' dir='ltr'><strong>cives</strong></span> <span class='ocrx_word' id='word_1_424' title='bbox 439 4927 523 4990; x_wconf 88' lang='lat' dir='ltr'><strong>inter</strong></span> <span class='ocrx_word' id='word_1_425' title='bbox 545 4926 624 4990; x_wconf 89' lang='lat' dir='ltr'><strong>alias</strong></span> <span class='ocrx_word' id='word_1_426' title='bbox 647 4927 777 4990; x_wconf 87' lang='lat' dir='ltr'><strong>iniurias</strong></span> <span class='ocrx_word' id='word_1_427' title='bbox 801 4934 833 4990; x_wconf 93' lang='lat' dir='ltr'><strong>et</strong></span> <span class='ocrx_word' id='word_1_428' title='bbox 857 4927 1042 5010; x_wconf 86' lang='lat' dir='ltr'><strong>obprobria,</strong></span> <span class='ocrx_word' id='word_1_429' title='bbox 1066 4947 1130 5008; x_wconf 93' lang='lat' dir='ltr'><strong>que</strong></span> <span class='ocrx_word' id='word_1_430' title='bbox 1152 4927 1301 4991; x_wconf 92' lang='lat' dir='ltr'><strong>Romane</strong></span> <span class='ocrx_word' id='word_1_431' title='bbox 1324 4927 1460 4991; x_wconf 89' lang='lat' dir='ltr'><strong>ecclesie</strong></span> <span class='ocrx_word' id='word_1_432' title='bbox 1484 4926 1668 5002; x_wconf 90' lang='lat' dir='ltr'><strong>intulerunt,</strong></span> <span class='ocrx_word' id='word_1_433' title='bbox 1697 4934 1817 4989; x_wconf 89' lang='lat' dir='ltr'><strong>terram</strong></span> <span class='ocrx_word' id='word_1_434' title='bbox 1867 4928 1993 4990; x_wconf 89' lang='lat' dir='ltr'><strong>ardinie</strong></span> 
     </span>
     <span class='ocr_line' id='line_1_48' title="bbox 324 5011 1992 5103; baseline -0.001 -25"><span class='ocrx_word' id='word_1_435' title='bbox 324 5015 510 5078; x_wconf 91' lang='lat' dir='ltr'><strong>adominio</strong></span> <span class='ocrx_word' id='word_1_436' title='bbox 534 5022 568 5078; x_wconf 90' lang='lat' dir='ltr'><strong>et</strong></span> <span class='ocrx_word' id='word_1_437' title='bbox 589 5015 788 5079; x_wconf 87' lang='lat' dir='ltr'><strong>iurisditione</strong></span> <span class='ocrx_word' id='word_1_438' title='bbox 812 5011 925 5103; x_wconf 87' lang='lat' dir='ltr'><strong>[be]ati</strong></span> <span class='ocrx_word' id='word_1_439' title='bbox 948 5017 1034 5080; x_wconf 90' lang='lat' dir='ltr'><strong>Petri</strong></span> <span class='ocrx_word' id='word_1_440' title='bbox 1057 5024 1092 5080; x_wconf 91' lang='lat' dir='ltr'><strong>et</strong></span> <span class='ocrx_word' id='word_1_441' title='bbox 1113 5024 1224 5080; x_wconf 87' lang='lat' dir='ltr'><strong>nostra</strong></span> <span class='ocrx_word' id='word_1_442' title='bbox 1246 5016 1387 5080; x_wconf 82' lang='lat' dir='ltr'><strong>alienare</strong></span> <span class='ocrx_word' id='word_1_443' title='bbox 1409 5023 1566 5080; x_wconf 90' lang='lat' dir='ltr'><strong>conantur</strong></span> <span class='ocrx_word' id='word_1_444' title='bbox 1598 5023 1632 5079; x_wconf 88' lang='lat' dir='ltr'><strong>et</strong></span> <span class='ocrx_word' id='word_1_445' title='bbox 1661 5017 1695 5077; x_wconf 93' lang='lat' dir='ltr'><strong>in</strong></span> <span class='ocrx_word' id='word_1_446' title='bbox 1726 5033 1818 5077; x_wconf 88' lang='lat' dir='ltr'><strong>suam</strong></span> <span class='ocrx_word' id='word_1_447' title='bbox 1842 5019 1992 5095; x_wconf 89' lang='lat' dir='ltr'><strong>nequiter</strong></span> 
     </span>
     <span class='ocr_line' id='line_1_49' title="bbox 324 5103 1992 5192; baseline 0 -26"><span class='ocrx_word' id='word_1_448' title='bbox 324 5105 473 5187; x_wconf 84' lang='lat' dir='ltr'><strong>redigere</strong></span> <span class='ocrx_word' id='word_1_449' title='bbox 495 5111 702 5187; x_wconf 87' lang='lat' dir='ltr'><strong>potestatem,</strong></span> <span class='ocrx_word' id='word_1_450' title='bbox 731 5103 868 5168; x_wconf 90' lang='lat' dir='ltr'><strong>dilectos</strong></span> <span class='ocrx_word' id='word_1_451' title='bbox 892 5105 975 5169; x_wconf 87' lang='lat' dir='ltr'><strong>filios</strong></span> <span class='ocrx_word' id='word_1_452' title='bbox 998 5114 1136 5182; x_wconf 91' lang='lat' dir='ltr'><strong>nostros,</strong></span> <span class='ocrx_word' id='word_1_453' title='bbox 1166 5105 1269 5192; x_wconf 78' lang='lat' dir='ltr'><strong>tues)</strong></span> <span class='ocrx_word' id='word_1_454' title='bbox 1299 5105 1436 5170; x_wconf 82' lang='lat' dir='ltr'><strong>civitatis</strong></span> <span class='ocrx_word' id='word_1_455' title='bbox 1467 5103 1624 5182; x_wconf 86' lang='lat' dir='ltr'><strong>consules,</strong></span> <span class='ocrx_word' id='word_1_456' title='bbox 1657 5111 1780 5168; x_wconf 87' lang='lat' dir='ltr'><strong>attente</strong></span> <span class='ocrx_word' id='word_1_457' title='bbox 1812 5123 1933 5186; x_wconf 84' lang='lat' dir='ltr'><strong>rogare</strong></span> <span class='ocrx_word' id='word_1_458' title='bbox 1955 5123 1992 5167; x_wconf 89' lang='lat' dir='ltr'><strong>ac</strong></span> 
     </span>
     <span class='ocr_line' id='line_1_50' title="bbox 325 5193 1991 5275; baseline 0 -19"><span class='ocrx_word' id='word_1_459' title='bbox 325 5213 536 5257; x_wconf 89' lang='lat' dir='ltr'><strong>commonere</strong></span> <span class='ocrx_word' id='word_1_460' title='bbox 564 5195 754 5270; x_wconf 91' lang='lat' dir='ltr'><strong>curavimus,</strong></span> <span class='ocrx_word' id='word_1_461' title='bbox 785 5201 820 5256; x_wconf 92' lang='lat' dir='ltr'><strong>ut</strong></span> <span class='ocrx_word' id='word_1_462' title='bbox 850 5194 892 5257; x_wconf 88' lang='lat' dir='ltr'><strong>ad</strong></span> <span class='ocrx_word' id='word_1_463' title='bbox 915 5193 1140 5258; x_wconf 81' lang='lat' dir='ltr'><strong>defensionem</strong></span> <span class='ocrx_word' id='word_1_464' title='bbox 1163 5203 1197 5258; x_wconf 91' lang='lat' dir='ltr'><strong>et</strong></span> <span class='ocrx_word' id='word_1_465' title='bbox 1219 5194 1374 5260; x_wconf 86' lang='lat' dir='ltr'><strong>auxilium</strong></span> <span class='ocrx_word' id='word_1_466' title='bbox 1405 5203 1471 5260; x_wconf 89' lang='lat' dir='ltr'><strong>tam</strong></span> <span class='ocrx_word' id='word_1_467' title='bbox 1505 5195 1675 5268; x_wconf 91' lang='lat' dir='ltr'><strong>minorum,</strong></span> <span class='ocrx_word' id='word_1_468' title='bbox 1708 5213 1806 5275; x_wconf 91' lang='lat' dir='ltr'><strong>quam</strong></span> <span class='ocrx_word' id='word_1_469' title='bbox 1831 5194 1991 5256; x_wconf 88' lang='lat' dir='ltr'><strong>maiorum</strong></span> 
     </span>
     <span class='ocr_line' id='line_1_51' title="bbox 324 5281 1991 5368; baseline -0.001 -22"><span class='ocrx_word' id='word_1_470' title='bbox 324 5283 504 5365; x_wconf 89' lang='lat' dir='ltr'><strong>prescripte</strong></span> <span class='ocrx_word' id='word_1_471' title='bbox 526 5284 693 5366; x_wconf 91' lang='lat' dir='ltr'><strong>provincie</strong></span> <span class='ocrx_word' id='word_1_472' title='bbox 715 5301 775 5365; x_wconf 88' lang='lat' dir='ltr'><strong>per</strong></span> <span class='ocrx_word' id='word_1_473' title='bbox 796 5303 833 5347; x_wconf 90' lang='lat' dir='ltr'><strong>se</strong></span> <span class='ocrx_word' id='word_1_474' title='bbox 856 5291 889 5346; x_wconf 92' lang='lat' dir='ltr'><strong>et</strong></span> <span class='ocrx_word' id='word_1_475' title='bbox 911 5305 971 5367; x_wconf 92' lang='lat' dir='ltr'><strong>per</strong></span> <span class='ocrx_word' id='word_1_476' title='bbox 993 5284 1079 5348; x_wconf 91' lang='lat' dir='ltr'><strong>cives</strong></span> <span class='ocrx_word' id='word_1_477' title='bbox 1101 5304 1178 5348; x_wconf 91' lang='lat' dir='ltr'><strong>suos</strong></span> <span class='ocrx_word' id='word_1_478' title='bbox 1202 5285 1452 5368; x_wconf 79' lang='lat' dir='ltr'><strong>magnanimiter</strong></span> <span class='ocrx_word' id='word_1_479' title='bbox 1471 5292 1505 5346; x_wconf 93' lang='lat' dir='ltr'><strong>et</strong></span> <span class='ocrx_word' id='word_1_480' title='bbox 1528 5283 1676 5347; x_wconf 90' lang='lat' dir='ltr'><strong>studiose</strong></span> <span class='ocrx_word' id='word_1_481' title='bbox 1691 5283 1861 5346; x_wconf 87' lang='lat' dir='ltr'><strong>intendant</strong></span> <span class='ocrx_word' id='word_1_482' title='bbox 1880 5281 1917 5368; x_wconf 82' lang='lat' dir='ltr'><strong>e),</strong></span> <span class='ocrx_word' id='word_1_483' title='bbox 1941 5283 1991 5356; x_wconf 85' lang='lat' dir='ltr'><strong>ita,</strong></span> 
     </span>
    </p>
   </div>
   <div class='ocr_carea' id='block_1_13' title="bbox 326 5416 649 5425">
    <p class='ocr_par' dir='ltr' id='par_1_26' title="bbox 326 5416 649 5425">
     <span class='ocr_line' id='line_1_52' title="bbox 326 5416 649 5425; baseline -0.003 -1"><span class='ocrx_word' id='word_1_484' title='bbox 326 5416 618 5425; x_wconf 49' lang='lat' dir='ltr'>——oe———m</span> <span class='ocrx_word' id='word_1_485' title='bbox 635 5417 649 5423; x_wconf 85' lang='lat'>-</span> 
     </span>
    </p>
   </div>
   <div class='ocr_carea' id='block_1_14' title="bbox 324 5475 1993 5760">
    <p class='ocr_par' dir='ltr' id='par_1_27' title="bbox 324 5475 1993 5760">
     <span class='ocr_line' id='line_1_53' title="bbox 484 5475 1993 5546; baseline -0.001 -20"><span class='ocrx_word' id='word_1_486' title='bbox 484 5481 509 5543; x_wconf 79' lang='lat' dir='ltr'><strong>a)</strong></span> <span class='ocrx_word' id='word_1_487' title='bbox 534 5479 584 5529; x_wconf 74' lang='lat' dir='ltr'><strong>We</strong></span> <span class='ocrx_word' id='word_1_488' title='bbox 595 5486 623 5545; x_wconf 79' lang='lat' dir='ltr'><strong>p.</strong></span> <span class='ocrx_word' id='word_1_489' title='bbox 642 5479 691 5530; x_wconf 72' lang='lat'><strong>213</strong></span> <span class='ocrx_word' id='word_1_490' title='bbox 708 5480 781 5529; x_wconf 69' lang='lat' dir='ltr'><strong>Aaou.</strong></span> <span class='ocrx_word' id='word_1_491' title='bbox 800 5495 816 5528; x_wconf 85' lang='lat' dir='ltr'><strong>a</strong></span> <span class='ocrx_word' id='word_1_492' title='bbox 890 5478 917 5545; x_wconf 92' lang='lat' dir='ltr'><strong>b)</strong></span> <span class='ocrx_word' id='word_1_493' title='bbox 935 5476 980 5528; x_wconf 68' lang='lat' dir='ltr'><strong>wie</strong></span> <span class='ocrx_word' id='word_1_494' title='bbox 991 5485 1019 5544; x_wconf 82' lang='lat' dir='ltr'><strong>p.</strong></span> <span class='ocrx_word' id='word_1_495' title='bbox 1037 5479 1089 5529; x_wconf 72' lang='lat'><strong>213</strong></span> <span class='ocrx_word' id='word_1_496' title='bbox 1106 5479 1213 5530; x_wconf 69' lang='lat' dir='ltr'><strong>Ama</strong></span> <span class='ocrx_word' id='word_1_497' title='bbox 1284 5480 1308 5546; x_wconf 85' lang='lat' dir='ltr'><strong>c)</strong></span> <span class='ocrx_word' id='word_1_498' title='bbox 1327 5479 1441 5530; x_wconf 79' lang='lat' dir='ltr'><strong>Anlimes</strong></span> <span class='ocrx_word' id='word_1_499' title='bbox 1512 5479 1540 5540; x_wconf 77' lang='lat' dir='ltr'><strong>dl</strong></span> <span class='ocrx_word' id='word_1_500' title='bbox 1558 5477 1722 5528; x_wconf 79' lang='lat' dir='ltr'><strong>Lateranensi</strong></span> <span class='ocrx_word' id='word_1_501' title='bbox 1798 5477 1824 5543; x_wconf 83' lang='lat' dir='ltr'><strong>e)</strong></span> <span class='ocrx_word' id='word_1_502' title='bbox 1843 5475 1896 5541; x_wconf 74' lang='lat' dir='ltr'><strong>aus</strong></span> <span class='ocrx_word' id='word_1_503' title='bbox 1909 5477 1993 5526; x_wconf 71' lang='lat' dir='ltr'><strong>lim</strong></span> 
     </span>
     <span class='ocr_line' id='line_1_54' title="bbox 324 5547 1992 5617; baseline -0.002 -18"><span class='ocrx_word' id='word_1_504' title='bbox 324 5549 443 5616; x_wconf 65' lang='lat' dir='ltr'><strong>Otaces</strong></span> <span class='ocrx_word' id='word_1_505' title='bbox 455 5551 545 5600; x_wconf 73' lang='lat' dir='ltr'><strong>Ram.</strong></span> <span class='ocrx_word' id='word_1_506' title='bbox 565 5590 617 5596; x_wconf 82' lang='lat'><strong>.-</strong></span> <span class='ocrx_word' id='word_1_507' title='bbox 636 5553 671 5613; x_wconf 79' lang='grc'><strong>,1)</strong></span> <span class='ocrx_word' id='word_1_508' title='bbox 690 5551 726 5601; x_wconf 74' lang='lat' dir='ltr'><strong>Isi</strong></span> <span class='ocrx_word' id='word_1_509' title='bbox 745 5550 848 5616; x_wconf 79' lang='lat' dir='ltr'><strong>Jnlam</strong></span> <span class='ocrx_word' id='word_1_510' title='bbox 865 5549 901 5599; x_wconf 84' lang='grc' dir='ltr'><strong>ΙΙ.</strong></span> <span class='ocrx_word' id='word_1_511' title='bbox 1010 5551 1036 5614; x_wconf 89' lang='lat'><strong>2)</strong></span> <span class='ocrx_word' id='word_1_512' title='bbox 1062 5550 1171 5617; x_wconf 82' lang='lat' dir='ltr'><strong>Wem‘ger</strong></span> <span class='ocrx_word' id='word_1_513' title='bbox 1189 5565 1299 5617; x_wconf 77' lang='lat' dir='ltr'><strong>gmauer</strong></span> <span class='ocrx_word' id='word_1_514' title='bbox 1314 5551 1428 5601; x_wconf 76' lang='lat' dir='ltr'><strong>Abdneck</strong></span> <span class='ocrx_word' id='word_1_515' title='bbox 1444 5549 1478 5599; x_wconf 77' lang='lat' dir='ltr'><strong>im</strong></span> <span class='ocrx_word' id='word_1_516' title='bbox 1499 5550 1556 5600; x_wconf 87' lang='lat' dir='ltr'><strong>Cod.</strong></span> <span class='ocrx_word' id='word_1_517' title='bbox 1575 5551 1643 5614; x_wconf 81' lang='lat' dir='ltr'><strong>Dipl.</strong></span> <span class='ocrx_word' id='word_1_518' title='bbox 1662 5549 1734 5598; x_wconf 81' lang='lat' dir='ltr'><strong>Sard.</strong></span> <span class='ocrx_word' id='word_1_519' title='bbox 1754 5547 1774 5597; x_wconf 90' lang='lat' dir='ltr'><em>I</em></span> <span class='ocrx_word' id='word_1_520' title='bbox 1781 5555 1811 5613; x_wconf 80' lang='lat' dir='ltr'><strong>p.</strong></span> <span class='ocrx_word' id='word_1_521' title='bbox 1825 5547 1886 5607; x_wconf 66' lang='grc' dir='ltr'><strong>Μ,</strong></span> <span class='ocrx_word' id='word_1_522' title='bbox 1905 5549 1933 5597; x_wconf 80' lang='lat' dir='ltr'><strong>ier</strong></span> <span class='ocrx_word' id='word_1_523' title='bbox 1951 5549 1992 5596; x_wconf 83' lang='lat' dir='ltr'><strong>dne</strong></span> 
     </span>
     <span class='ocr_line' id='line_1_55' title="bbox 329 5619 1990 5690; baseline -0.002 -19"><span class='ocrx_word' id='word_1_524' title='bbox 329 5621 399 5688; x_wconf 77' lang='lat' dir='ltr'><strong>Jalr</strong></span> <span class='ocrx_word' id='word_1_525' title='bbox 418 5625 483 5672; x_wconf 73' lang='lat'><strong>1162</strong></span> <span class='ocrx_word' id='word_1_526' title='bbox 499 5629 591 5687; x_wconf 72' lang='lat' dir='ltr'><strong>gesem,</strong></span> <span class='ocrx_word' id='word_1_527' title='bbox 609 5638 633 5672; x_wconf 84' lang='lat' dir='ltr'><strong>es</strong></span> <span class='ocrx_word' id='word_1_528' title='bbox 654 5621 718 5684; x_wconf 78' lang='lat' dir='ltr'><strong>fehlt</strong></span> <span class='ocrx_word' id='word_1_529' title='bbox 733 5623 788 5672; x_wconf 77' lang='lat' dir='ltr'><strong>dm</strong></span> <span class='ocrx_word' id='word_1_530' title='bbox 803 5621 897 5688; x_wconf 81' lang='lat' dir='ltr'><strong>[Pisani</strong></span> <span class='ocrx_word' id='word_1_531' title='bbox 903 5620 933 5690; x_wconf 85' lang='lat'><strong>?],</strong></span> <span class='ocrx_word' id='word_1_532' title='bbox 951 5621 1066 5672; x_wconf 72' lang='lat' dir='ltr'><strong>wodecrclv</strong></span> <span class='ocrx_word' id='word_1_533' title='bbox 1082 5623 1156 5672; x_wconf 78' lang='lat' dir='ltr'><strong>dieser</strong></span> <span class='ocrx_word' id='word_1_534' title='bbox 1176 5622 1247 5672; x_wconf 70' lang='lat' dir='ltr'><strong>reete</strong></span> <span class='ocrx_word' id='word_1_535' title='bbox 1260 5623 1301 5672; x_wconf 83' lang='lat' dir='ltr'><strong>des</strong></span> <span class='ocrx_word' id='word_1_536' title='bbox 1318 5623 1406 5672; x_wconf 70' lang='lat' dir='ltr'><strong>laeves</strong></span> <span class='ocrx_word' id='word_1_537' title='bbox 1421 5637 1486 5687; x_wconf 76' lang='lat' dir='ltr'><strong>gant</strong></span> <span class='ocrx_word' id='word_1_538' title='bbox 1501 5621 1698 5672; x_wconf 76' lang='lat' dir='ltr'><strong>unverstdndlich</strong></span> <span class='ocrx_word' id='word_1_539' title='bbox 1715 5619 1787 5674; x_wconf 60' lang='lat' dir='ltr'><strong>werd.</strong></span> <span class='ocrx_word' id='word_1_540' title='bbox 1868 5625 1897 5684; x_wconf 83' lang='lat'><strong>3)</strong></span> <span class='ocrx_word' id='word_1_541' title='bbox 1917 5620 1990 5686; x_wconf 74' lang='lat' dir='ltr'><strong>Hugc</strong></span> 
     </span>
     <span class='ocr_line' id='line_1_56' title="bbox 324 5693 1037 5760; baseline -0.003 -15"><span class='ocrx_word' id='word_1_542' title='bbox 324 5695 388 5746; x_wconf 81' lang='lat' dir='ltr'><strong>della</strong></span> <span class='ocrx_word' id='word_1_543' title='bbox 411 5693 487 5755; x_wconf 79' lang='lat' dir='ltr'><strong>Voeea,</strong></span> <span class='ocrx_word' id='word_1_544' title='bbox 505 5694 662 5760; x_wconf 61' lang='lat' dir='ltr'><strong>Melos</strong></span> <span class='ocrx_word' id='word_1_545' title='bbox 674 5709 722 5744; x_wconf 78' lang='lat' dir='ltr'><strong>voa</strong></span> <span class='ocrx_word' id='word_1_546' title='bbox 743 5693 836 5754; x_wconf 71' lang='lat' dir='ltr'><strong>Germa,</strong></span> <span class='ocrx_word' id='word_1_547' title='bbox 856 5693 1037 5744; x_wconf 76' lang='lat' dir='ltr'><strong>rica-1188.</strong></span> 
     </span>
    </p>
   </div>
   <div class='ocr_carea' id='block_1_15' title="bbox 0 0 2077 6356">
    <p class='ocr_par' dir='ltr' id='par_1_28' title="bbox 0 0 2077 6356">
     <span class='ocr_line' id='line_1_57' title="bbox 0 0 2077 6356; baseline 0 0"><span class='ocrx_word' id='word_1_548' title='bbox 0 0 2077 6356; x_wconf 95' lang='lat' dir='ltr'><strong> </strong></span> 
     </span>
    </p>
   </div>
  </div>
 </body>
</html>
