4126 6366
1678 341 1742 416 319

817 519 882 598 Nr.
912 523 1001 598 356.

71 643 193 712 Lucius
209 647 274 714 III
288 647 473 734 beanflragt
493 649 554 714 den
572 652 712 734 Be'scleof
720 676 780 718 von
796 655 955 720 Proconeo
970 656 1040 718 und
1051 656 1113 720 den
1130 657 1247 738 Propst
1259 677 1320 719 von
1336 653 1424 718 Sant’
1437 653 1594 718 Antonino
1616 654 1655 717 di
1668 655 1745 718 Pia·

71 760 167 802 ceneo
196 739 252 802 die
268 738 460 804 Streitsacle
481 741 638 806 zwiscleen
662 743 723 806 der
745 743 1021 826 Kollege'atlee’rclee
1049 766 1109 808 von
1133 745 1237 828 Borgo
1260 744 1328 808 San
1350 744 1499 807 Donnino
1522 743 1580 824 (D.
1605 744 1744 829 Parma)

70 829 140 891 und
151 829 214 891 der
228 827 393 892 Aeolissin
408 850 468 892 von
492 829 626 894 Teodoto
641 829 681 894 o'z‘
692 833 811 912 Patrio,
825 855 935 916 coegere
950 834 1010 896 der
1034 832 1239 917 Vertrer'bung
1252 836 1339 897 eines
1350 833 1511 896 Priesters
1526 833 1587 896 der
1600 833 1745 897 letoteren

606 941 667 984 ons
683 920 751 985 San
768 923 921 986 Donne'no
935 944 975 986 zu
990 920 1163 986 schlichten
1182 927 1218 1000 ²).

599 1038 813 1100 1184-1185
829 1037 1012 1102 November
1024 1042 1055 1102 8.
1097 1037 1225 1102 Verona.

231 1148 351 1211 Lucius
367 1150 552 1232 episcopus,
576 1171 688 1214 servus
704 1172 870 1216 servorum
887 1156 950 1231 dei,
967 1153 1142 1217 venerabili
1158 1155 1247 1217 fratri
1273 1202 1279 1215 .
1304 1203 1311 1215 .
1335 1154 1523 1216 Placentino
1541 1150 1566 1238 ἱ)
1585 1154 1744 1234 episcopo

72 1245 104 1300 et
128 1236 250 1300 dilecto
270 1236 275 1320 l
296 1237 371 1312 filio,
396 1241 566 1320 preposito
589 1244 693 1304 sancti
717 1243 877 1306 Antonini
901 1245 943 1306 de
968 1243 1140 1320 Placentia,
1174 1244 1376 1307 subdiacono
1399 1252 1521 1318 nostro,
1550 1241 1687 1304 salutem
1712 1251 1745 1304 et

71 1325 287 1406 apostolicam
311 1327 585 1393 benedictionem.
605 1328 610 1409 Ι
632 1332 684 1394 Ex
707 1341 800 1413 parte
821 1332 940 1395 dilecte
957 1334 988 1395 in
1005 1331 1134 1396 Christo
1151 1333 1217 1396 filie
1233 1340 1352 1406 nostre,
1375 1332 1541 1395 abbatisse
1558 1333 1744 1394 monasterii

71 1414 265 1491 Theodotis,
297 1417 415 1479 nostris
438 1426 488 1479 est
511 1419 642 1482 auribus
666 1422 858 1496 intimatum,
883 1423 973 1502 quod
998 1425 1184 1504 prepositus
1208 1430 1241 1486 et
1271 1423 1417 1484 canonici
1440 1422 1483 1482 de
1513 1422 1617 1502 burgo
1640 1422 1744 1482 sancti

72 1504 254 1586 Dompnini
276 1507 481 1569 sacerdotem
506 1508 548 1570 de
571 1509 695 1592 capella
719 1510 894 1587 abbatisse,
926 1531 991 1590 que
1021 1514 1053 1573 in
1083 1520 1267 1574 memorato
1290 1511 1394 1592 burgo
1417 1512 1479 1572 sita
1503 1517 1561 1584 est,
1591 1510 1744 1571 iniuriose

72 1593 237 1675 expellere
260 1605 534 1677 presumpserunt,
558 1617 656 1680 supra
679 1600 722 1675 id,
746 1601 836 1682 quod
861 1603 893 1662 in
916 1603 1045 1683 scriptis
1069 1601 1239 1664 autenticis
1262 1600 1532 1682 predecessorum
1549 1607 1743 1672 nostrorum,

72 1682 210 1765 Eugenii
227 1682 261 1768 ⁸),
284 1683 420 1747 Adriani
437 1683 461 1770 ³)
485 1693 518 1748 et
533 1684 715 1751 Alexandri
732 1687 765 1774 ⁴),
790 1692 868 1772 ipsis
892 1690 1009 1771 legitur
1031 1691 1232 1765 attributum,
1264 1688 1325 1751 sibi
1357 1708 1513 1770 usurpare
1535 1695 1743 1770 temptantes.

72 1770 167 1836 Hanc
190 1773 301 1854 itaque
324 1793 455 1837 causam
479 1783 587 1838 vestre
614 1779 849 1841 committimus
880 1782 1082 1861 experientie
1112 1778 1365 1854 terminandam,
1399 1779 1565 1858 quatinus,
1596 1775 1743 1859 partibus

71 1861 101 1922 in
115 1869 225 1924 vestra
242 1864 404 1944 presentia
420 1865 612 1941 constitutis
636 1886 746 1930 earum
763 1870 904 1931 rationes
920 1868 1092 1950 diligenter
1108 1868 1274 1949 inquiratis
1294 1866 1321 1952 a)
1345 1875 1378 1930 et
1400 1866 1460 1948 ipsi
1484 1885 1589 1939 cause,
1612 1863 1743 1928 sublato

71 1951 301 2032 appellationis
325 1953 506 2029 obstaculo,
527 1951 532 2038 Ι
552 1953 650 2018 finem
674 1956 822 2020 debitum
846 1957 1031 2040 imponatis.
1055 1994 1099 2004 -
1122 1958 1196 2021 Dat.
1220 1956 1361 2032 Verone,
1384 1971 1422 2019 vl
1444 1955 1491 2019 Id.
1515 1954 1694 2018 Novembr.

236 2066 278 2116 Or.
297 2067 331 2116 ine
348 2069 461 2118 Archior'o
479 2069 506 2118 di
523 2069 590 2118 Stolo
608 2085 638 2118 nu
657 2069 781 2124 Mariand.

234 2137 303 2204 Perg.
321 2139 381 2198 r'tol,
400 2140 435 2188 br.
455 2143 522 2200 0,15,
547 2142 608 2207 lang
624 2143 693 2202 0,12,
712 2149 786 2192 rentm
806 2143 882 2203 0,018
905 2143 1096 2210 umgrsclrlogen,
1123 2143 1202 2194 durch
1229 2142 1287 2192 eroer'
1310 2141 1403 2192 Lr'r'cler
1425 2141 1482 2207 gelet
1504 2141 1542 2190 die
1568 2140 1742 2206 Ilonflctnur,

73 2208 144 2256 dnm
161 2209 288 2275 Bletriegel
301 2213 416 2271 verlomr,
435 2211 544 2279 Falturrg
560 2213 605 2262 der
620 2214 722 2264 Breven.

816 2499 882 2575 Nr.
910 2503 999 2576 357.

74 2627 194 2691 lucrios
209 2628 276 2692 III
286 2627 470 2714 beonftrogt
482 2629 543 2693 den
558 2631 658 2694 Prior
671 2653 732 2696 oon
748 2632 849 2697 Santo
866 2632 1032 2717 Reparate
1048 2630 1116 2695 und
1128 2631 1190 2695 den
1207 2627 1395 2695 Kanone'ker
1411 2628 1543 2694 Roland
1554 2651 1614 2694 von
1630 2629 1742 2711 Lucra,
1767 2597 1769 2601 v

74 2717 180 2797 doseir
192 2739 233 2780 zu
247 2737 370 2800 sorgen,
389 2719 467 2782 dass
482 2718 556 2782 dem
574 2718 736 2786 Konvente
759 2744 823 2786 von
838 2722 907 2786 San
923 2723 1032 2786 Pletro
1048 2721 1219 2804 Maggeore
1233 2721 1340 2784 durch
1355 2721 1417 2783 den
1435 2717 1580 2784 Konoent
1592 2741 1654 2784 oon
1669 2720 1741 2784 Son

372 2807 570 2872 Bartolomeo
584 2831 699 2894 wogen
714 2813 804 2875 eines
820 2812 1011 2896 Beerrle'gten
1030 2809 1266 2894 Genugtlrnnng
1273 2810 1439 2894 gescleelee.

569 2929 671 3008 1184(
671 2929 800 2990 -1185
795 2929 816 3012 )
834 2925 1015 2989 November
1027 2928 1081 2989 29.
1124 2923 1254 2990 Verona.

232 3039 352 3102 Lucius
375 3041 563 3124 episcopuS,
587 3063 698 3106 servus
722 3064 888 3106 servorum
911 3044 973 3120 dei,
998 3043 1123 3106 dilectis
1147 3042 1230 3118 filiis,
1264 3043 1363 3124 priori
1387 3052 1499 3105 sancte
1521 3043 1686 3126 Reparate
1709 3051 1741 3106 et

72 3126 226 3189 Rolando
243 3129 285 3191 de
300 3129 471 3206 Baccian0‚
488 3132 628 3194 Lucensi
652 3134 820 3209 canonico,
852 3132 990 3195 salutem
1014 3142 1047 3195 et
1070 3132 1286 3214 apostolicam
1308 3131 1582 3194 benedictionem.
1620 3132 1740 3195 Dilecti

72 3215 127 3278 filii
159 3218 271 3293 nostri,
301 3219 390 3300 prior
419 3229 451 3280 et
482 3220 596 3282 fratres
627 3224 731 3284 sancti
754 3222 839 3284 Petri
869 3223 1016 3296 maioriS,
1046 3241 1179 3302 gravem
1209 3221 1251 3284 ad
1282 3240 1342 3283 nos
1374 3221 1610 3302 querimoniam
1639 3231 1740 3284 trans-

71 3306 238 3380 miserunt,
269 3306 359 3387 quod
388 3307 498 3371 dilecti
522 3309 587 3385 filii,
620 3311 709 3392 prior
732 3321 764 3374 et
788 3311 903 3374 fratres
926 3311 1030 3374 sancti
1046 3309 1277 3383 Bartholomei,
1302 3309 1466 3391 quendam
1489 3311 1740 3392 parrochianum

72 3413 196 3470 eorum,
219 3395 481 3476 Hughiecionem
505 3399 604 3474 Pauli,
629 3420 703 3462 cum
736 3410 812 3482 post
836 3400 878 3463 ab
902 3401 949 3462 eis
973 3408 1143 3482 acceptam
1166 3399 1380 3482 penitentiam
1404 3399 1590 3463 infirmitate
1611 3401 1739 3480 gravius

72 3482 171 3546 solito
194 3483 365 3560 laboraret,
390 3487 432 3548 ad
455 3487 626 3551 ecclesiam
649 3490 816 3571 propriam
840 3498 1031 3572 receperunt
1054 3499 1095 3564 et,
1119 3508 1193 3551 cum
1213 3487 1255 3550 de
1277 3487 1395 3551 morbo
1419 3489 1493 3570 ipso
1516 3499 1593 3570 post
1616 3508 1740 3571 paucos

72 3573 141 3634 dies
159 3573 247 3654 apud
270 3575 405 3636 eosdem
429 3595 586 3640 monacos
610 3578 811 3654 decessisset,
835 3598 910 3641 eum
933 3579 966 3641 in
982 3577 1195 3660 preiudicium
1211 3577 1356 3659 ipsorum
1374 3577 1506 3639 fratrum
1522 3577 1741 3641 ecclesiastice

71 3662 200 3725 tradere
223 3664 387 3744 sepulture
410 3674 488 3746 post
511 3666 776 3748 appellationem,
800 3668 842 3730 ad
865 3688 926 3731 nos
950 3667 1190 3749 interpositam,
1214 3674 1509 3747 praesumpserunt.
1556 3666 1642 3746 Quia
1663 3685 1740 3728 vero

72 3751 112 3812 de
136 3752 325 3814 memoratis
350 3753 502 3817 fratribus
532 3776 630 3837 super
667 3756 853 3819 huiusmodi
890 3754 1193 3839 presumpsionibus
1224 3754 1353 3817 crebras
1377 3754 1525 3836 querelas
1548 3755 1739 3837 recepimus,

72 3860 153 3921 quas
179 3840 301 3903 diutius
325 3862 531 3923 nequaquam
559 3845 693 3927 impune
716 3847 896 3927 poterimus
920 3845 1083 3928 preterire,
1115 3843 1303 3906 discretioni
1333 3853 1440 3906 vestre
1470 3864 1529 3925 per
1558 3843 1741 3927 apostolica

71 3929 193 4010 scripta
217 3930 419 4006 mandamus
450 3934 612 4013 quatinus,
646 3935 674 3996 si
697 3954 808 3996 verum
832 3943 890 4010 est,
915 3934 1005 4015 quod
1029 3935 1189 4008 asseritur,
1220 3933 1361 4015 priorem
1386 3933 1493 4014 ipsum
1517 3942 1550 3994 et
1573 3952 1739 4006 monacos,

71 4016 292 4099 appellatione
321 4031 354 4082 et
384 4021 645 4085 contradictione
674 4033 833 4098 cessante,
863 4022 1065 4088 districtione
1095 4022 1315 4085 ecclesiastica
1345 4021 1558 4103 compellatis,
1592 4031 1627 4083 ut
1650 4021 1739 4083 dicto

68 4107 168 4188 priori
201 4118 234 4170 et
259 4108 410 4172 fratribus
444 4109 485 4173 de
509 4131 647 4194 corpore
671 4114 753 4194 ipso,
787 4111 876 4193 quod
906 4112 1056 4195 sepellire
1086 4112 1257 4173 temerarie
1280 4119 1556 4192 presumpserunt,
1586 4110 1684 4193 plena
1707 4119 1739 4172 et

69 4216 215 4277 congrua
237 4199 460 4261 satisfactione
491 4200 712 4282 respondeant
735 4212 768 4263 et
791 4201 908 4264 similia
931 4201 1062 4264 ulterius
1087 4220 1153 4262 non
1177 4207 1365 4283 presumant
1389 4208 1430 4275 et,
1455 4198 1544 4280 quod
1568 4220 1666 4281 super
1688 4199 1739 4260 his

69 4285 200 4366 querela
223 4288 369 4368 ipsorum
392 4288 526 4351 fratrum
549 4310 615 4353 non
639 4290 758 4353 debeat
781 4289 928 4372 replicari
961 4299 994 4353 et
1016 4310 1077 4353 nos
1094 4309 1247 4352 excessus
1271 4287 1457 4351 huiusmodi
1481 4288 1596 4370 punire
1613 4288 1735 4351 distric-

69 4373 133 4436 tius
157 4375 401 4457 compellamur.
425 4411 468 4422 --
490 4379 567 4443 Dat.
590 4379 732 4455 Verone,
755 4392 795 4441 111
817 4379 870 4442 Kl.
893 4380 1068 4443 Decembr.

227 4489 430 4556 Kepr'olrtrknnde
446 4493 486 4543 des
505 4495 539 4545 13
559 4494 651 4558 Jolrlt.
671 4493 696 4559 (†
714 4493 748 4548 K.
770 4495 804 4561 1),
824 4493 858 4544 im
875 4491 988 4543 meleto
1005 4492 1175 4543 Arer'enscorn'le
1192 4507 1223 4542 au
1239 4491 1329 4541 Lucro.

813 4777 879 4854 Nr.
906 4783 994 4854 358.

71 4906 189 4974 tureos
205 4909 273 4975 III
291 4907 432 4975 schreibt
452 4909 525 4974 dem
541 4907 732 4975 Erwet'llten
754 4911 823 4973 und
838 4909 1001 4974 Konvente
1021 4930 1082 4973 oon
1099 4907 1168 4974 Son
1191 4905 1278 4972 Sesto
1301 4908 1341 4971 o'r'
1358 4907 1527 4984 Pincenzo,
1555 4927 1594 4968 er
1614 4899 1741 4967 kossire

70 4999 160 5082 alles,
175 5021 249 5064 was
269 4999 330 5064 der
346 4999 488 5081 srr'e‘lere
509 4999 573 5063 An
593 5000 769 5065 Bernhard
789 5020 863 5064 eom
880 4997 1069 5064 Nacltlrer'le
1092 4998 1149 5061 des
1166 4995 1311 5061 Klosters
1335 5015 1578 5079 vergenornmen
1601 4993 1682 5058 labe
1697 4991 1739 5071 ⁶).

678 5118 761 5178 1185
778 5115 925 5178 Febrnor
938 5119 967 5179 6.
1008 5113 1137 5178 Verono.

228 5233 349 5297 Lucius
373 5231 558 5316 episcopus,
589 5253 699 5295 servus
723 5253 889 5295 servorum
920 5234 981 5307 dei,
1013 5230 1140 5294 dilectis
1170 5228 1252 5306 filiis,
1285 5227 1455 5291 Adelardo
1478 5225 1584 5289 electo
1608 5235 1640 5288 et
1664 5245 1738 5288 con-

70 5321 180 5385 ventui
210 5323 315 5386 sancti
347 5323 451 5404 Systi,
484 5323 622 5386 salutem
652 5331 685 5384 et
715 5321 932 5403 apostolicam
962 5321 1236 5384 benedictionem.
1283 5319 1430 5381 Iniuncta
1462 5315 1559 5378 nobis
1592 5315 1738 5378 omnium

407 5519 493 5526 ...q--

229 5617 256 5674 a)
274 5613 333 5661 retis
362 5613 414 5677 anf
439 5613 523 5661 Rnrnr
550 5627 599 5661 von
629 5612 759 5662 dunilerer
788 5611 870 5661 Dr'nte.
890 5649 942 5656 ...η
968 5615 1003 5673 nt
1027 5611 1104 5676 Vergl.
1135 5611 1172 5660 die
1193 5611 1309 5660 Urlunde
1338 5623 1393 5658 vom
1424 5608 1457 5656 18
1474 5604 1531 5656 Mai
1560 5603 1739 5655 rtet-1183.

71 5689 96 5748 ι)
112 5685 220 5744 Todold,
239 5681 345 5748 Br'schof
356 5699 404 5733 von
419 5684 542 5743 R'ocmco,
562 5686 739 5733 not-1192.
813 5687 840 5746 3)
861 5683 956 5733 Scleint
972 5683 1038 5733 niclt
1054 5683 1160 5732 erlollm
1171 5699 1201 5731 eu
1212 5683 1269 5732 serit.
1340 5689 1368 5742 4)
1391 5677 1507 5728 Urlrnrde
1523 5691 1579 5726 vnn
1595 5675 1629 5725 20
1644 5675 1741 5724 October

73 5758 251 5806 rito-1180.
325 5758 351 5820 5)
377 5756 453 5822 Vergl.
472 5757 509 5804 die
530 5755 648 5806 Uri-unde
663 5771 718 5804 vern
739 5757 770 5804 15
787 5755 916 5803 December
934 5753 1131 5820 1185-(1186).
1162 5756 1275 5818 li’epertor
1291 5752 1361 5816 Dipl.
1379 5750 1513 5799 Cremonen
1526 5748 1599 5811 1181
1619 5746 1666 5796 Nr.
1680 5748 1739 5796 111.
