4126 6366
309 367 376 434 404

1055 535 1123 609 Nr.
1145 538 1235 609 481.

316 671 455 736 θόῐεείὶη
470 669 535 734 III
545 669 738 752 beauflragt
756 671 818 734 den
833 667 1041 752 Erapriester
1062 667 1133 730 und
1145 666 1244 730 Prior
1264 687 1325 730 von
1348 666 1415 729 San
1442 665 1565 728 Maiolo
1587 665 1626 728 di
1647 661 1761 742 Panto,
1783 663 1831 727 im
1858 661 1997 728 Kloster

557 757 659 822 Santa
683 759 840 823 Theodoto
855 759 894 822 di
908 757 1015 821 Pania
1037 754 1196 838 Ordnung
1208 755 1278 820 und
1292 755 1385 819 Runa
1399 752 1741 820 wiederlzerzusnllen.

929 875 1013 936 1196
1027 871 1115 946 Juni
1127 873 1181 934 21.
1214 871 1365 934 Lateran.

472 989 655 1053 Celestinus
679 989 864 1070 episcopus
888 1009 1000 1052 servus
1022 1007 1190 1051 servorum
1206 986 1270 1060 dei,
1294 987 1423 1050 dilectis
1445 983 1520 1048 filiis
1544 1034 1551 1046 .
1575 1031 1583 1046 .
1607 984 1882 1068 archipresbitero
1898 994 1935 1047 et
1960 1036 1995 1048 ..

312 1080 412 1161 priori
443 1080 546 1141 sancti
569 1078 682 1141 Maioli
706 1078 892 1159 Papiensis,
924 1078 1062 1141 salutem
1094 1085 1128 1138 et
1153 1075 1370 1158 apostolicam
1394 1075 1667 1138 benedictionem.
1688 1072 1693 1159 Ι
1714 1073 1797 1138 Cum
1821 1076 1997 1138 immineat

313 1168 409 1231 nobis
433 1187 476 1230 ex
498 1174 651 1248 suscepte
678 1167 966 1230 administrationis
997 1165 1123 1240 officio,
1156 1165 1365 1228 ecclesiarum
1395 1164 1583 1228 sollicitudo
1613 1172 1821 1239 cunctarum,
1851 1165 1895 1227 ad
1918 1163 1996 1226 illas

312 1256 487 1339 specialius
509 1265 619 1319 nostre
644 1258 761 1319 mentis
783 1256 886 1318 aciem
910 1253 1115 1341 conivertere
1130 1253 1279 1317 volumus
1296 1263 1330 1317 et
1344 1255 1512 1328 debemus,
1536 1273 1601 1334 que
1616 1254 1798 1317 Romanam
1816 1253 1995 1316 ecclesiam

313 1345 400 1409 nullo
424 1347 602 1427 respiciunt
634 1346 798 1408 mediante
837 1353 870 1408 et
901 1366 961 1428 per
988 1346 1146 1408 incuriam
1170 1343 1202 1406 in
1224 1345 1272 1406 eis
1295 1345 1485 1426 degentium
1509 1343 1661 1405 videntur
1684 1343 1726 1406 ad
1751 1351 1995 1424 paupertatem,

313 1435 559 1498 dissolutionem
592 1442 626 1497 et
656 1434 883 1498 enormitatem
915 1437 1047 1498 nimiam
1072 1433 1251 1496 devenisse.
1298 1432 1380 1497 Cum
1404 1434 1503 1515 igitur
1525 1435 1557 1494 in
1582 1435 1781 1495 monasterio
1804 1431 1995 1506 Theodote,

313 1524 395 1587 sicut
419 1524 546 1600 dicitur,
577 1525 753 1587 occasione
776 1524 957 1599 discordie,
987 1543 1053 1604 que
1083 1524 1168 1586 inter
1196 1522 1350 1586 dilectam
1374 1524 1407 1585 in
1432 1519 1563 1587 Christo
1586 1520 1684 1585 filiam
1710 1520 1763 1584 .A.
1786 1521 1994 1584 abbatissam

314 1621 348 1677 et
370 1613 529 1677 moniales
554 1614 698 1676 eiusdem
724 1613 909 1676 monasterii
940 1613 1100 1676 hactenus
1123 1620 1251 1674 versata
1282 1611 1476 1688 dinoscitur,
1508 1613 1540 1674 in
1570 1619 1699 1674 tantum
1731 1611 1926 1674 difformitas
1961 1619 1997 1673 et

314 1701 487 1765 dissolutio
519 1705 619 1765 nimia
650 1702 681 1764 in
710 1704 893 1765 animarum
924 1722 1055 1765 suarum
1085 1703 1264 1784 perniciem
1303 1701 1516 1784 pululaverit,
1555 1701 1645 1781 quod
1678 1721 1744 1762 non
1775 1709 1889 1782 potest
1920 1702 1997 1762 sine

315 1789 505 1853 difficultate
536 1813 602 1854 non
634 1791 765 1854 modica
803 1791 983 1868 emendari,
1020 1790 1169 1854 volentes
1199 1791 1428 1872 indempnitati
1461 1790 1583 1870 pariter
1614 1797 1649 1853 et
1678 1789 1809 1853 utilitati
1842 1790 1994 1852 eiusdem

315 1882 504 1944 monasterii
541 1887 609 1943 tam
640 1881 671 1942 in
695 1881 948 1963 temporalibus,
978 1900 1076 1961 quam
1101 1879 1131 1942 in
1154 1879 1377 1962 spiritualibus
1415 1886 1552 1943 auctore
1583 1879 1720 1942 domino
1757 1881 1789 1941 in
1820 1889 1995 1961 posterum

315 1970 489 2051 precaveri,
514 1972 746 2033 monasterium
770 1971 877 2052 ipsum
901 1977 1009 2033 vestre
1031 1967 1249 2044 sollicitudini,
1273 1977 1308 2031 ut
1331 1968 1479 2032 debeatis
1511 1970 1544 2031 in
1566 1968 1638 2050 ipso
1662 1969 1704 2030 ad
1726 1968 1996 2031 reformationem

317 2058 427 2140 regule
450 2057 540 2121 beati
557 2059 725 2121 Benedicti
750 2060 942 2140 corrigenda
965 2061 1128 2140 corrigere
1152 2059 1238 2121 etin
1261 2057 1375 2121 melius
1395 2055 1423 2142 ⁸)
1439 2057 1626 2131 reformare,
1649 2077 1752 2136 usque
1768 2059 1810 2120 ad
1827 2057 1997 2120 biennium

317 2149 469 2210 duximus
493 2148 776 2210 committendum.
822 2149 969 2228 Ideoque
999 2148 1187 2210 discretioni
1210 2156 1317 2210 vestre
1349 2168 1409 2230 per
1438 2146 1620 2228 apostolica
1642 2149 1766 2228 scripta
1788 2147 1998 2222 mandamus

317 2237 468 2317 quatinus
490 2237 589 2317 ipsius
614 2238 801 2300 monasterii
824 2236 1075 2300 sollicitudinem
1100 2245 1134 2299 et
1157 2256 1267 2300 curam
1291 2245 1443 2318 gerentes
1459 2235 1586 2316 prefate
1601 2234 1769 2298 abbatisse
1785 2237 1816 2298 in
1833 2234 1904 2309 hiis,
1930 2253 1998 2316 que

317 2345 451 2388 necesse
475 2325 625 2389 habuerit
648 2345 710 2407 pro
726 2325 864 2389 utilitate
881 2327 1078 2401 monasterii,
1094 2324 1266 2388 efficaciter
1282 2327 1435 2388 insistatis
1458 2333 1500 2398 et,
1523 2326 1550 2387 si
1567 2345 1651 2406 quos
1667 2327 1853 2388 inveneritis
1869 2325 1996 2387 ibidem

318 2414 550 2478 monacharum
574 2435 738 2490 excessus,
761 2422 871 2477 nostra
895 2418 1089 2478 auctoritate
1122 2413 1252 2490 suffulti,
1283 2415 1324 2478 ad
1355 2414 1516 2478 honorem
1546 2415 1599 2476 dei
1624 2422 1657 2476 et
1680 2415 1782 2496 ipsius
1806 2414 1997 2477 monasterii

317 2505 407 2567 iuxta
431 2504 575 2585 regulam
600 2505 687 2567 beati
702 2505 872 2568 Benedicti
897 2505 938 2567 ad
963 2507 1053 2586 ipsos
1077 2504 1288 2585 corrigendos
1304 2513 1337 2567 et
1353 2505 1587 2567 monasterium
1604 2504 1847 2566 reformandum
1862 2503 1999 2567 viriliter

317 2594 492 2656 intendatis
518 2601 551 2655 et
582 2593 735 2675 plantetis
756 2596 788 2656 in
804 2597 887 2675 ipse,
911 2613 976 2674 que
991 2595 1135 2656 videritis
1152 2593 1352 2676 plantatione
1367 2594 1538 2675 condigna,
1563 2612 1787 2674 quascumque
1804 2593 1996 2656 monialium

318 2683 473 2746 noveritis
503 2682 598 2745 vobis
629 2683 790 2766 indebilta
821 2685 1070 2765 presumptione
1101 2686 1251 2747 resistere
1274 2705 1294 2746 a
1317 2703 1374 2745 sua
1403 2683 1587 2746 temeritate
1615 2702 1674 2764 per
1696 2701 1865 2744 censuram
1891 2682 1998 2744 eccle·

317 2772 488 2847 siasticam,
514 2780 642 2834 remoto
666 2772 893 2854 appellationis
917 2771 1099 2849 obstacu10,
1124 2781 1383 2856 compescentes.
1406 2807 1451 2818 -
1472 2771 1549 2834 Dat.
1569 2769 1574 2855 Ι
1595 2771 1758 2846 Laterani,
1782 2783 1818 2834 x1
1842 2771 1896 2834 Kl.
1916 2771 1997 2835 Iulii

317 2860 530 2924 Pontificatus
554 2862 656 2924 nostri
679 2881 766 2924 anno
789 2869 893 2924 sexto.
917 2895 961 2908 -

481 2975 523 3024 Or.
542 2975 576 3024 im
594 2975 708 3025 Archivio
725 2975 752 3024 di
768 2975 835 3024 Staio
852 2991 882 3023 ru
901 2973 1024 3024 Mailand.

479 3048 548 3112 Perg.
567 3047 626 3106 rial,
646 3047 680 3096 br.
701 3050 788 3107 0344,
806 3049 867 3111 ldisg
883 3049 968 3105 0,]78,
987 3054 1062 3096 umen
1080 3049 1159 3106 0,025
1178 3050 1370 3113 umgescldagm,
1398 3048 1478 3096 durch
1501 3046 1560 3095 arvei
1577 3047 1668 3096 Lirim
1688 3047 1747 3110 gelet
1769 3047 1806 3094 die
1824 3046 1998 3112 Hansscfmr,

317 3133 403 3168 worm
421 3118 465 3166 dos
483 3118 609 3184 Bleisicgel
622 3120 706 3184 iringi,
725 3119 833 3183 Faltung
850 3119 894 3168 der
910 3118 1012 3168 Breven.

1061 3402 1130 3477 Nr.
1156 3405 1246 3478 482.

322 3535 462 3598 Co'lestin
478 3534 544 3599 III
555 3535 744 3618 beaustragt
764 3535 825 3599 den
846 3535 986 3616 Bischos
1001 3557 1062 3599 von
1083 3535 1212 3612 Arenae,
1235 3535 1340 3615 dajir
1353 3536 1455 3621 Serge
1475 3557 1515 3600 zu
1537 3545 1663 3621 tragen,
1686 3537 1765 3600 dass
1780 3539 1844 3602 das
1868 3536 2000 3600 Kloster

317 3624 420 3688 Santa
436 3624 536 3688 Fiora
554 3623 611 3704 (D.
628 3623 765 3709 Areszo)
788 3625 850 3688 den
871 3626 1133 3708 Bestimmungen
1159 3623 1216 3688 des
1247 3624 1390 3690 Urtheils
1415 3628 1449 3688 in
1470 3626 1544 3689 dem
1570 3625 1687 3689 Streite
1709 3627 1772 3703 mit
1789 3627 1864 3691 dem
1888 3625 1996 3690 Edlen

920 3713 1108 3779 Rolandino
1123 3713 1330 3778 nachkomme
1349 3717 1387 3790 ¹).

914 3833 999 3893 2196
1020 3828 1151 3895 October
1164 3832 1215 3892 31.
1246 3829 1396 3893 Lateran.

477 3945 660 4011 Celestinus
684 3948 870 4029 episcopus,
894 3967 1006 4010 servus
1029 3966 1197 4010 servorum
1221 3947 1284 4020 dei,
1307 3945 1487 4010 venerabili
1503 3945 1601 4019 fratri,
1625 3945 1766 4010 Aretino
1786 3949 1947 4029 episcopo
1961 3947 1993 4033 ¹),

315 4036 453 4100 salutem
484 4044 517 4098 et
546 4035 765 4118 apostolicam
797 4035 1071 4100 benedictionem.
1117 4034 1153 4099 Si
1186 4035 1290 4099 abbas
1321 4044 1355 4098 et
1385 4043 1566 4098 conventus
1588 4045 1701 4099 sancte
1724 4035 1823 4099 Flore
1846 4037 1992 4119 diligenti

316 4126 529 4190 meditatione
544 4133 727 4207 pensarent,
748 4145 847 4207 quam
864 4124 1008 4189 debeant
1023 4126 1186 4208 preceptis
1203 4126 1323 4188 nostris
1338 4125 1553 4189 reverentiam
1569 4133 1604 4188 et
1615 4124 1838 4189 obedientiam
1851 4126 1992 4202 exibere,

316 4215 470 4278 mandata
500 4223 610 4277 nostra
641 4215 908 4295 tergiversatione
939 4214 1085 4294 qualibet
1121 4235 1187 4278 non
1219 4213 1399 4295 effugerent
1442 4233 1504 4277 nec
1542 4214 1585 4277 ab
1618 4216 1816 4278 executione
1846 4218 1990 4298 ipsorum

315 4304 499 4367 temeritate
522 4303 658 4385 propria
681 4303 849 4365 resilirent.
895 4302 978 4367 Cum
1002 4303 1087 4366 enim
1110 4321 1210 4385 super
1232 4310 1319 4366 turre
1342 4304 1386 4366 de
1401 4302 1576 4386 Rogetino,
1598 4323 1699 4385 super
1712 4323 1779 4383 qua
1795 4324 1856 4386 pro
1871 4303 1990 4367 dilecto

315 4393 382 4457 filio
406 4391 590 4456 Rolandino
613 4391 735 4473 Pagani
764 4393 795 4453 in
825 4399 936 4455 nostra
967 4391 1027 4455 fuit
1058 4395 1222 4474 presentia
1251 4393 1411 4456 sententia
1442 4392 1668 4474 promulgata,
1697 4393 1792 4474 ipsiS,
1824 4393 1937 4457 abbati
1960 4401 1991 4456 et

315 4482 498 4557 conventui,
534 4481 773 4562 scripserimus,
813 4488 849 4543 ut
887 4479 985 4544 latam
1016 4483 1207 4546 sententiam
1241 4481 1453 4545 observarent
1485 4488 1519 4544 et
1548 4482 1624 4564 ipsi,
1655 4490 1810 4562 tanquam
1843 4481 1990 4546 homines

315 4572 466 4634 indurate
497 4573 626 4644 mentis
657 4571 813 4633 iustitiam
844 4568 966 4633 vellent
989 4572 1160 4634 memorati
1193 4570 1303 4634 militis
1332 4571 1579 4653 presumptione
1610 4571 1720 4634 illicita
1749 4572 1914 4648 detinere,
1946 4572 1990 4634 di·

314 4661 468 4723 scretioni
484 4668 540 4722 tue
555 4660 688 4722 tandem
705 4659 804 4740 ipsius
824 4658 900 4721 facti
917 4656 1169 4746 execu[tionem]
1186 4660 1340 4724 duximus
1363 4661 1642 4724 committendam.
1689 4657 1776 4740 Quia
1799 4680 1887 4737 vero,
1909 4663 1988 4724 sicut

314 4751 379 4812 tuis
413 4749 509 4812 nobis
543 4748 656 4810 litteris
689 4750 855 4823 intimasti,
885 4749 1031 4829 partibus
1065 4751 1097 4811 in
1133 4745 1212 4834 [tu]a
1236 4753 1400 4832 presentia
1423 4749 1621 4822 constitutis,
1654 4748 1758 4812 abbas
1791 4759 1987 4813 memoratus

314 4841 497 4920 proposuit,
519 4857 556 4901 se
579 4858 643 4899 non
667 4837 789 4900 debere
813 4838 963 4918 predicto
988 4838 1078 4901 militi
1103 4840 1309 4920 respondere,
1333 4840 1410 4920 quia
1433 4847 1503 4902 erat
1526 4838 1568 4901 ab
1585 4839 1865 4902 administratione
1882 4859 1988 4902 mona·

314 4927 401 4989 sterii
418 4927 460 4989 de
476 4935 587 4988 nostra
603 4929 745 4989 iussione
768 4947 955 5008 suspensus,
978 4935 1012 4990 et
1027 4935 1208 4991 conventus
1225 4929 1371 4991 eiusdem
1388 4927 1517 4991 cenobii
1534 4928 1708 5004 asserebat
1733 4929 1825 5008 quod
1841 4937 1987 5012 tempore

314 5017 430 5078 messis
453 5024 487 5078 et
510 5016 745 5080 vindemiarum
770 5025 858 5080 stare
880 5019 912 5079 in
935 5017 1020 5079 vicio
1044 5037 1110 5079 non
1135 5017 1313 5093 debebant,
1337 5037 1398 5080 nec
1422 5037 1482 5099 per
1497 5037 1533 5080 se
1548 5036 1610 5080 nec
1626 5036 1685 5098 per
1699 5017 1800 5080 alium
1817 5026 1985 5099 pretaxato

314 5104 472 5168 volebant
484 5104 577 5168 militi
589 5105 715 5168 ratione
727 5105 873 5185 qualibet
885 5106 1094 5186 respondere.
1129 5104 1211 5169 Cum
1225 5106 1331 5181 etiam,
1353 5109 1438 5169 sicut
1452 5116 1566 5169 nostro
1586 5115 1637 5169 est
1655 5106 1856 5187 apostolatui
1875 5107 1986 5170 refera-

313 5203 394 5269 tum,
407 5193 508 5257 latam
521 5196 552 5256 in
565 5213 622 5257 eos
635 5203 772 5277 propter
784 5196 849 5258 hoc
861 5194 1021 5258 interdicti
1032 5197 1229 5258 sententiam
1242 5215 1309 5258 non
1322 5196 1506 5273 observent,
1520 5195 1678 5272 volentes,
1695 5196 1788 5277 quod
1801 5196 1982 5260 mandatum

313 5291 461 5347 nostrum
486 5285 529 5346 de
552 5293 662 5346 cetero
686 5285 795 5347 taliter
810 5281 901 5368 (non)
917 5293 1083 5347 remaneat
1100 5286 1132 5346 in
1149 5304 1309 5365 suspenso
1327 5293 1360 5347 et
1375 5285 1422 5348 illi
1440 5285 1557 5348 desua
1574 5287 1702 5366 possint
1717 5287 1838 5348 astutia
1854 5285 1983 5368 gloriari,

314 5393 379 5454 qua
393 5374 424 5436 in
442 5373 588 5437 elusione
604 5373 748 5437 mandati
764 5376 867 5436 nostri
884 5375 1074 5436 occasiones
1091 5372 1323 5436 insufficientes
1339 5382 1373 5436 et
1387 5377 1492 5437 varias
1507 5375 1703 5456 pretendere
1719 5394 1786 5437 non
1802 5373 1982 5450 formidant,

313 5463 504 5526 fraternitati
527 5470 583 5525 tue
607 5482 667 5544 per
693 5463 877 5545 apostolica
899 5462 1020 5544 scripta
1043 5464 1238 5526 mandamus
1268 5464 1470 5545 firmiterque
1501 5466 1717 5547 precipimus,
1748 5466 1902 5543 quatinus
1924 5483 1982 5526 me

313 5555 448 5615 moratis
471 5551 583 5615 abbati
606 5559 640 5614 et
663 5553 817 5634 capitu10,
840 5560 885 5627 ut,
909 5553 998 5615 omni
1023 5572 1117 5615 mora
1140 5561 1174 5615 et
1196 5552 1417 5634 appellatione
1440 5557 1636 5636 postposita,
1661 5553 1784 5616 dictam
1803 5556 1981 5635 portionem

314 5665 426 5674 ——u—-.
446 5667 548 5673 —.......
570 5667 738 5674 .—.-——„-

472 5711 497 5776 a)
524 5709 573 5758 Von
592 5715 669 5758 etan
687 5711 740 5775 αα]
752 5711 845 5760 Rarur.
865 5749 918 5756 ...
937 5710 972 5776 ,1)
997 5710 1075 5776 Vergl.
1094 5708 1131 5759 die
1152 5709 1342 5760 Urkundevom
1360 5711 1395 5759 27
1414 5709 1620 5760 Febmar119d.
1705 5707 1733 5775 2)
1750 5709 1874 5770 Amnem,
1893 5709 1987 5774 Biicirs

311 5799 359 5834 vm
376 5785 470 5844 Arme,
491 5782 671 5832 1183-1203.
