4126 6356
305 275 367 344 166

463 469 506 518 Or.
527 469 596 534 Prrg.
615 469 676 528 1131,
694 469 729 518 br.
749 470 819 528 0,,61
838 470 900 535 lang
915 471 985 530 0„78
1010 477 1084 519 mim
1100 470 1180 529 0,035
1198 471 1387 536 urrrgrsrhlngm,
1413 471 1491 520 durch
1512 470 1570 520 ranei
1586 471 1678 520 L'o'thcr
1698 471 1755 534 geht
1772 467 1811 518 dir
1830 469 1979 518 rakbrarraee

301 538 488 600 Seidemctnur,
513 557 597 588 moran
621 541 665 588 dos
683 539 808 606 Blerhiegel
829 540 912 606 heingi.
950 541 1058 608 Fallung
1083 542 1126 590 der
1143 543 1239 591 Bullen.
1276 543 1412 608 Ringkrms
1436 543 1492 590 und
1515 541 1680 606 L'nterschrr'fl
1704 541 1805 590 dunkrlc
1830 540 1908 590 Disrte
1922 542 1979 606 fuir

300 611 357 670 sich,
387 611 523 676 Umsririst
543 611 628 661 hellen
645 612 727 672 Diale,
746 611 863 661 vielleirit
884 613 921 661 die
945 613 984 662 des
1002 613 1191 676 Hauptkiirpers.
1227 615 1276 663 Die
1293 615 1422 679 Dalirung
1446 613 1520 662 riihrt
1541 631 1596 662 vom
1616 605 1904 678 Hautrkirpr'rschreibrr
1925 613 1977 673 her,

300 683 345 732 das
362 683 385 734 R
403 685 512 734 Rolands
531 684 576 733 mr't
591 683 721 734 durdlerer
738 685 814 734 Dinte
830 685 988 751 eirrgctrngm.
1024 687 1072 734 Dic
1089 685 1268 754 Ztugmfirmm
1285 686 1363 752 seiger
1372 687 1433 751 sart
1448 688 1497 736 alle
1513 687 1551 736 die
1566 685 1685 736 udmlirie
1699 699 1780 750 graue
1800 685 1886 734 Dina.

1043 969 1110 1045 Nr.
1141 973 1226 1046 154.

300 1099 454 1168 Hadrian
471 1102 495 1168 I
498 1099 527 1165 V
546 1102 695 1186 bestdtigt
717 1102 790 1168 dem
817 1101 980 1168 Konnem
1003 1125 1064 1167 von
1086 1103 1159 1168 San
1177 1103 1343 1168 Gionanni
1363 1101 1398 1168 ιἰι
1423 1104 1580 1170 Laterano
1603 1125 1644 1170 zu
1669 1104 1751 1170 Rom
1774 1104 1832 1168 die
1855 1102 1976 1169 Besr'tz·

905 1192 1035 1258 thrimer
1055 1195 1162 1258 seiner
1185 1192 1306 1259 Kirclre
1323 1196 1359 1278 ¹).

915 1329 998 1392 1155
1012 1325 1115 1412 April
1125 1331 1174 1391 19.
1207 1329 1356 1392 lateran.

459 1459 624 1524 Adrianus
640 1462 825 1545 episcopus,
841 1483 954 1526 servus
968 1483 1138 1528 servorum
1155 1463 1219 1539 dei,
1234 1462 1362 1528 dilectis
1379 1461 1449 1525 111113
1465 1460 1609 1538 Iohanni,
1630 1463 1727 1546 priori
1742 1463 1976 1526 Lateranensis

300 1546 445 1623 ecclesie,
470 1551 605 1631 eiusque
628 1549 788 1628 iratribus,
820 1560 887 1616 tam
911 1552 1118 1635 presentibus
1142 1573 1241 1634 quam
1262 1553 1384 1628 suturis,
1419 1551 1601 1634 regularem
1623 1554 1721 1616 vitam
1746 1552 1912 1634 professis,
1944 1554 1976 1614 13

300 1645 506 1720 perpetuum.
553 1637 686 1720 Quanto
713 1641 941 1706 Lateranensis
971 1642 1109 1706 ecclesia
1138 1663 1182 1706 ex
1210 1643 1344 1722 antiqua
1374 1642 1577 1705 institutione
1606 1640 1777 1724 amplioris
1807 1641 1976 1724 dignitatis

300 1727 582 1805 essedinoscitur,
613 1736 706 1793 13313
730 1734 833 1814 magis
856 1751 928 1795 eam
952 1733 984 1794 in
1008 1732 1123 1796 maiori
1146 1732 1326 1795 reverentia
1348 1732 1445 1795 decet
1468 1730 1580 1794 haberi
1609 1739 1644 1795 et
1674 1732 1717 1794 ad
1748 1732 1850 1812 ipsius
1874 1733 1976 1793 incre·

300 1825 455 1894 mentum,
488 1825 555 1881 tam
578 1818 784 1900 spiritualiter
816 1841 914 1903 quam
944 1820 1180 1904 temporaliter,
1202 1842 1222 1885 a
1244 1822 1342 1885 nobis
1368 1829 1403 1883 et
1424 1819 1493 1884 aliis
1517 1821 1569 1884 dei
1598 1819 1749 1885 fidelibus
1771 1820 1917 1883 studium
1943 1827 1977 1882 et

301 1925 436 1988 operam
467 1906 546 1970 dari.
591 1907 663 1972 Nec
694 1908 839 1986 dubium,
870 1913 979 1992 quod,
1019 1913 1047 1974 si
1087 1911 1314 1993 religiosorum
1352 1909 1567 1992 petitionibus
1606 1917 1743 1992 paterna
1773 1909 1976 1991 benignitate

300 1997 481 2073 3333133333,
505 1999 624 2060 3331313
644 2002 921 2080 oportunitatibus
943 2001 1140 2064 salvatorem
1164 2003 1310 2064 omnium
1333 2000 1504 2064 dominum
1520 2007 1666 2063 nostrum
1681 1999 1789 2064 Iesum
1806 1997 1974 2062 Christum

300 2083 494 2148 clementem
524 2087 639 2170 procul
669 2087 769 2152 dubio
800 2093 991 2173 reperimus.
1037 2092 1233 2173 Eapropter,
1265 2088 1377 2153 dilecti
1408 2091 1441 2152 in
1470 2089 1606 2152 domino
1639 2087 1702 2164 filii,
1733 2089 1851 2152 vestris
1881 2088 1974 2150 iustis

300 2175 512 2256 petitionibus
535 2176 713 2258 benignum
738 2181 991 2243 accomodantes
1013 2199 1190 2254 assensum,
1220 2180 1264 2242 ad
1292 2177 1462 2260 exemplar
1484 2178 1726 2260 predecessoris
1748 2179 1860 2252 nostri,
1884 2175 1974 2240 Ana·

299 2264 387 2327 stasii
409 2277 447 2328 lv
471 2285 565 2347 pape,
596 2266 764 2330 ecclesiam
787 2270 891 2332 sancti
915 2267 1065 2351 Gregorii
1088 2271 1121 2332 in
1145 2269 1268 2333 Marcio
1285 2266 1311 2353 ¹)
1333 2288 1408 2331 cum
1432 2266 1562 2350 palatio,
1593 2270 1715 2349 inquo
1739 2268 1811 2349 ipsa
1834 2265 1975 2330 ecclesia

291 2355 363 2446 Ι3113
393 2361 456 2428 331,
486 2374 560 2418 cum
593 2355 756 2434 domibus,
787 2357 945 2435 casalinis
968 2362 1065 2435 ortis,
1096 2359 1278 2441 canapinis,
1301 2359 1421 2440 criptis,
1452 2356 1615 2440 parietinis
1646 2365 1680 2420 et
1710 2377 1785 2420 cum
1817 2355 1974 2420 omnibus

302 2442 505 2525 pertinentiis
527 2447 594 2509 suis
616 2445 710 2510 vobis
733 2449 915 2529 vestrisque
937 2449 1179 2512 successoribus
1201 2449 1395 2511 auctoritate
1423 2447 1609 2529 apostolica
1640 2445 1882 2520 confirmamus
1912 2465 1975 2507 333

302 2552 368 2596 333
399 2541 433 2597 31
464 2534 688 2599 molendinum
721 2538 753 2600 13
777 2538 893 2620 Capite
922 2537 982 2602 laci
1012 2559 1086 2600 cum
1117 2546 1204 2602 terra
1225 2545 1347 2613 vestra,
1375 2555 1475 2616 quam
1498 2535 1591 2600 vobis
1621 2537 1767 2611 restituit,
1798 2533 1974 2598 ecclesiam

300 2623 403 2686 sancti
425 2621 576 2690 Iohannis
603 2627 647 2688 ad
670 2625 793 2690 Fontes
823 2635 857 2690 et
885 2627 1121 2692 oblationem
1113 2629 1214 2710 ipsius
1243 2626 1351 2689 altaris
1374 2625 1426 2689 vel
1457 2625 1653 2689 ecclesiae
1645 2646 1679 2689 m
1708 2627 1880 2706 integrum,
1910 2643 1975 2688 nec

302 2732 368 2775 non
398 2713 570 2778 ecclesiam
600 2716 702 2778 sancti
732 2715 884 2780 Iohannis
914 2717 1127 2800 evangeliste,
1158 2715 1330 2780 ecclesiam
1360 2722 1474 2780 sancte
1505 2713 1631 2790 Crucis,
1662 2714 1835 2778 ecclesiam
1867 2714 1973 2776 sancti

300 2799 460 2877 Venantii,
490 2803 661 2868 ecclesiam
690 2813 876 2870 sanctarum
909 2805 1025 2870 Rufine
1055 2815 1088 2870 et
1117 2804 1270 2870 Secunde
1299 2824 1372 2868 curn
1403 2804 1554 2868 omnibus
1585 2805 1627 2868 331
1658 2823 1695 2868 33
1726 2803 1975 2886 pertinentibus.

300 2891 451 2956 Preterea
474 2895 685 2958 concedimus
709 2904 743 2958 et
765 2896 996 2960 confirmamus
1018 2897 1113 2960 vobis
1139 2901 1244 2958 totam
1276 2902 1311 2956 et
1338 2894 1497 2975 integram
1526 2890 1726 2976 parochiam,
1756 2893 1798 2956 ad
1831 2892 1974 2956 eandem

300 2979 468 3044 basilicam
491 2980 668 3046 Salvatoris
692 2987 918 3068 pertinentem,
951 2987 993 3050 ad
1022 2985 1123 3050 instar
1154 2984 1425 3067 predecessorum
1449 2990 1648 3060 nostrorum,
1679 2981 1780 3046 felicis
1812 2983 1975 3044 memorie

301 3068 463 3134 Paschalis
480 3070 505 3156 ³)
527 3073 661 3137 secundi
685 3081 718 3137 et
741 3073 859 3138 Calixti
876 3074 911 3160 ⁴),
940 3077 1164 3139 Romanorum
1188 3073 1391 3156 pontificum,
1421 3073 1504 3137 sicut
1525 3073 1592 3135 suis
1619 3070 1793 3154 privilegiis
1823 3071 1976 3152 designa·

300 3168 422 3223 verunt.
468 3163 521 3225 Ex
548 3161 638 3226 dono
668 3163 772 3228 selicis
804 3166 970 3239 memorie,
1001 3163 1242 3247 predecessoris
1266 3163 1366 3226 nostri
1389 3183 1477 3245 pape
1500 3163 1593 3225 Lucii
1610 3160 1644 3246 ⁵),
1674 3160 1847 3224 ecclesiam
1871 3161 1975 3222 sancti

298 3248 452 3314 Iohannis
475 3261 551 3315 3313
574 3263 704 3334 portam
720 3253 871 3318 Latinam
894 3275 969 3318 cum
991 3253 1124 3336 capellis
1147 3265 1180 3316 et
1203 3252 1357 3316 omnibus
1372 3252 1415 3315 ad
1430 3273 1466 3316 se
1482 3251 1730 3334 pertinentibus,
1754 3260 1788 3312 et
1807 3249 1975 3331 hospitale

301 3339 383 3402 inira
405 3351 536 3422 portam
559 3344 662 3406 sancti
678 3343 833 3407 Iohannis
856 3363 931 3407 curn
947 3343 1100 3407 omnibus
1123 3343 1327 3424 pertinentiis
1342 3343 1417 3417 suis,
1441 3340 1612 3405 ecclesiam
1629 3341 1732 3404 sancti
1748 3337 1975 3402 Bartholomei

301 3447 375 3491 cum
398 3431 601 3511 pertinentiis
628 3433 709 3510 suis,
741 3432 912 3496 ecclesiam
944 3434 1048 3496 sancti
1071 3432 1234 3508 Danielis,
1266 3431 1438 3494 ecclesiam
1468 3440 1581 3494 sancte
1612 3431 1716 3492 Marie
1745 3429 1839 3491 collis
1871 3425 1975 3508 Scipii

300 3538 375 3581 cum
398 3520 601 3601 pertinentiis
623 3522 697 3598 suis,
721 3522 921 3597 suburbium,
946 3522 1036 3604 quod
1059 3532 1108 3584 est
1131 3521 1218 3584 circa
1241 3520 1544 3584 Constantinianam
1568 3519 1736 3584 basilicam
1768 3519 1801 3580 in
1825 3517 1975 3580 Stabello

300 3607 391 3671 iuxta
412 3628 540 3672 sacrum
563 3609 720 3692 palatium
745 3632 819 3674 cum
843 3610 1004 3687 domibus,
1029 3631 1110 3692 quas
1133 3610 1178 3673 ibi
1202 3610 1340 3686 habetis,
1365 3610 1491 3684 domos,
1516 3628 1603 3690 quas,
1627 3608 1756 3672 habetis
1788 3607 1820 3668 in
1844 3604 1976 3683 Forma,

300 3697 418 3760 domos
442 3719 523 3780 quas
546 3698 673 3763 habetis
701 3701 734 3762 13
757 3702 905 3776 Ρ1313133,
930 3702 1058 3775 domos,
1082 3718 1163 3782 quas
1185 3698 1315 3762 habetis
1339 3700 1371 3761 in
1395 3697 1559 3774 Cance110,
1590 3699 1718 3772 domos
1742 3715 1824 3778 quas
1846 3693 1977 3760 habetis

300 3785 332 3848 in
356 3787 420 3850 Via
451 3788 581 3865 maiori,
613 3798 752 3852 castrum
776 3790 868 3852 vallis
901 3789 1069 3853 Montonis
1092 3808 1167 3852 cum
1198 3789 1342 3852 ecclesiis
1372 3798 1406 3851 et
1435 3789 1588 3851 omnibus
1619 3789 1662 3850 ad
1693 3789 1800 3868 ipsum
1834 3795 1977 3848 3331333

300 3876 546 3956 pertinentibus,
571 3889 712 3941 castrum
729 3879 928 3942 Metellanici
945 3899 1019 3941 cum
1034 3879 1180 3942 ecclesiis
1196 3888 1229 3939 31
1245 3878 1398 3940 omnibus
1414 3878 1457 3940 ad
1473 3879 1581 3959 ipsum
1604 3874 1852 3959 pertinentibus,
1876 3875 1978 3936 etiam

300 3965 530 4030 confirmamus
544 3967 640 4031 vobis
656 3989 703 4043 33,
724 3989 788 4049 que
807 3968 936 4032 habetis
953 3989 973 4031 a
992 3967 1137 4032 Guarino
1160 3969 1193 4031 in
1210 3964 1310 4029 Portu
1333 3977 1401 4030 tam
1423 3967 1455 4030 in
1479 3966 1657 4030 mobilibus
1681 3984 1780 4047 quam
1803 3965 1837 4026 in
1860 3965 1977 4026 immo·

298 4054 428 4118 bilibus.
467 4055 681 4120 Decernimus
697 4077 786 4138 erge,
810 4065 846 4120 ut
867 4057 945 4120 nulli
966 4058 1101 4120 omnino
1117 4056 1288 4120 hominum
1303 4057 1410 4130 liceat,
1425 4055 1587 4138 prefatam
1603 4054 1776 4120 ecclesiam
1792 4101 1799 4114 .
1817 4103 1823 4115 .
1842 4103 1848 4115 .
1865 4053 1978 4115 usibus

299 4146 499 4212 omnimodis
515 4147 692 4228 profutura.
719 4147 755 4210 Si
768 4167 834 4228 qua
849 4147 947 4227 igitur
963 4195 969 4210 .
988 4196 994 4208 .
1012 4194 1018 4207 .
1036 4145 1168 4210 Cunctis
1185 4153 1294 4208 autem
1312 4195 1318 4208 .
1336 4195 1342 4208 .
1358 4191 1365 4206 .
1382 4147 1557 4208 inveniant.
1584 4145 1703 4208 Amen.
1720 4144 1839 4207 Amen.
1855 4142 1976 4205 Amen.

512 4233 568 4316 (R)
592 4237 665 4317 Ego
689 4235 855 4298 Adrianus
878 4234 1039 4298 catholice
1063 4235 1198 4298 ecclesie
1222 4235 1398 4316 episcopus
1420 4255 1460 4297 ss.
1484 4233 1546 4314 (M)

511 4327 532 4495 1
555 4325 627 4407 Ego
651 4325 775 4388 lmarus
798 4324 1002 4388 Tusculanus
1025 4324 1200 4406 episcopus
1223 4345 1264 4387 ss

511 4413 627 4496 †Ego
651 4413 812 4478 Guarinus
835 4414 1110 4477 Praenestinensis
1134 4413 1270 4476 ecclesie
1293 4414 1470 4496 episcopus
1493 4433 1534 4474 33.

512 4500 532 4587 1
556 4504 628 4585 Ego
651 4501 752 4585 Hugo
777 4503 939 4568 Ostiensis
962 4503 1138 4586 episcopus
1161 4523 1201 4566 ss

512 4589 532 4676 †
556 4593 629 4674 Ego
653 4591 829 4675 Gregorius
852 4593 1013 4674 presbiter
1036 4592 1209 4656 cardinalis
1232 4593 1279 4655 tit.
1305 4591 1424 4656 Calixti
1447 4611 1488 4654 33.

512 4679 532 4766 1
556 4683 628 4765 Ego
653 4683 762 4749 Guido
787 4683 949 4764 presbiter
971 4682 1144 4746 cardinalis
1167 4682 1215 4744 tit
1239 4682 1342 4745 sancti
1367 4680 1543 4761 Grisogoni
1567 4699 1610 4742 33.

512 4769 533 4854 1
556 4771 629 4854 Ego
653 4772 826 4836 Hubaldus
849 4771 1010 4853 presbiter
1032 4771 1206 4834 cardinalis
1229 4771 1276 4834 tit.
1299 4779 1411 4834 sancte
1433 4769 1590 4832 Praxedis
1612 4789 1654 4831 ss.

510 4861 531 4944 †
554 4863 627 4944 Ego
650 4861 822 4926 Aribertus
845 4860 1006 4942 presbiter
1029 4859 1202 4924 cardinalis
1225 4861 1272 4924 tit.
1296 4869 1409 4922 sancte
1377 4859 1608 4922 tAnastasie
1631 4879 1672 4921 ss

512 4948 532 5035 †
555 4950 629 5033 Ego
652 4951 749 5016 lulius
773 4949 933 5034 presbiter
956 4948 1134 5012 cardinalis
1148 4951 1197 5013 tit.
1221 4951 1325 5012 sancti
1349 4947 1497 5012 Marcelli
1520 4967 1562 5009 ss.

512 5038 533 5123 †
556 5042 629 5122 Ego
653 5041 762 5104 Guido
786 5039 947 5122 presbiter
970 5039 1144 5103 cardinalis
1167 5040 1214 5102 tit.
1238 5039 1380 5102 Pastoris
1403 5059 1444 5102 ss

512 5126 532 5213 †
556 5132 629 5212 Ego
653 5130 837 5194 Bernardus
860 5129 1022 5211 presbiter
1044 5129 1218 5193 cardinalis
1241 5129 1289 5191 tit.
1314 5127 1417 5190 sancti
1442 5126 1620 5190 Clementis
1643 5145 1684 5188 ss.

512 5216 533 5301 †
556 5218 629 5302 Ego
653 5220 854 5284 Octavianus
877 5217 1039 5300 presbiter
1061 5217 1298 5281 cardinalist
1258 5217 1306 5280 tit.
1331 5227 1443 5280 sancte
1467 5216 1587 5280 Cecilie
1610 5235 1651 5278 ss

511 5310 531 5392 †
555 5311 628 5391 Ego
652 5310 753 5374 Oddo
777 5308 935 5371 diaconus
959 5307 1130 5372 cardinalis
1153 5307 1257 5369 sancti
1281 5306 1413 5387 Georgii
1438 5305 1480 5368 ad
1504 5305 1623 5370 Velum
1647 5322 1780 5366 aureum
1803 5323 1845 5365 ss

512 5395 533 5480 †
556 5400 629 5482 Ego
638 5398 848 5557 Rodulphus
871 5397 1029 5460 diaconus
1053 5395 1226 5460 cardinalis
1248 5406 1361 5459 sancte
1384 5395 1516 5458 Lucie'
1508 5415 1541 5457 m
1563 5393 1668 5475 Septa
1690 5393 1769 5456 solis
1792 5413 1834 5454 ss.

463 5613 487 5677 1)
511 5611 588 5676 Vergl.
608 5610 645 5659 dic
666 5609 725 5660 Urk.
744 5610 842 5660 333310
860 5610 956 5674 August
973 5607 1052 5656 1179.
1125 5607 1152 5670 3)
1125 5605 1234 5655 nUrk.
1253 5619 1308 5654 vom
1327 5607 1358 5655 19
1378 5604 1435 5654 Mai
1452 5607 1526 5656 1164.
1597 5605 1625 5673 3)
1647 5604 1708 5656 tlrk.
1725 5619 1782 5654 vom
1799 5605 1835 5655 77
1848 5603 1977 5654 Decenbn

301 5684 375 5734 1106
461 5683 489 5749 4)
512 5682 571 5734 Urk.
591 5697 646 5732 vom
664 5683 699 5734 76
715 5682 772 5733 Mai
789 5683 868 5732 1177.
942 5681 969 5746 5)
991 5677 1125 5731 ((31.3333
1144 5679 1177 5729 31
1200 5677 1400 5742 Jamcar1145.
