4126 6366
353 321 416 385 342

351 494 529 578 regendum
554 495 689 559 domino
713 504 789 560 sunt
812 496 1009 578 disponente
1039 495 1214 558 commissi.
1260 491 1454 577 Eapropter,
1484 495 1680 561 venerabilis
1710 499 1742 561 in
1766 497 1899 562 Christo
1923 499 2019 575 frater,

349 585 566 650 Vercellensis
589 587 756 669 episcope,
788 585 852 648 tuis
882 585 974 649 iustis
997 583 1275 666 postulationibus
1308 584 1487 648 clementer
1509 586 1681 650 annuimus
1705 595 1737 650 et
1760 587 1926 668 prefatam
1948 586 2019 652 Ver·

350 675 524 739 cellensem
547 676 728 752 ecclesiam,
759 677 810 739 cui
830 673 858 760 ²)
882 675 946 738 deo
970 683 1103 736 auctore
1132 694 1263 754 preesse
1286 673 1505 755 dignosceriS,
1536 677 1580 738 ad
1602 676 1772 759 exemplar
1796 676 1902 740 felicis
1925 697 2011 742 recor

349 763 491 828 dationis
514 765 755 846 predecessoris
779 766 889 840 nostri,
920 763 1059 827 Adriani
1083 783 1180 844 pape,
1211 763 1272 826 sub
1304 763 1392 826 beati
1416 764 1502 827 Petri
1534 774 1567 827 et
1595 775 1706 828 nostra
1737 767 1948 847 protectione
1976 789 2010 830 su

347 853 504 936 scipimus
527 862 560 917 et
583 855 743 936 presentis
766 855 878 936 scripti
902 853 1074 935 privilegio
1105 853 1353 916 communimus.
1399 851 1596 930 StatuenteS,
1625 861 1668 931 ut,
1703 875 1930 938 quascumque
1952 877 2019 938 pos

346 943 518 1019 sessiones,
550 963 755 1026 quecumque
786 945 876 1008 bona
898 943 1016 1006 eadem
1040 942 1178 1006 ecclesia
1209 943 1242 1005 in
1265 942 1503 1024 presentiamm
1534 944 1616 1006 iuste
1639 955 1673 1007 et
1695 945 1855 1008 canonice
1878 947 2020 1026 possidet

346 1033 450 1095 autin
468 1033 608 1096 futurum
626 1035 839 1098 concessione
854 1032 1057 1115 pontificum,
1082 1031 1255 1113 largitione
1271 1051 1384 1114 regum
1399 1031 1451 1094 vel
1466 1033 1661 1114 principum,
1685 1034 1857 1096 oblatione
1879 1034 2019 1098 fidelium

345 1142 401 1184 seu
426 1123 496 1185 aliis
521 1122 611 1186 iustis
634 1123 750 1199 modis,
775 1132 941 1205 prestante
965 1121 1111 1195 domino,
1135 1121 1257 1203 poterit
1280 1121 1426 1203 adipisci,
1451 1121 1544 1184 firma
1559 1122 1621 1185 tibi
1635 1123 1765 1204 tuisque
1780 1124 2019 1188 successoribus

344 1219 378 1272 et
401 1210 526 1275 illibata
549 1223 773 1293 permaneant.
819 1211 856 1274 In
880 1212 998 1293 quibus
1021 1208 1084 1274 hec
1106 1211 1249 1292 propriis
1273 1210 1426 1274 duximus
1449 1211 1665 1293 exprimenda
1686 1213 1872 1278 vocabulis:
1915 1234 2018 1277 mona·

342 1301 477 1364 sterium
500 1302 603 1366 sancti
623 1301 766 1364 *Ianuarii
790 1303 823 1364 in
839 1301 996 1376 Lucedio,
1020 1301 1254 1363 monasterium
1277 1300 1381 1363 sancti
1398 1297 1558 1382 Stephani
1583 1301 1615 1363 in
1640 1301 1771 1364 civitate
1785 1299 2018 1380 Vercellorum,

344 1391 576 1454 monasterium
599 1392 703 1454 sancti
720 1391 899 1456 Salvatoris
923 1391 955 1453 in
971 1391 1077 1453 Bexia
1099 1401 1133 1453 et
1148 1389 1382 1452 monasterium
1405 1391 1510 1452 sancti
1527 1387 1613 1454 Petri
1638 1390 1670 1452 in
1686 1391 1800 1466 Lenta,
1826 1411 1892 1473 que
1914 1394 2018 1456 omnia

342 1479 402 1542 tibi
422 1481 553 1562 tuisque
576 1481 818 1544 successoribus
847 1479 1039 1555 ordinanda,
1071 1479 1287 1561 gubernanda
1317 1489 1351 1542 et
1380 1479 1589 1561 disponenda
1620 1481 1842 1543 concedimus.
1888 1482 2018 1546 Plebem

341 1570 445 1632 sancti
469 1569 590 1644 Evazii‚
626 1569 759 1651 plebem
783 1570 933 1646 Martiris,
968 1569 1101 1651 plebem
1137 1568 1335 1645 Medialiani,
1370 1569 1504 1650 plebem
1536 1569 1716 1644 Rusiniani,
1751 1569 1888 1651 plebem
1919 1573 2016 1634 sancti

342 1657 504 1736 Cassiani,
537 1658 669 1741 plebem
702 1660 809 1736 Medi,
840 1658 973 1740 plebem
1002 1657 1145 1721 Comadi
1164 1655 1210 1742 b),
1242 1658 1376 1740 plebem
1407 1656 1564 1735 Gabiani,
1597 1658 1731 1740 plebem
1755 1658 1889 1723 Castelli
1922 1663 2016 1735 terris,

341 1746 474 1828 plebem
513 1747 701 1822 Monticuli,
746 1748 880 1831 plebem
918 1748 1070 1823 Dustrie,
1116 1747 1250 1829 plebem
1288 1747 1375 1822 Fini,
1408 1747 1542 1829 plebem
1583 1748 1706 1810 Montis
1745 1748 1838 1822 calvi,
1885 1749 2014 1830 plebem

340 1836 484 1917 Bugelle,
523 1837 657 1919 plebem
696 1837 842 1913 Cossadi,
882 1836 1015 1919 plebem
1054 1836 1199 1912 Navole,
1238 1835 1372 1918 plebem
1410 1836 1587 1910 Gatinan'e,
1625 1836 1759 1917 plebem
1797 1836 1966 1920 Gifilenge
1983 1839 2014 1922 ‘l

339 1925 473 2007 plebem
489 1925 623 2001 Albani,
647 1927 780 2009 plebem
802 1926 981 2002 Blandrati,
1005 1925 1138 2008 plebem
1162 1926 1303 2008 Bulgari,
1327 1924 1461 2007 plebem
1483 1925 1681 2000 Conllencie,
1706 1925 1840 2007 plebem
1863 1928 2013 2002 Rodobii,

339 2013 473 2096 plebein
497 2015 587 2080 Cocli
608 2014 653 2101 d),
686 2017 820 2098 plebem
849 2015 997 2090 Balzole,
1028 2015 1162 2097 plebem
1196 2015 1339 2091 Tridini,
1371 2015 1504 2096 plebem
1526 2014 1698 2091 Palazolii,
1729 2015 1864 2097 plebem
1889 2016 2011 2095 Palacii,

338 2103 472 2185 plebem
502 2101 649 2189 Salugie,
683 2106 817 2189 plebem
847 2106 969 2169 montis
993 2104 1132 2169 Cravelli
1152 2105 1196 2181 e),
1230 2104 1363 2187 plebem
1390 2105 1540 2182 Livurni,
1571 2104 1705 2186 plebem
1729 2104 1852 2181 Crove,
1884 2106 2011 2187 plebem

336 2205 450 2258 sancte
472 2195 622 2278 Agathe,
655 2195 788 2278 plebem
811 2195 915 2258 sancti
939 2194 1099 2270 Secundi,
1129 2195 1262 2277 plebem
1285 2193 1406 2257 Puliaci
1431 2205 1464 2257 et
1494 2194 1629 2275 plebem
1652 2193 1810 2257 Badaloci
1831 2193 1878 2278 s),
1912 2197 2009 2258 casale

336 2285 439 2347 sancti
465 2283 581 2348 Evaxii
604 2303 678 2347 cum
703 2285 849 2350 districto
873 2291 907 2348 et
934 2284 1144 2366 pertinenciis
1174 2285 1249 2360 suis,
1280 2281 1492 2358 Verrucham,
1522 2283 1650 2347 Buiella
1667 2280 1697 2367 e)
1727 2302 1803 2345 cum
1836 2285 2009 2365 apendiciis

336 2373 410 2445 suis
433 2373 640 2450 Andurnum,
664 2373 858 2450 Clavaziam,
890 2373 1073 2450 Bedulium,
1095 2371 1259 2448 Vemade,
1290 2373 1495 2454 Pelligonum
1514 2371 1553 2459 h),
1585 2371 1808 2447 Surdivalum,
1841 2372 2007 2456 Oclepum

337 2462 535 2540 Mucianum,
560 2462 713 2540 Graliam,
737 2463 886 2538 Moxum,
909 2463 1050 2539 Velium,
1075 2463 1322 2537 Messorianum,
1353 2461 1535 2542 Quirinum,
1566 2462 1794 2536 Crevacorum,
1825 2459 1959 2524 Radum
1979 2473 2007 2525 et

335 2548 572 2634 Albergariam
586 2552 786 2630 Axilianum,
798 2553 976 2628 Balzolam,
992 2553 1190 2615 Palazolium
1211 2549 1246 2637 ἰ),
1264 2549 1441 2632 Salugiam,
1453 2553 1637 2626 Miraldam,
1654 2557 1803 2614 montem
1819 2551 2005 2628 Cravellum

335 2651 482 2705 sanctam
497 2641 665 2724 Agatham
689 2663 764 2706 cum
788 2642 935 2706 districto
959 2653 992 2704 et
1007 2641 1162 2724 Pedagio,
1186 2641 1385 2706 Saluciolam
1403 2639 1432 2727 1ί)
1449 2653 1483 2705 et
1496 2641 1672 2706 Ronchum
1688 2638 1823 2704 Sichum
1842 2637 1872 2724 ¹)
1886 2639 1920 2725 ¹).
1949 2643 2004 2704 De

334 2731 495 2795 cemimus
519 2751 606 2814 ergo,
639 2743 675 2796 ut
698 2731 776 2796 nulli
800 2731 935 2794 omnino
957 2729 1129 2795 hominum
1159 2731 1271 2808 liceat,
1302 2732 1556 2814 suprascriptam
1587 2730 1758 2793 ecclesiam
1790 2739 2003 2793 temere...

334 2819 446 2884 usibus
477 2820 677 2884 omnimodis
710 2820 896 2904 profutura,
928 2821 1019 2884 salva
1046 2822 1198 2884 nimirum
1221 2819 1404 2903 apostolice
1427 2821 1514 2885 sedis
1537 2820 1742 2884 auctoritate.
1788 2817 1824 2882 Si
1850 2838 2002 2900 qua...

333 2908 467 2974 Cunctis
489 2921 599 2975 autem
624 2960 630 2973 .
655 2957 661 2972 .
687 2959 693 2974 .
718 2911 893 2974 inveniant.
938 2910 1057 2973 Amen.
1080 2909 1199 2973 Amen.
1224 2909 1343 2973 Amen.

545 2995 600 3168 ῼί)
622 3001 696 3082 Ego
720 2999 875 3066 Urbanus
898 2998 1058 3064 catholice
1081 3000 1217 3063 ecclesie
1240 3000 1416 3082 episcopus
1440 3019 1480 3063 ss.
1504 2993 1566 3083 (M)

588 3089 661 3170 Ego
686 3090 847 3153 Henricus
870 3088 1071 3153 Albanensis
1094 3089 1270 3171 episcopus
1293 3108 1334 3152 ss.

543 3177 564 3256 †
587 3176 659 3260 Ego
683 3178 800 3241 Paulus
822 3179 1028 3242 Prenestinus
1051 3180 1228 3261 episcopus
1250 3200 1292 3242 ss.

543 3265 564 3350 †
587 3267 661 3349 Ego
684 3263 876 3332 Thebaldus
899 3269 1085 3333 Hostiensis
1107 3279 1141 3332 et
1163 3266 1377 3332 Velletrensis
1400 3265 1575 3348 episcopus
1598 3287 1639 3329 ss.

542 3355 563 3440 †
586 3357 660 3438 Ego
682 3359 796 3421 Petrus
819 3358 862 3422 de
884 3357 980 3421 Bono
1002 3358 1165 3441 presbiter
1187 3358 1360 3422 cardinalis
1382 3357 1430 3420 tit
1452 3365 1566 3419 sancte
1587 3355 1737 3419 Susanne
1759 3375 1801 3416 ss

543 3444 563 3529 †
586 3445 659 3528 Ego
682 3447 855 3510 Laborans
877 3448 1039 3529 presbiter
1061 3448 1234 3512 cardinalis
1257 3456 1369 3511 sancte
1392 3446 1496 3509 Marie
1519 3445 1738 3509 transtiberim
1760 3446 1809 3506 tit.
1826 3441 1948 3506 Calixti
1962 3463 1998 3506 ss

539 3534 561 3614 †
583 3535 657 3617 Ego
680 3535 857 3600 Pandullus
880 3538 1043 3619 presbiter
1065 3537 1238 3602 cardinalis
1261 3538 1310 3601 tie
1331 3549 1383 3599 ΧΗ
1404 3535 1646 3616 Apostolorum
1668 3554 1710 3596 ss.

540 3623 561 3706 †
583 3623 657 3705 Ego
681 3625 800 3689 Melior
821 3627 983 3708 presbiter
998 3627 1172 3690 cardinalis
1186 3637 1375 3691 sanctorum
1391 3624 1547 3688 lobannis
1563 3633 1597 3686 et
1610 3623 1700 3686 Pauli
1716 3622 1764 3685 tit
1778 3621 1946 3685 Pamachii
1961 3642 1996 3684 ss

538 3710 559 3795 †
582 3713 655 3794 Ego
679 3713 866 3779 Adelardus
886 3717 936 3779 tit.
961 3717 1065 3780 sancti
1089 3716 1235 3781 Marcelli
1258 3716 1421 3799 presbiter
1442 3712 1616 3777 cardinalis
1638 3710 1701 3775 ss(

538 3799 559 3883 †
581 3803 656 3884 Ego
679 3803 868 3891 lacintusm)
891 3817 1004 3870 sancte
1028 3807 1132 3870 Marie
1155 3807 1189 3869 in
1213 3805 1383 3871 Cosmidin
1401 3801 1431 3890 ¹¹)
1454 3804 1613 3867 diaconus
1636 3801 1809 3866 cardinalis
1831 3821 1873 3863 ss

537 3887 557 3972 †
580 3892 654 3974 Ego
678 3893 858 3958 Gracianus
880 3904 1068 3959 sanctorum
1092 3895 1213 3959 Cosme
1236 3903 1269 3959 et
1291 3893 1444 3960 Damiani
1469 3894 1627 3958 diaconus
1650 3891 1823 3954 cardinalis
1845 3908 1887 3950 ss

536 3977 557 4062 †
580 3982 653 4064 Ego
677 3982 847 4046 Rolandus
870 3994 983 4048 sancte
1007 3986 1110 4048 Marie
1134 3985 1167 4048 in
1190 3986 1319 4049 Porticu
1343 3985 1501 4048 diaconus
1524 3981 1698 4047 cardinalis
1720 4001 1762 4043 ss,

535 4066 556 4151 †
580 4069 653 4152 Ego
676 4072 789 4136 Petrus
811 4073 914 4136 sancti
940 4075 1068 4138 Nicolai
1093 4075 1125 4137 in
1148 4095 1278 4138 carcere
1300 4074 1452 4138 Tulliano
1476 4075 1634 4136 diaconus
1657 4070 1830 4134 cardinalis
1853 4089 1895 4133 ss.

534 4157 555 4240 †
577 4161 650 4241 Ego
674 4161 834 4226 Radulfus
855 4165 960 4227 sancti
984 4163 1114 4246 Georgii
1138 4165 1181 4227 ad
1203 4163 1324 4228 Velum
1347 4183 1480 4227 aureum
1503 4158 1674 4246 (diaconus
1697 4155 1884 4242 cardinalis)
1905 4177 1943 4220 ss

480 4246 557 4310 Dat.
582 4250 723 4326 Verone,
747 4272 807 4333 per
829 4273 961 4316 manum
984 4253 1123 4329 Alberti,
1151 4264 1264 4318 sancte
1286 4255 1438 4316 Romane
1461 4254 1598 4317 ecclesie
1621 4253 1793 4335 presbiteri
1824 4255 1990 4318 cardinalis

320 4339 353 4392 et
375 4334 567 4399 cancellarii.
613 4337 688 4402 Kal.
712 4339 804 4404 Iunii.
849 4340 1033 4407 Indictione
1056 4345 1179 4425 quinta.
1225 4343 1461 4407 Incamationis
1494 4343 1659 4407 dominice
1688 4363 1777 4406 anno
1800 4359 1987 4410 mmmm

318 4418 532 4488 Pontificatus
555 4447 633 4490 vero
658 4429 770 4493 domni
794 4431 918 4496 Urbani
943 4453 1031 4515 pape
1053 4447 1093 4496 111
1116 4453 1203 4496 anno
1227 4433 1382 4496 secundo.

484 4538 551 4589 Zwei
567 4541 659 4606 Implevi
682 4543 723 4593 des
741 4545 772 4594 16
793 4545 895 4610 Jahrb,
919 4546 974 4595 Cod.
995 4545 1102 4596 Bircioni
1118 4547 1138 4596 I
1144 4555 1172 4612 p.
1191 4549 1252 4608 215,
1272 4548 1316 4597 IV
1323 4555 1351 4612 p.
1368 4547 1431 4607 207,
1457 4546 1491 4596 im
1508 4547 1624 4598 Archr'vio
1650 4547 1802 4613 Mmia'pale
1826 4567 1857 4600 eu
1888 4549 1985 4608 Verrelb',

317 4605 373 4652 mid
386 4606 511 4675 Absclm'st
527 4612 570 4661 des
589 4615 623 4665 28
643 4615 735 4680 Jahrb.
756 4616 871 4681 (Vercelli
886 4617 969 4668 Mam
989 4621 1003 4667 1
1022 4619 1070 4668 Nr.
1088 4615 1128 4686 2),
1146 4619 1180 4670 im
1197 4620 1272 4670 Arci.
1290 4619 1318 4669 di
1334 4619 1402 4669 Stato
1419 4636 1449 4668 su
1470 4619 1559 4670 Tmen

1061 4839 1128 4916 Nr.
1153 4844 1242 4918 391.

322 4961 430 5026 Urban
448 4964 512 5028 III
522 4965 640 5030 nimmt
652 4966 714 5032 das
729 4967 863 5034 Kloster
876 4970 1012 5036 Brodolo
1028 4973 1087 5052 (Ι).
1110 4973 1285 5059 Chioggia)
1307 4976 1341 5040 in
1363 4977 1598 5061 apostoliscltcn
1614 4975 1732 5042 Scbuts
1753 4978 1824 5042 und
1835 4977 1981 5066 {hesterni

844 5061 932 5125 scine
948 5062 1189 5129 Besitzthzi'mer
1200 5065 1271 5129 wid
1283 5065 1402 5131 Reckte
1417 5067 1456 5147 ¹).

934 5181 1021 5243 1187
1033 5180 1122 5256 Juni
1133 5184 1189 5244 23.
1231 5179 1361 5246 Verona.

471 5281 625 5350 Urbanus
648 5289 833 5373 episcopus,
856 5315 966 5360 servus
989 5317 1157 5363 servorum
1173 5300 1236 5375 dei,
1259 5301 1388 5367 dilectis
1407 5301 1480 5365 filiis
1495 5300 1646 5376 Alberto,
1669 5299 1782 5364 abbati
1800 5297 1974 5365 monasterii

310 5379 429 5484 sancte
453 5374 622 5439 Trinitatis
651 5388 685 5442 et
712 5383 816 5445 sancti
850 5385 1019 5451 Michaelis
1050 5389 1252 5472 archangeli,
1281 5391 1334 5455 siti
1368 5392 1400 5455 in
1431 5393 1523 5467 loco,
1560 5391 1614 5472 qui
1647 5390 1763 5454 dicitur
1792 5389 1972 5460 Brondolus,

404 5581 409 5594 ¹
470 5515 495 5579 a)
514 5513 586 5564 Beide
603 5514 664 5580 Kop.
683 5533 739 5568 cum
811 5520 838 5584 b)
858 5521 999 5575 Cornelil.
1073 5529 1099 5592 c)
1118 5527 1246 5595 Gylilinge
1264 5532 1285 5580 I.
1369 5532 1396 5594 d)
1416 5531 1486 5582 Cozii
1505 5532 1527 5585 I.
1613 5534 1638 5596 e)
1658 5531 1769 5582 Caurelli
1791 5531 1812 5582 Ι.
1896 5527 1972 5592 03⁸·

309 5579 444 5632 dulochrl.
506 5585 534 5668 g)
547 5586 684 5668 bugellal.
750 5591 777 5650 h)
791 5592 986 5660 Pelligouiuml.
1053 5598 1071 5664 i)
1085 5600 1272 5652 Palaciolnml.
1339 5604 1366 5668 k)
1379 5605 1563 5657 Saluziolaml.
1635 5604 1655 5664 1)
1668 5603 1786 5654 Sicuml.
1859 5601 1970 5666 m)Sm0·
2030 5597 2032 5668 l

308 5657 345 5701 tus
418 5659 445 5715 ιι)
459 5655 593 5710 Colrmdm.
617 5699 664 5706 --.
683 5666 720 5729 .1)
735 5663 817 5727 Jetsl:
829 5668 952 5718 Rmecco.
1027 5675 1053 5730 2)
1067 5671 1115 5720 Die
1131 5671 1265 5724 Urkundm
1277 5691 1325 5725 von
1337 5677 1441 5725 Brodolo
1452 5676 1511 5726 sind
1520 5676 1701 5734 verselleudert,
1714 5675 1752 5724 ein
1762 5677 1859 5725 sclb‘ms
1872 5671 1974 5738 nn'gisd

310 5724 438 5787 Joamms
455 5728 523 5778 XIX
535 5729 634 5796 belindct
649 5733 699 5782 sich
716 5734 750 5784 im
770 5735 956 5790 Germniscltm
975 5741 1089 5792 Murcum
1107 5759 1137 5792 su
1154 5743 1304 5813 Nis'mberg;
1321 5748 1450 5813 abgebx'ldet
1467 5748 1493 5798 in
1511 5751 1603 5798 meineri
1621 5747 1756 5813 speciano
1776 5748 1846 5798 Pom.
1863 5750 1926 5797 Κω-
1938 5744 1968 5794 ll-
