4126 6366
1687 327 1749 393 343

70 503 222 566 eiusdem
263 503 430 580 fratribus,
471 515 539 567 tam
576 506 782 587 presentibus
813 526 912 588 quarn
945 505 1073 580 luturiS,
1110 503 1300 586 regulariter
1329 501 1580 578 substituendis,
1611 503 1750 585 imppm.

69 591 243 674 Quociens
265 613 287 656 a
309 593 406 656 nobis
428 595 559 676 petitur,
592 595 682 676 quod
706 595 854 676 religioni
878 603 911 658 et
933 593 1097 658 honestati
1129 593 1304 657 convenire
1337 591 1523 666 dinoscitur,
1555 592 1666 655 animo
1690 613 1751 656 nos

70 681 168 744 decet
192 681 309 746 libenti
334 683 516 746 concedere
539 692 572 746 et
594 685 782 766 petencium
799 684 968 747 desideriis
985 684 1138 747 effectum
1153 700 1335 764 congruum
1350 681 1517 763 impertiri.
1554 681 1749 764 Eapropter,

70 770 183 834 dilecti
208 771 243 834 in
267 772 404 834 domino
428 772 494 848 filii,
518 774 633 836 vestris
657 773 748 837 iustis
771 774 1055 855 postulacionibus
1071 773 1249 836 clementer
1271 770 1443 833 annuimus
1467 780 1500 833 et
1516 771 1750 834 monasterium

69 871 225 937 vestrum,
258 861 348 943 quod
379 860 422 924 ad
451 862 499 925 ius
523 872 556 924 et
578 864 813 944 proprietatem
836 863 989 925 Romane
1011 862 1148 925 ecclesie
1170 861 1355 943 specialiter
1377 860 1539 941 pertinere
1563 860 1749 936 dinoscitur,

68 950 112 1011 ad
144 950 319 1032 exemplar
348 961 478 1032 patrum
508 957 542 1014 et
564 952 833 1033 predecessorum
864 963 1059 1026 nostrorum,
1091 950 1210 1014 Calixti
1241 959 1275 1012 et
1297 947 1493 1024 Alexandri,
1523 949 1750 1012 Romanorum

69 1038 279 1120 pontificum,
302 1040 363 1103 sub
379 1040 469 1103 beati
484 1040 570 1103 Petri
587 1051 621 1104 et
636 1052 748 1105 nostra
762 1043 969 1122 protectione
984 1041 1179 1122 suscipimus
1203 1048 1236 1101 et
1258 1038 1419 1120 presentis
1441 1038 1554 1121 scripti
1578 1039 1749 1120 privilegio

71 1130 325 1192 communimus.
342 1127 540 1204 StatuenteS,
553 1141 596 1206 ut,
608 1150 831 1212 quascumque
843 1132 1078 1212 possessiones,
1090 1148 1296 1211 quecumque
1312 1127 1402 1189 bona
1411 1128 1499 1190 idem
1516 1129 1750 1191 monasterium

71 1217 103 1279 in
135 1220 380 1300 presenciarum
411 1219 493 1282 iuste
523 1229 556 1282 et
587 1221 745 1284 canonice
783 1220 933 1302 possidet
976 1229 1032 1283 aut
1064 1220 1097 1282 in
1131 1219 1273 1282 futurum
1303 1218 1516 1280 concessione
1545 1216 1748 1298 pontificum,

70 1307 252 1388 largicione
276 1327 388 1389 regum
410 1309 463 1370 vel
494 1309 697 1391 principum,
729 1309 903 1373 oblacione
932 1310 1079 1373 fidelium
1110 1328 1167 1371 seu
1201 1307 1271 1370 aliis
1303 1306 1394 1368 iustis
1425 1305 1549 1383 modis,
1582 1316 1749 1388 prestante

70 1395 226 1471 domino,
258 1398 381 1479 poterit
404 1396 558 1478 adipisci,
592 1398 685 1462 firma
707 1399 804 1462 vobis
826 1400 1007 1481 vestrisque
1035 1396 1277 1461 successoribus
1309 1405 1344 1458 et
1372 1395 1497 1458 illibata
1525 1406 1747 1477 permaneant.

69 1483 105 1546 ln
130 1487 253 1567 quibus
275 1485 337 1549 hec
360 1487 502 1569 propriis
526 1487 678 1550 duximus
702 1488 919 1570 exprimenda
939 1487 1125 1551 vocabulis:
1164 1486 1273 1549 locum
1297 1485 1413 1567 ipsum,
1438 1485 1470 1546 in
1495 1505 1561 1566 quo
1585 1484 1748 1567 prelatum

71 1577 306 1638 monasterium
329 1577 428 1638 situm
451 1586 515 1651 est,
548 1596 623 1639 cum
653 1578 806 1640 omnibus
829 1578 1039 1659 pertinenciis
1069 1577 1150 1653 suis,
1183 1575 1344 1657 capellam
1376 1574 1480 1636 sancti
1505 1574 1674 1637 Michaelis
1706 1574 1748 1638 de

70 1663 233 1746 Bagnolo‚
265 1664 421 1746 quicquid
445 1664 575 1728 habetis
598 1667 630 1729 in
654 1667 744 1729 curia
767 1666 808 1729 de
830 1667 982 1748 Bagnolo
1006 1677 1039 1730 et
1062 1667 1093 1728 in
1117 1665 1184 1728 eius
1215 1664 1343 1740 finibus,
1374 1662 1530 1745 quicquid
1562 1663 1691 1727 habetis
1714 1664 1747 1725 in

70 1752 179 1816 Sacco
201 1766 235 1817 et
257 1755 290 1816 in
314 1753 431 1835 Clugia
448 1752 477 1838 ⁸)
500 1756 624 1818 maiore
647 1766 682 1818 et
704 1757 839 1833 minore,
869 1757 901 1819 in
925 1757 1071 1820 Venecia
1095 1754 1329 1817 monasterium
1351 1754 1455 1816 sancti
1478 1752 1648 1815 Benedicti
1672 1773 1747 1815 cum

70 1842 226 1905 omnibus
249 1844 457 1924 pertinenciis
479 1844 554 1920 suis,
588 1845 743 1926 quicquid
765 1844 895 1908 habetis
918 1846 951 1908 in
975 1845 1132 1921 Tervisio,
1166 1843 1323 1924 quicquid
1351 1842 1481 1904 habetis
1504 1842 1536 1904 in
1560 1840 1748 1923 Senogallia

69 1943 103 1994 et
126 1932 159 1994 in
183 1933 253 1996 eius
275 1931 403 2009 finibus,
429 1933 586 2015 quicquid
609 1932 739 1997 habetis
762 1935 794 1998 in
818 1954 937 2016 aggere
952 1934 1107 2016 Spatario
1131 1943 1164 1997 et
1188 1934 1219 1996 in
1236 1932 1307 1995 lacu
1325 1930 1367 1994 de
1383 1931 1565 2006 Monacbis,
1590 1931 1747 2012 quicquid

68 2019 201 2085 habetis
225 2021 257 2084 in
282 2023 390 2104 capite
412 2021 502 2085 Silve
525 2032 559 2086 et
582 2023 615 2086 in
639 2023 768 2105 Aggna,
792 2024 949 2106 quicquid
965 2021 1094 2087 habetis
1111 2024 1143 2085 in
1159 2021 1372 2104 Anguillaria,
1397 2020 1553 2100 quicquid
1569 2020 1698 2083 habetis
1714 2021 1746 2083 in

69 2107 253 2186 Rovolone,
269 2111 406 2194 quiquid
422 2109 553 2174 habetis
569 2113 601 2174 in
617 2111 758 2176 Laureto
775 2123 808 2176 et
824 2113 856 2175 in
873 2112 989 2195 Capite
1005 2113 1141 2194 aggeris,
1159 2111 1315 2194 quicquid
1332 2109 1462 2172 habetis
1478 2110 1511 2171 iu
1527 2110 1697 2190 Fogolana
1713 2120 1747 2173 et

70 2200 103 2262 iu
124 2199 256 2263 Cannis.
286 2199 466 2264 Statuimus
490 2201 630 2283 insuper,
655 2211 690 2264 ut
706 2203 939 2266 monasterium
957 2204 1064 2283 ipsum
1080 2203 1171 2264 iuxta
1187 2201 1460 2264 constitucionem
1476 2199 1745 2280 predecessorum

68 2297 257 2353 nostrorum
271 2290 332 2353 sub
348 2289 438 2352 beati
455 2289 540 2354 Petri
552 2290 654 2354 tutela
677 2301 711 2354 et
722 2292 929 2373 protectione
939 2290 1078 2355 liberum
1091 2293 1123 2353 in
1136 2299 1331 2372 perpetuum
1343 2299 1553 2353 conservetur
1576 2308 1638 2351 nec
1650 2289 1744 2352 alicui

69 2379 231 2461 episcopo
239 2379 291 2441 vel
299 2398 441 2460 persone
450 2378 583 2443 cuilibet
592 2380 812 2444 ecclesiastice
826 2381 1004 2444 secularive
1015 2381 1121 2456 liceat,
1138 2388 1180 2456 te,
1197 2379 1242 2443 fili
1259 2377 1371 2454 abbas,
1385 2377 1438 2442 vel
1450 2397 1654 2441 successores
1668 2388 1744 2442 tuos

68 2467 112 2530 ad
129 2468 303 2531 concilium
319 2488 438 2550 cogere
454 2479 511 2531 aut
526 2469 559 2531 in
576 2464 659 2555 [vos]
676 2469 1030 2533 excommunicacionis
1046 2470 1098 2532 vel
1113 2470 1146 2532 in
1163 2469 1396 2531 monasterium
1416 2478 1560 2532 vestrum
1580 2468 1742 2532 interdicti

67 2557 272 2621 sentenciam
301 2556 518 2639 promulgare.
572 2557 698 2622 Crisma
727 2580 822 2634 vero,
859 2558 968 2622 oleum
998 2569 1163 2633 sanctum,
1204 2559 1473 2621 consecraciones
1504 2556 1654 2620 altarium
1686 2578 1743 2621 seu

66 2645 284 2719 basilicarum,
307 2646 572 2710 benedictionem
596 2647 726 2711 abbatis
750 2656 783 2711 et
805 2649 1034 2712 ordinaciones
1057 2646 1294 2710 monachorum
1316 2645 1368 2710 vel
1392 2646 1591 2722 clericorum,
1622 2647 1676 2728 qui
1701 2649 1745 2710 ad

65 2755 179 2799 sacros
201 2736 334 2799 ordines
357 2736 476 2799 luerint
498 2737 725 2817 promovendi,
749 2758 769 2800 a
792 2738 970 2801 diocesano
994 2738 1178 2819 suscipietis
1193 2737 1362 2819 episcopo,
1386 2735 1548 2818 siquidem
1565 2736 1744 2799 catholicus

67 2823 165 2887 suerit
188 2835 221 2888 et
243 2825 387 2906 graciam
411 2833 511 2907 atque
534 2827 801 2890 communionem
825 2827 1007 2910 apostolice
1029 2827 1117 2891 sedis
1140 2825 1290 2890 habuerit
1313 2835 1346 2888 et
1376 2845 1416 2888 ea
1437 2826 1538 2907 gratis
1561 2835 1594 2888 et
1617 2825 1744 2907 absque

66 2913 133 2977 ulla
163 2915 325 2995 pravitate
354 2914 451 2977 vobis
481 2914 621 2978 voluerit
649 2913 821 2993 exhibere,
861 2916 1007 2998 alioquin
1038 2917 1134 2979 liceat
1162 2915 1273 2988 vobis,
1305 2933 1403 2996 quem
1433 2913 1618 2990 malueritis,
1653 2914 1744 2978 adire

65 3003 256 3079 antistitem,
281 3003 346 3084 qui,
369 3013 481 3066 nostra
496 3003 594 3067 fultus
617 3006 819 3086 auctoritate,
844 3006 933 3086 quod
957 3005 1148 3088 postulatur,
1171 3004 1349 3086 indulgeat.
1387 3003 1595 3085 Sepulturam
1612 3022 1745 3086 quoque

65 3093 170 3174 ipsius
192 3092 256 3156 loci
280 3093 418 3155 liberam
441 3112 513 3156 esse
536 3093 756 3169 concedimus
787 3104 823 3158 ut
852 3115 965 3158 eorum
996 3095 1169 3158 devocioni
1201 3102 1235 3157 et
1257 3103 1404 3156 extreme
1425 3093 1595 3170 voluntati,
1629 3093 1743 3174 quise

64 3183 133 3244 illic
155 3182 286 3264 sepeliri
309 3181 576 3258 deliberaverint,
607 3183 668 3246 nisi
692 3182 776 3247 lorte
800 3185 1076 3248 excommunicati
1097 3184 1150 3246 vel
1173 3183 1336 3247 interdicti
1359 3184 1433 3258 sint,
1466 3182 1571 3246 nullus
1595 3182 1743 3259 obsistat,

63 3272 158 3334 salva
185 3279 299 3334 tamen
330 3270 457 3334 iusticia
495 3270 620 3335 illarum
658 3273 884 3349 ecclesiarum,
923 3293 943 3337 a
973 3274 1093 3355 quibus
1124 3283 1327 3336 mortuorum
1358 3291 1498 3354 corpora
1528 3279 1743 3336 assumuntur.

62 3361 182 3425 Liceat
210 3380 343 3442 quoque
365 3359 475 3435 vobis,
509 3360 645 3424 clericos
667 3362 720 3425 vel
750 3362 851 3426 laicos
874 3383 893 3426 e
915 3365 1026 3426 seculo
1057 3362 1235 3443 fugientes,
1266 3361 1388 3425 liberos
1418 3371 1453 3424 et
1483 3361 1669 3438 absolutoS,
1700 3362 1743 3424 ad

63 3450 316 3514 conversionem
339 3449 485 3530 recipere
507 3460 542 3512 et
564 3471 622 3514 eos
637 3451 763 3533 absque
779 3452 913 3514 alicuius
928 3452 1189 3515 contradictione
1205 3451 1238 3514 in
1253 3461 1363 3514 vestro
1379 3453 1579 3514 monasterio
1596 3452 1741 3514 retinere.

61 3539 283 3604 Decernimus
306 3559 394 3620 erg0,
426 3548 462 3602 ut
485 3539 562 3602 nulli
587 3541 722 3604 omnino
745 3541 916 3604 hominum
940 3541 1044 3618 liceat,
1076 3540 1240 3622 prefatum
1268 3540 1502 3604 monasterium
1524 3551 1647 3603 temere
1671 3589 1678 3604 .
1703 3586 1741 3604 ..

61 3630 245 3711 profutura,
276 3628 366 3692 salva
392 3627 481 3690 sedis
504 3628 686 3710 apostolice
710 3631 904 3693 auctoritate
936 3637 969 3693 et
992 3630 1177 3711 Glugiensis
1210 3629 1359 3711 episcopi
1390 3629 1524 3711 antiqua
1557 3629 1742 3693 relectionis

60 3719 301 3783 consuetudine
323 3717 425 3780 semel
449 3718 482 3779 in
505 3718 640 3799 singulis
668 3719 814 3782 trienniis
837 3718 1071 3800 persolvenda,
1100 3719 1185 3782 sicut
1214 3719 1247 3781 in
1277 3718 1421 3800 antiquis
1451 3719 1595 3782 eiusdem
1630 3737 1741 3782 mona·

59 3809 151 3873 sterii
181 3807 361 3892 privilegiis
392 3806 583 3888 repperitur.
628 3803 664 3870 Si
696 3828 762 3889 qua
790 3809 919 3890 igitur.
944 3807 1139 3873 ..Cunctis
1170 3817 1311 3872 autem.
1336 3807 1575 3871 ..inveniant
1620 3807 1740 3872 Amen.

58 3899 183 3962 Amen.
206 3897 328 3961 Amen.

291 3983 332 4069 R)
354 3987 429 4068 Ego
452 3986 607 4051 Urbanus
630 3985 791 4049 catholice
814 3985 953 4049 ecclesie
976 3985 1153 4068 episcopus
1176 4006 1218 4049 ss.
1243 3981 1305 4071 (M)

321 4075 395 4157 Ego
419 4075 580 4139 Henricus
602 4074 803 4140 Albanensis
826 4077 1002 4159 episcopus
1025 4095 1065 4140 ss.

276 4163 297 4244 †
319 4164 392 4246 Ego
415 4164 533 4227 Paulus
555 4165 761 4229 Prenestinus
783 4165 960 4247 episcopus
982 4185 1023 4227 ss.

277 4249 298 4335 †
320 4254 394 4336 Ego
417 4253 632 4317 Theobaldus
656 4255 841 4318 Hostiensis
863 4264 897 4317 et
919 4251 1132 4316 Velletrensis
1154 4252 1330 4335 episcopus
1353 4273 1394 4315 ss

277 4377 318 4390 -
342 4340 362 4425 †
385 4343 459 4425 Ego
482 4343 596 4406 Petrus
620 4343 662 4406 de
685 4345 781 4407 Bono
805 4343 967 4426 presbiter
990 4342 1163 4406 cardinalis
1186 4343 1234 4404 tit.
1256 4351 1369 4404 sancte
1393 4339 1541 4404 Susanne
1563 4361 1606 4403 ss

275 4430 296 4511 †
317 4431 391 4513 Ego
415 4432 587 4496 Laborans
610 4433 772 4514 presbiter
795 4432 967 4496 cardinalis
982 4439 1094 4494 sancte
1109 4431 1214 4494 Marie
1233 4439 1323 4494 trans
1337 4428 1481 4494 Tiberim
1498 4430 1545 4493 tit.
1564 4429 1682 4495 Calixti
1697 4451 1738 4494 ss.

276 4517 297 4601 †
318 4521 392 4603 Ego
415 4520 593 4585 Pandullus
616 4522 777 4603 presbiter
799 4521 972 4585 cardinalis
995 4522 1042 4584 tit.
1067 4521 1202 4585 basilice
1224 4534 1274 4584 ΧΠ
1297 4517 1539 4603 Apostolorum
1561 4539 1602 4583 ss.

275 4605 297 4691 †
318 4609 392 4692 Ego
413 4609 532 4674 Melior
547 4610 708 4692 presbiter
728 4610 900 4674 cardinalis
918 4619 1107 4674 sanctorum
1127 4608 1280 4672 Iohannis
1298 4617 1330 4673 et
1344 4609 1434 4672 Pauli
1450 4609 1497 4672 tit.
1513 4606 1676 4673 Pamachii
1697 4629 1738 4672 ss.

274 4701 295 4776 †
317 4698 391 4781 Ego
414 4698 601 4762 Adelardus
625 4701 674 4764 tit.
697 4701 801 4764 sancti
825 4698 971 4764 Marcelli
995 4700 1157 4782 presbiter
1180 4699 1352 4762 cardinalis
1375 4719 1415 4762 ss.

274 4823 317 4832 -
341 4785 361 4870 †
385 4787 458 4870 Ego
481 4785 671 4874 lac(inthus)
695 4790 852 4853 diaconus
875 4789 1049 4853 cardinalis
1071 4799 1183 4852 sancte
1208 4789 1310 4852 Marie
1333 4789 1366 4850 in
1390 4787 1572 4868 Cosmidyn
1595 4808 1637 4850 ss.

273 4879 294 4954 †
315 4878 390 4960 Ego
414 4878 593 4943 Gracianus
616 4889 805 4942 sanctorum
828 4877 948 4942 Cosme
972 4887 1005 4940 et
1027 4877 1181 4940 Damiani
1207 4878 1363 4940 diaconus
1387 4877 1560 4940 cardinalis
1583 4897 1623 4940 ss.

273 4963 295 5049 †
317 4967 391 5049 Ego
414 4965 586 5031 Rolandus
607 4980 721 5031 sancte
745 4969 849 5032 Marie
872 4970 905 5031 in
929 4967 1059 5031 Porticu
1083 4967 1242 5030 diaconus
1264 4965 1436 5030 cardinalis
1459 4987 1500 5029 ss.

273 5052 293 5137 †
316 5056 390 5138 Ego
413 5055 573 5120 Radulsus
595 5058 700 5121 sancti
722 5057 856 5139 Georgii
881 5057 923 5120 ad
943 5054 1063 5119 Velum
1087 5077 1220 5120 aureum
1244 5057 1402 5120 diaconus
1425 5055 1598 5119 cardinalis
1620 5075 1661 5118 ss.

217 5141 295 5208 Dat.
318 5145 460 5221 Verone,
485 5165 546 5227 per
568 5166 701 5210 manum
723 5144 863 5222 Alberti,
895 5155 1008 5210 sancte
1031 5146 1181 5209 Romane
1205 5145 1343 5209 ecclesie
1366 5145 1539 5227 presbiteri
1562 5144 1736 5207 cardinalis

54 5245 85 5298 et
100 5232 300 5297 cancellarii.
338 5249 415 5299 vnn
430 5233 485 5297 Kl.
502 5233 581 5299 Iulii.
618 5236 803 5300 Indictione
820 5235 942 5318 quinta.
980 5235 1221 5299 lucarnacionis
1238 5235 1403 5298 dominice
1423 5255 1511 5298 anno
1527 5245 1735 5297 MCLxxxl'll.

52 5322 271 5388 Pontificatus
293 5344 372 5388 vero
396 5324 511 5388 domni
534 5323 661 5389 Urbani
685 5345 774 5408 pape
797 5340 836 5389 111
859 5345 947 5388 anno
970 5325 1126 5388 secunde.

223 5437 290 5486 Zwei
309 5437 483 5500 Troerssumpte
503 5438 549 5486 mii
568 5437 848 5505 Origr'rralnaclcbildmg
869 5455 918 5489 von
942 5439 1008 5489 1237
1031 5439 1088 5488 und
1110 5439 1184 5498 1302,
1210 5437 1255 5488 der
1274 5438 1398 5488 collection
1417 5438 1521 5488 Morbios
1538 5454 1586 5488 von
1606 5436 1733 5502 Mat'land,

51 5510 191 5576 ugeloefi
207 5509 287 5558 durch
305 5509 390 5559 Hem
412 5509 620 5574 Willmmdo'vjer
637 5525 663 5561 u.
680 5527 704 5561 o.
723 5511 751 5561 in
771 5511 908 5562 Meum.

174 5655 252 5662 --a—
397 5653 482 5662 —0—

215 5749 241 5808 a)
261 5739 368 5805 Clugeia
387 5740 421 5791 II.
