4090 6358
1731 361 1751 434 7

75 529 305 596 decollationis
335 534 439 595 sancti
463 529 613 595 Iohannis
644 529 796 612 baptiste,
827 532 998 596 beatorum
1024 532 1109 597 Petri
1134 541 1168 596 et
1189 534 1279 597 Pauli
1307 536 1534 618 apostolorum
1559 547 1592 601 et
1615 538 1751 603 aliorum

76 629 108 682 et
123 621 408 704 evangelistarum,
433 619 583 684 Michelis
599 619 794 702 archangeli,
818 623 850 684 in
867 622 950 685 festo
967 625 1112 686 omnium
1127 632 1312 688 sanctorum
1338 633 1372 687 et
1387 627 1419 689 in
1436 630 1750 692 commemoratione

75 709 254 774 animarum
287 718 321 773 et
351 711 382 773 in
413 711 492 773 dicti
523 712 711 774 monasterii
744 710 951 774 dedicatione
982 720 1016 774 et
1048 715 1080 775 in
1110 713 1200 776 festis
1230 723 1416 779 sanctorum
1449 713 1609 797 Stephani
1640 726 1751 800 proto·

77 801 238 880 martyris,
268 799 445 876 Laurentii,
469 799 642 874 Vincenti,
673 798 747 873 Viti,
776 798 910 883 Ypoliti,
937 799 1071 864 Achatii
1096 810 1285 882 martyrum,
1316 804 1456 880 Martini,
1479 804 1643 886 Nycolay,
1672 804 1751 869 Gre-

76 890 166 968 gorii,
195 889 314 971 Egidii,
345 887 519 972 Augustini
549 889 787 963 confessorum,
824 910 884 954 nec
917 911 982 953 non
1013 891 1181 954 beatarum
1216 892 1319 955 Marie
1354 893 1567 976 Magdalene,
1601 894 1750 977 Agnetis,

76 977 270 1059 Margarete,
294 979 403 1054 Lucie,
427 977 615 1054 Katharine,
639 977 786 1052 Caecilie‚
811 977 966 1054 Elizabet,
990 989 1024 1042 et
1046 1001 1106 1070 per
1129 989 1261 1043 octavas
1285 983 1504 1064 predictarum
1532 984 1751 1062 festivitatum,

77 1075 209 1130 octavas
234 1067 426 1131 habentium
449 1067 648 1150 singulisque
671 1067 787 1130 diebus
810 1068 981 1131 dominicis
1005 1077 1038 1131 et
1060 1068 1181 1132 festivis
1200 1090 1240 1132 ac
1262 1070 1409 1134 sabbatis
1431 1071 1530 1135 totius
1552 1076 1629 1137 anni
1652 1094 1751 1137 causa

77 1157 269 1232 devotionis,
302 1157 458 1221 orationis
490 1165 546 1220 aut
577 1157 843 1240 peregrinationis
870 1159 1074 1234 accesserint,
1105 1157 1157 1222 vel
1180 1159 1234 1240 qui
1259 1162 1373 1234 missis,
1397 1163 1573 1238 matutinis
1596 1165 1750 1246 vesperis,

76 1245 358 1328 predicationibus
384 1256 442 1309 aut
473 1246 542 1309 aliis
565 1248 681 1310 dlvinis
704 1244 817 1308 officiis
845 1247 1049 1310 interfuerint
1071 1257 1128 1310 aut
1150 1251 1298 1328 exequiis
1321 1249 1373 1312 vel
1404 1251 1606 1314 aniversariis
1629 1259 1751 1315 mortu·

76 1354 165 1396 orum
200 1345 258 1398 aut
281 1337 478 1418 quicumque
510 1357 630 1419 corpus
654 1333 774 1399 Christi
797 1345 852 1398 aut
876 1335 985 1399 oleum
1010 1356 1146 1413 sacrum,
1176 1359 1250 1400 cum
1282 1337 1414 1400 infirmis
1438 1349 1616 1422 portantur,
1648 1343 1749 1404 secuti

77 1422 198 1498 fuerint,
223 1433 280 1488 aut
304 1426 360 1507 qui
384 1427 417 1488 in
432 1427 499 1489 suis
522 1424 726 1488 testamentis
741 1423 794 1487 vel
818 1434 911 1489 extra
927 1429 1127 1502 vestimenta,
1151 1426 1260 1502 libros,
1284 1427 1408 1503 calices,
1432 1438 1613 1511 argeutum,
1636 1450 1750 1494 aurum

75 1511 124 1576 vel
146 1517 264 1595 quevis
287 1514 351 1577 alia
374 1514 464 1577 bona
487 1516 578 1577 dicto
602 1515 800 1578 monasterio
825 1517 1026 1579 neccessaria
1049 1516 1252 1592 donaverint,
1283 1516 1462 1598 legaverint
1484 1526 1541 1581 aut
1563 1520 1676 1582 donari
1697 1519 1749 1583 vel

76 1600 172 1683 legari
205 1606 462 1685 procuraverint,
495 1605 788 1686 quotienscumque
816 1614 1116 1686 quantumcumque
1146 1606 1343 1687 ubicumque
1367 1611 1525 1688 premissa
1549 1608 1601 1671 vel
1624 1607 1748 1689 aliquid

77 1692 307 1772 premissorum
333 1692 478 1770 fecerint,
502 1695 545 1756 de
569 1695 804 1776 omnipotentis
828 1693 881 1756 dei
905 1695 1124 1758 misericordia
1154 1715 1193 1758 ac
1225 1696 1268 1757 de
1292 1696 1462 1758 beatorum
1488 1696 1572 1760 Petri
1596 1705 1629 1759 et
1651 1697 1750 1774 Pauli,

77 1783 140 1842 eius
163 1781 404 1863 apostolorum,
428 1785 621 1846 auctoritate
645 1782 758 1846 confisi
782 1784 1018 1865 quinquaginta
1042 1781 1187 1846 karrinas
1211 1793 1245 1847 et
1267 1792 1332 1846 tres
1355 1805 1460 1848 annos
1484 1785 1692 1850 criminalium
1716 1795 1750 1849 et

76 1889 131 1932 sex
153 1891 262 1933 annos
284 1872 459 1934 venialium
491 1881 702 1955 peccatorum
732 1873 775 1936 de
804 1872 943 1935 iniuncta
974 1876 1020 1935 eis
1053 1875 1233 1955 penitentia
1266 1874 1519 1938 misericorditer
1550 1877 1582 1937 in
1612 1877 1749 1938 domino

77 1958 267 2024 relaxamus.
314 1959 348 2024 Si
379 1963 451 2041 quis
481 1981 574 2036 ver0,
606 1963 696 2043 quod
726 1983 791 2024 non
821 1962 999 2037 credimus,
1030 1983 1110 2024 ausu
1138 1965 1312 2025 temerario
1341 1971 1454 2026 contra
1488 1983 1540 2038 ea,
1572 1983 1637 2044 que
1664 1983 1702 2027 ac
1723 1969 1749 2045 ι1)

77 2057 183 2112 nostra
216 2049 327 2112 stabili
360 2059 394 2113 et
425 2050 614 2114 inconvulsa
641 2049 794 2114 firmitate
826 2051 878 2133 pie
908 2060 941 2114 et
971 2051 1108 2114 fideliter
1131 2072 1191 2134 per
1221 2050 1285 2114 hoc
1308 2060 1454 2115 nostrum
1479 2053 1682 2135 privilegium
1707 2055 1748 2116 ad

77 2137 236 2202 honorem
252 2147 285 2201 et
301 2139 486 2203 relevamen
503 2140 620 2223 prefati
644 2141 831 2204 monasterii
855 2149 930 2203 sunt
946 2141 1080 2217 indulta,
1104 2142 1273 2224 quippiam
1288 2141 1379 2204 initio
1396 2145 1562 2225 premissis
1579 2145 1747 2206 dissonum

26 2309 29 2314 Ι
77 2229 303 2304 attemtaverit,
326 2231 417 2304 sciat,
441 2250 476 2292 se
499 2229 692 2293 auctoritate
715 2231 809 2303 Petri,
833 2231 990 2312 principis
1014 2233 1160 2293 omnium
1184 2229 1420 2313 apostolorum,
1445 2239 1631 2311 nostraque,
1658 2235 1749 2295 cuius

77 2318 213 2380 inmeriti
239 2319 343 2382 vicem
369 2321 503 2401 agimus,
528 2317 743 2383 anathematis
766 2319 903 2382 vinculis
926 2321 1117 2383 innodatum
1142 2329 1265 2383 etcum
1287 2319 1433 2400 dyabolo
1458 2323 1592 2399 eiusque
1616 2323 1749 2404 pompis

77 2407 285 2470 atrocissimis
311 2417 412 2489 atque
443 2430 517 2472 curn
542 2409 629 2483 Iuda,
658 2409 815 2472 traditore
845 2408 968 2472 domini
1000 2411 1101 2472 nostri
1124 2408 1196 2472 Iesu
1220 2408 1345 2485 Christi,
1376 2411 1477 2472 eterni
1506 2409 1675 2492 suppliciis
1703 2413 1748 2473 in·

77 2497 175 2558 cendii
200 2499 487 2573 concremandum,
520 2500 579 2560 nisi
604 2498 772 2581 resipuerit
804 2517 842 2560 ac
872 2499 1058 2579 supradicte
1089 2498 1300 2581 indulgentie,
1330 2517 1390 2580 per
1413 2519 1472 2562 nos
1496 2500 1750 2563 misericorditer

77 2584 206 2660 indulte,
239 2607 351 2650 aurem
385 2589 495 2650 cordis
527 2587 693 2651 credulam
726 2586 867 2650 inclinet.
914 2585 1077 2663 atvero,
1108 2589 1163 2668 qui
1196 2590 1335 2652 devotus
1366 2597 1560 2670 prosecutor
1589 2589 1749 2652 exstiterit

75 2671 164 2738 huius
188 2676 291 2738 nostri
314 2677 483 2758 privilegii,
507 2679 620 2759 utique
642 2677 684 2739 ad
709 2676 833 2740 cultum
857 2677 911 2739 dei
934 2677 1143 2760 respicientis,
1167 2678 1407 2741 benedictionis
1431 2678 1603 2758 gratiama
1627 2681 1749 2741 miseri·

75 2765 264 2828 cordissimo
288 2767 353 2828 deo
377 2774 410 2828 et
433 2767 570 2830 domino
594 2766 816 2849 multipliciter
839 2775 1065 2846 consequatur.
1112 2764 1233 2830 Sancta
1263 2767 1388 2829 trinitas
1412 2765 1583 2831 karitatem
1606 2776 1748 2831 vestram

75 2851 230 2920 illibatam
257 2855 429 2918 custodiat.

232 2943 362 3025 Scripta
397 2965 457 3028 per
492 2965 607 3008 manus
639 2944 824 3019 Benedicti,
868 2942 1054 3007 Portuensis
1090 2945 1239 3028 episcopi
1274 2955 1308 3008 et
1342 2944 1602 3010 bibliothecharii
1636 2953 1747 3009 sancte

75 3030 220 3098 Romane
245 3032 391 3096 ecclesie.

229 3121 318 3185 Data
351 3138 390 3187 111
424 3123 509 3186 Non.
549 3123 674 3185 Ianuar.
730 3121 831 3186 Anno
873 3123 986 3186 domni
1028 3122 1198 3186 Benedicti
1234 3143 1320 3206 pape
1369 3124 1473 3188 octavi
1516 3134 1641 3207 quarto.
1698 3126 1747 3188 In·

75 3211 215 3274 dictione
241 3225 288 3275 111.

231 3327 354 3392 Abschrrfl
370 3343 424 3376 vom
445 3330 478 3376 14
500 3327 591 3392 Johrh.
611 3328 651 3377 des
672 3327 726 3376 cod.
747 3329 789 3376 lat.
809 3327 900 3376 23263
910 3325 938 3390 f.
960 3329 1000 3385 12,
1020 3325 1046 3374 in
1065 3326 1108 3374 der
1125 3325 1255 3376 Bibliochch
1272 3343 1302 3376 arc
1320 3326 1452 3377 Mic'nchccc.

231 3400 298 3448 Doss
322 3400 359 3449 die
380 3399 497 3449 Urkunde
520 3399 588 3447 nicht
610 3398 637 3447 in
658 3397 781 3463 Ordnung
802 3398 843 3460 ist,
871 3398 957 3462 ergieht
978 3397 1027 3446 sich
1045 3399 1117 3446 sehon
1134 3414 1180 3446 arcs
1204 3399 1247 3448 der
1265 3400 1397 3464 Scriptum·
1421 3400 1477 3448 und
1492 3399 1680 3464 Datumsomel,
1710 3417 1748 3448 wo

75 3467 181 3518 Benedici
203 3486 254 3519 von
280 3471 351 3520 Porto
373 3473 411 3520 als
436 3469 662 3534 Scriptumheccmter
679 3477 790 3536 germunt
805 3471 842 3529 ist,
870 3469 989 3518 coh'hrcnd
1010 3485 1037 3518 rr
1059 3486 1111 3518 nur
1133 3472 1172 3518 als
1188 3471 1273 3519 Dolor
1296 3473 1436 3520 oorhomml.
1477 3471 1675 3537 Poniifihatsjahr
1695 3472 1751 3520 sord

15 3579 16 3590 .
75 3539 189 3590 Indikh'on
207 3543 320 3592 stimmm
337 3543 404 3600 nicht
421 3558 565 3592 zusammen.
604 3543 662 3591 Fas!
679 3541 768 3590 schec'nt
784 3557 815 3601 cs,
845 3544 883 3590 als
900 3542 961 3589 sefen
979 3542 1054 3590 dieser
1075 3540 1100 3590 T
1096 3541 1144 3590 her'l
1164 3542 1208 3590 der
1228 3542 1345 3592 Urhunde
1362 3543 1418 3591 und
1432 3543 1469 3592 dic
1487 3541 1689 3606 Schlusq'omcln
1708 3543 1748 3592 des

75 3611 224 3677 Konshn'plcs
249 3615 293 3664 der
318 3614 436 3664 Urhrmdc
458 3614 582 3663 Benedicts
604 3613 670 3664 VIII
687 3629 743 3662 occu
770 3613 851 3677 Jahrc
870 3614 939 3662 1013
965 3611 1058 3679 (Jaffe',
1078 3615 1135 3678 mg.
1155 3615 1233 3673 3996,
1257 3615 1335 3678 3051)
1363 3621 1518 3664 minommen.
1559 3613 1699 3663 indictione
1717 3627 1746 3664 111

74 3683 152 3733 &necte
169 3702 216 3735 mes
229 3697 258 3735 xl
277 3688 381 3735 verlesen
398 3686 455 3745 seht,
467 3686 522 3750 fiir
537 3685 632 3748 IunIIo)
650 3687 693 3734 hat
709 3685 781 3733 scheer
803 3685 953 3743 Gr'csehrechl,
973 3685 1137 3750 Kaisergcsch.
1156 3684 1189 3734 II
1204 3686 1229 3735 S.
1249 3689 1299 3736 699
1318 3686 1433 3736 Ianuarlo
1459 3685 1557 3751 cojc'cr'rf,
1581 3685 1679 3734 welches
1696 3685 1746 3734 sich

75 3753 122 3802 hr'cr
140 3757 229 3822 findet.
267 3757 336 3806 Doch
357 3775 422 3823 gans
444 3758 522 3806 sr'chcr
543 3758 574 3806 ist
600 3757 638 3806 die
656 3755 732 3807 Sache
755 3756 829 3815 nicht,
854 3757 891 3804 dr'e
916 3756 1119 3821 Schlusssormelcs
1143 3757 1219 3822 serg-en
1242 3758 1305 3806 auch
1329 3758 1417 3806 coheder
1438 3755 1550 3806 nronchcs
1571 3755 1746 3807 Ahroer‘chende.

75 3827 118 3876 Dic
134 3829 332 3895 Besrr'mmungcn
355 3830 414 3878 sind
433 3829 569 3894 ergenamg,
597 3829 654 3878 aher
678 3827 746 3877 nicht
770 3828 900 3893 cmhecihcgt
923 3844 953 3876 cu
976 3829 1118 3892 verwerscn,
1146 3829 1190 3878 roie
1211 3829 1357 3878 nocnentlich
1384 3829 1527 3894 Ihior'lcgc'en
1546 3828 1600 3892 scir
1624 3825 1747 3893 spanische

76 3898 177 3950 Insrirute
203 3902 324 3950 heweism.
367 3901 409 3950 Ich
442 3916 510 3966 rouge
543 3901 638 3949 dcsholh
670 3898 738 3950 nicht
769 3900 813 3948 neit
834 3899 977 3964 throenfeld
998 3901 1041 3965 (J.
1063 3907 1089 3964 p.
1109 3903 1172 3967 509)
1200 3901 1237 3950 die
1265 3901 1382 3951 Urhurcdc
1413 3901 1450 3970 ols
1482 3899 1604 3964 gesdlscht
1633 3916 1662 3948 su
1693 3915 1746 3949 ver·

75 3973 167 4035 mersen,
192 3973 272 4022 sec‘ncr
288 3974 321 4021 c'nr
340 3973 473 4022 Anschluss
491 3989 524 4020 an
543 3975 703 4021 Roftmonncr
724 3970 839 4036 erfolgicn
861 3971 1015 4036 Einrcr'hung
1035 3981 1107 4020 unrcr
1130 3971 1175 4020 das
1196 3972 1266 4037 Jahr
1286 3975 1354 4022 1016
1371 3971 1434 4020 noch
1462 3971 1514 4020 dem
1537 3969 1747 4036 Ponu'fihatp'ohre

75 4057 164 4109 vermug
184 4045 223 4094 ich
242 4044 304 4093 mich
323 4061 366 4094 um
384 4061 409 4092 so
426 4044 530 4109 weniger
545 4043 737 4101 onaccschlicssen,
757 4044 795 4090 als
811 4043 849 4091 die
866 4043 937 4091 drittc
949 4043 1068 4092 Indiction
1082 4045 1170 4108 gcradc
1188 4045 1240 4108 aces
1253 4044 1298 4092 das
1319 4043 1389 4109 Jahr
1400 4044 1469 4094 1020
1487 4043 1559 4102 weoe,
1578 4058 1616 4091 wo
1628 4039 1745 4092 Beccediht

75 4115 97 4161 ier
114 4115 286 4166 Decetschland
300 4117 375 4165 wefltc
392 4116 448 4165 und
454 4117 508 4180 fiir
525 4115 633 4164 deutsche
650 4115 736 4180 Str'flcr
752 4114 891 4165 urhrmdete.

841 4399 908 4475 Nr.
939 4405 974 4476 8.

328 4553 389 4616 Leo
406 4551 464 4616 IX
480 4549 630 4634 bestotigt
650 4551 723 4616 dem
744 4550 929 4632 Hochstz'ftc
952 4551 1112 4625 Besancon
1135 4552 1223 4615 scine
1244 4551 1486 4615 Besitzthr'c'mer.

732 4689 816 4749 1049
833 4683 1015 4749 November
1028 4688 1080 4748 16.

227 4818 299 4884 Leo
324 4823 509 4904 episcopus,
534 4840 645 4883 servus
668 4839 835 4883 servorum
860 4821 912 4883 dei
931 4817 970 4904 b),
994 4818 1214 4883 dilectissimis
1237 4819 1307 4882 filiis
1330 4819 1474 4902 Hugoni,
1498 4818 1745 4902 archiepiscopo

77 4918 199 4974 sanctae
224 4910 513 4993 Chrisopolitanae
537 4910 695 4974 ecclesiae
714 4911 747 4988 ¹),
772 4907 940 4973 Willelmo
965 4911 1164 4993 praeposito,
1188 4908 1398 4973 Theodorico
1421 4910 1556 4984 decan0,
1581 4908 1744 4972 Rotberto

77 5001 193 5062 cantori
219 5003 422 5081 caeterisque
446 5001 610 5063 canonicis
642 4997 798 5062 ecclesiae
821 5000 952 5062 Ioannis
986 4999 1204 5080 evangelistae
1236 5006 1269 5062 et
1301 4999 1551 5081 protomartyris
1574 4995 1743 5081 Stephani,

77 5087 105 5147 in
128 5109 190 5170 qua
213 5091 436 5171 resquiescunt
466 5109 606 5172 corpora
637 5088 809 5151 beatorum
844 5097 1022 5168 martyrum
1046 5087 1190 5151 Ferreoli
1221 5098 1254 5151 et
1277 5088 1427 5163 Ferrucii,
1460 5107 1642 5168 eorumque
1673 5107 1744 5149 suc·

77 5179 261 5241 cessoribus.
300 5177 440 5262 Semper
456 5201 495 5243 ea
511 5178 722 5242 concedenda
738 5186 846 5241 sunta
863 5179 968 5252 nobis,
986 5198 1069 5260 quae
1086 5178 1331 5241 rationabilibus
1348 5185 1546 5259 quaeruntur
1560 5177 1744 5250 desideriis,

77 5275 202 5345 oportet
225 5277 333 5332 autem
358 5271 564 5352 poscentium
589 5269 706 5330 animis
731 5274 868 5348 paterno
893 5267 1011 5331 affectu
1036 5286 1202 5331 assensum
1228 5268 1396 5350 praebere,
1421 5275 1456 5330 ut
1479 5267 1614 5329 devotio
1630 5284 1741 5328 eorum

77 5351 104 5414 in
126 5359 326 5436 praestandis
350 5360 468 5420 nostris
492 5357 667 5439 privilegiis
692 5376 757 5418 non
781 5357 971 5438 denegetur,
996 5359 1072 5437 quia
1095 5377 1138 5419 ex
1161 5356 1225 5420 hoc
1241 5356 1319 5420 lucri
1336 5355 1543 5440 potissimum
1561 5355 1742 5436 praemium

78 5447 280 5509 aconditore
303 5449 448 5510 omnium
473 5448 539 5510 deo
563 5445 677 5528 procul
701 5446 802 5508 dubio
825 5446 1032 5523 merebimur,
1055 5448 1081 5509 si
1106 5465 1154 5521 ea,
1187 5467 1271 5529 quae
1298 5447 1419 5509 sanctis
1450 5443 1591 5508 ecclesiis
1622 5444 1743 5506 donata

15 5521 16 5582 3
78 5542 151 5609 sunt,
176 5545 288 5599 nostra
311 5537 431 5599 fuerint
453 5537 648 5600 auctoritate
672 5534 874 5598 confirmata.
922 5534 1024 5618 Igitur
1046 5536 1121 5616 quia
1144 5535 1333 5618 postulastis
1357 5556 1377 5598 a
1402 5534 1507 5610 nobis,
1537 5533 1743 5598 corroborari

225 5769 252 5830 a)
272 5785 307 5808 =
325 5765 373 5814 hac
446 5763 473 5826 b)
493 5763 549 5814 MS.
568 5771 684 5818 nuceto.
705 5803 756 5809 -
776 5767 813 5832 ,1)
833 5763 906 5830 Hugo
924 5764 952 5814 de
970 5763 1059 5824 Salices,
1082 5763 1226 5828 Erchr'schof
1237 5779 1284 5812 vocs
1303 5763 1433 5826 Bcsarcfon‚
1458 5762 1637 5813 tour—1066.
