4126 6366
1696 367 1759 432 40³

81 551 144 612 per
167 527 234 594 hoc
256 541 476 615 'cognoscatur
499 555 519 598 a
542 537 693 617 posteris,
717 537 808 615 quod
824 537 911 600 idem
929 540 1162 602 monasterium
1180 537 1275 601 nobis
1292 539 1382 602 nullo
1398 537 1568 602 subiaceat
1585 539 1758 617 mediante,

80 623 274 684 annuarium
299 621 427 703 prefate
460 625 681 708 dedicacionis
713 625 808 701 diem,
838 626 993 689 videlicet
1016 641 1079 690 vt11
1101 627 1177 690 Kal.
1202 627 1282 690 Iunii
1301 626 1333 714 ¹),
1369 628 1504 690 avobis
1537 629 1708 692 statuimus
1730 631 1761 693 in

80 718 252 792 posterum
277 711 451 775 celebriter
474 714 704 778 excollendum
729 735 767 778 ac
792 715 952 792 omnibus,
974 717 1017 779 ad
1041 718 1146 799 ipsam
1170 716 1340 780 ecclesiam
1370 718 1486 780 eodem
1514 717 1568 779 die
1597 716 1762 782 humiliter

78 799 303 876 venientibus
326 815 376 863 xx
399 802 478 876 dies,
503 803 545 866 de
568 803 742 867 beatorum
768 802 854 866 Petri
878 813 912 867 et
935 806 1025 868 Pauli
1047 809 1244 869 auctoritate
1267 806 1392 881 confisi,
1416 807 1458 869 de
1491 805 1712 870 munificentia
1732 806 1760 893 a)

80 890 129 952 eis
153 889 365 970 penitentiam
391 892 585 956 relaxamus.
632 893 847 957 Decernimus
878 914 958 976 ergo
998 903 1034 958 ut
1058 895 1137 958 nulli
1171 897 1307 959 omnino
1337 895 1508 958 hominum
1540 895 1645 970 liceat,
1676 895 1760 959 hanc

79 978 235 1060 paginam
260 989 372 1042 nostre
396 984 639 1046 constitutionis
663 983 837 1065 infringere
860 983 912 1046 vel
934 987 964 1048 ei
988 1005 1067 1048 ausu
1092 987 1266 1047 temerario
1291 988 1461 1048 contraire.
1501 982 1537 1048 Si
1553 987 1626 1064 quis
1649 993 1760 1048 autem

77 1066 145 1130 hoc
177 1075 376 1150 attemptare
406 1073 650 1156 presumpserit,
690 1073 948 1154 indignationem
981 1075 1217 1156 omnipotentis
1247 1073 1301 1136 dei
1335 1083 1368 1137 et
1403 1074 1577 1138 beatorum
1608 1075 1695 1137 Petri
1727 1084 1761 1136 et

79 1155 180 1232 Pauli,
205 1158 432 1238 apostolorum
455 1163 534 1237 eius,
565 1182 601 1226 se
632 1163 762 1226 noverit
792 1164 1006 1226 incursurum.
1033 1199 1071 1210 —
1097 1163 1172 1228 Dat.
1195 1162 1355 1238 Laterani,
1378 1163 1452 1227 Kal.
1476 1161 1611 1247 Aprilis.
1650 1163 1760 1227 Ponti·

77 1244 197 1309 ficatus
220 1251 323 1310 nostri
347 1268 434 1312 anuo
458 1253 584 1330 quinto.

76 1435 135 1484 SM
219 1363 366 1486 ΤΑὸιιΙιηἉ
380 1379 435 1414 vom
458 1368 487 1415 16
508 1366 602 1432 Jatrt
621 1366 665 1417 der
682 1367 743 1418 Acta
761 1367 918 1434 Agammia
936 1365 973 1432 (S.
993 1365 1251 1434 erice·m·Volley,
1280 1366 1353 1432 Pacq.
1375 1369 1408 1417 10
1425 1367 1472 1417 Νι.
1492 1367 1528 1434 2),
1552 1366 1586 1417 ins
1604 1366 1718 1418 hchko'o
1734 1365 1762 1416 di

134 1451 149 1482 o
167 1450 198 1484 ιιι
242 1450 309 1490 roan.

826 1775 893 1851 Nr.
922 1781 1012 1852 479.

80 1905 224 1970 &lertio
241 1907 306 1993 Ill
316 1907 497 1992 oenoillgt
509 1908 584 1972 dem
601 1906 732 1972 Kloster
745 1908 813 1972 San
829 1909 971 1974 Michele
991 1909 1079 1974 dello
1100 1908 1224 1974 coriosa
1246 1911 1307 1988 (D.
1332 1909 1481 1992 Torino),
1504 1909 1583 1974 dass
1606 1908 1763 1973 niemand

254 1996 334 2060 olme
350 1995 581 2081 Zustimmung
593 1997 650 2062 des
667 1996 830 2063 Konvents
844 2009 945 2064 etwas
959 2021 1020 2064 our
1034 1998 1146 2064 descen
1161 1997 1326 2064 Sarrum·
1337 1999 1472 2064 nehmen
1487 1999 1592 2080 drirfin

697 2117 782 2178 1196
796 2115 899 2199 April
909 2117 961 2180 17.
993 2115 1144 2179 Lateron.

239 2226 422 2293 Celestinus
445 2228 631 2312 episcopus,
663 2251 776 2295 servus
806 2251 975 2296 servorum
1006 2233 1070 2309 dei,
1103 2232 1230 2297 dilectis
1260 2231 1342 2307 filiis,
1373 2230 1487 2295 abbati
1517 2237 1551 2294 et
1583 2233 1757 2294 conventui

73 2318 180 2382 sancti
212 2317 385 2382 Michaelis
415 2319 457 2382 de
480 2317 587 2392 Clusa,
621 2319 757 2384 salutem
791 2329 826 2384 et
857 2321 1073 2404 apostolicam
1104 2321 1378 2386 benedictionem.
1424 2319 1480 2383 Ad
1510 2320 1758 2403 specialitatem,

74 2427 144 2488 qua
167 2407 305 2471 ecclesia
328 2414 438 2471 vestra
460 2407 644 2490 apostolice
667 2410 737 2472 sedi
760 2417 889 2474 tenetur
916 2413 1057 2486 astricta,
1090 2433 1151 2475 nos
1183 2410 1344 2474 habentes
1375 2418 1464 2474 recta
1497 2409 1758 2473 consideratione

74 2505 266 2580 respectum
282 2499 399 2560 vestris
416 2505 449 2560 et
465 2498 613 2561 eiusdem
630 2498 768 2563 ecclesie
784 2500 989 2583 profectibus
1005 2501 1145 2564 libenter
1160 2499 1368 2575 intendimus,
1389 2517 1521 2562 omnem
1539 2500 1757 2574 occasionem,

75 2607 144 2667 qua
167 2585 371 2650 damnificari
394 2588 501 2668 possit
525 2587 664 2652 ecclesia
686 2589 757 2670 ipsa
779 2611 841 2672 pro
864 2609 964 2672 posse
986 2597 1100 2654 nostro
1117 2591 1159 2653 ab
1175 2591 1292 2653 eadem
1308 2589 1438 2670 penitus
1452 2587 1586 2652 excludi
1601 2589 1758 2652 volentes.

75 2673 149 2740 Sub
168 2676 434 2740 interminatione
449 2676 546 2758 igitur
562 2676 777 2742 anathematis
793 2679 971 2742 districtius
994 2677 1188 2754 inhibemus,
1216 2699 1258 2742 ue
1281 2680 1354 2758 quis
1377 2677 1487 2753 dandi,
1518 2678 1757 2742 accomodandi

74 2765 131 2829 vel
154 2765 327 2848 obligandi
350 2785 407 2828 seu
432 2765 496 2829 alio
529 2766 678 2846 quolibet
707 2769 810 2832 modo
843 2769 1003 2832 alienandi
1035 2770 1078 2831 de
1107 2768 1246 2832 armario
1278 2767 1417 2832 ecclesie
1446 2775 1555 2830 vestre
1585 2767 1758 2831 extrahere

73 2855 201 2936 aliquid
225 2854 352 2936 absque
375 2857 542 2918 communi
566 2877 698 2920 assensu
722 2868 833 2921 vestro
857 2860 991 2940 propria
1014 2857 1198 2921 temeritate
1221 2864 1398 2940 presumat.
1436 2856 1652 2920 Decernimus
1668 2876 1758 2937 ergo,

74 2953 113 3007 ut
144 2943 225 3008 nulli
257 2945 388 3007 omnino
420 2943 591 3008 homiuum
625 2947 730 3022 liceat,
762 2945 845 3010 hanc
876 2954 988 3010 nostre
1017 2949 1171 3030 paginam
1205 2945 1407 3011 inhibitionis
1437 2945 1613 3028 infringere
1644 2944 1695 3009 vel
1726 2947 1756 3009 ei

74 3054 158 3096 ausu
181 3035 356 3098 temerario
380 3035 552 3099 contraire.
599 3033 634 3098 Si
666 3036 737 3115 quis
768 3035 832 3100 hoc
864 3044 1062 3119 attemptare
1094 3037 1335 3120 presumpserit,
1367 3034 1625 3117 indignationem
1656 3034 1757 3098 omni·

74 3125 226 3205 potentis
250 3124 304 3187 dei
328 3132 361 3186 et
384 3123 556 3186 beatorum
581 3124 665 3188 Petri
698 3133 731 3188 et
755 3123 854 3201 Pauli,
887 3124 1115 3209 apostolorum
1147 3128 1224 3202 elue,
1254 3145 1292 3189 se
1322 3124 1449 3188 noverit
1478 3124 1690 3189 incursurum.
1713 3159 1757 3170 -

73 3213 154 3276 Dat
177 3213 341 3288 Laterani,
366 3226 414 3276 xv
437 3211 510 3276 Kal.
536 3211 625 3276 Maii.
673 3214 885 3279 Pontificatus
908 3217 1011 3278 nostri
1035 3236 1120 3280 anno
1144 3225 1249 3279 sexto.

238 3326 362 3385 Abschn'si
378 3341 434 3376 vom
453 3330 488 3376 16
508 3328 600 3392 Jahrb.
621 3330 661 3378 des
681 3329 747 3379 Cart.
767 3330 796 3379 de
813 3328 960 3395 Sa-Miqrol
975 3330 1003 3380 de
1020 3332 1046 3378 la
1068 3330 1138 3379 Cluso
1153 3337 1178 3394 p.
1199 3333 1240 3390 14,
1259 3328 1293 3379 im
1309 3329 1424 3380 Arctoo
1435 3325 1606 3380 Arcr'vescooile
1622 3345 1653 3378 ιιι
1669 3328 1756 3379 Turris.

826 3664 894 3740 Nr.
917 3668 1009 3741 480.

77 3799 225 3865 Citlestin
241 3799 306 3863 III
328 3799 457 3884 befielrlt
481 3799 555 3864 dem
570 3798 670 3863 Prior
694 3819 756 3862 von
781 3796 859 3862 Vivo
885 3797 944 3880 (D.
972 3796 1105 3884 Chiusi)
1132 3796 1202 3862 und
1225 3797 1299 3862 dem
1323 3799 1388 3863 Abt
1411 3821 1472 3864 oon
1493 3799 1563 3865 San
1586 3801 1696 3864 Pietro
1722 3800 1757 3864 in

78 3889 206 3974 Campo
228 3888 288 3973 (D.
310 3888 453 3974 Chiusi),
475 3887 529 3953 bei
541 3888 752 3968 Radicosano,
771 3887 907 3952 welches
930 3887 1004 3952 dem
1021 3884 1152 3951 Kloster
1165 3886 1234 3952 San
1249 3886 1418 3955 Salvatore
1439 3890 1479 3955 di
1491 3891 1605 3955 Monte
1626 3888 1757 3954 Amiato

515 3977 573 4061 (D.
596 3977 729 4062 Chiusi)
743 3977 865 4060 gehon,
880 3976 973 4040 locine
989 3974 1112 4040 Kirclre
1125 3997 1170 4042 au
1184 3977 1331 4042 erbouen.

708 4095 792 4156 1196
807 4093 950 4157 Moira.
982 4093 1133 4158 Lateron.

241 4207 423 4274 Celestinus
447 4210 631 4292 episcopus,
655 4229 768 4274 servus
791 4229 958 4274 servorum
982 4209 1045 4286 dei,
1069 4209 1199 4274 dilectis
1221 4207 1294 4273 filiis
1318 4259 1324 4272 .
1349 4261 1355 4274 .
1380 4211 1480 4294 priori
1503 4211 1546 4275 de
1561 4210 1647 4274 Vivo
1671 4219 1705 4274 et
1723 4258 1756 4274 ..

74 4298 192 4364 abbati
215 4301 319 4362 sancti
339 4297 345 4385 Ι
364 4300 452 4363 Petri
475 4301 508 4364 in
532 4300 669 4382 Campo,
692 4300 724 4362 in
749 4299 882 4364 Clusina
904 4299 1028 4363 diocesi
1046 4296 1076 4384 b)
1099 4300 1293 4374 constitutis,
1317 4299 1457 4364 salutem
1481 4308 1515 4364 et
1537 4301 1756 4384 apostolicam

74 4389 356 4454 benedictionem.
401 4386 435 4451 Si
459 4390 645 4453 doctrinam
670 4385 934 4476 ecclesialsticam
957 4387 1133 4464 attenditis,
1157 4396 1193 4451 ut
1215 4388 1354 4465 debetis,
1379 4398 1413 4454 et
1434 4391 1477 4454 ad
1494 4390 1757 4454 observationem

73 4479 224 4560 suscepti
236 4479 367 4556 ordinis,
381 4498 480 4558 quem
492 4486 642 4543 tenemus
662 4474 697 4563 c),
714 4480 833 4542 curatis
853 4476 881 4563 d)
894 4497 1008 4560 gerere
1015 4478 1226 4552 voluntatem,
1239 4479 1285 4542 sic
1297 4487 1389 4544 actus
1409 4478 1437 4565 e)
1448 4487 1575 4542 vestros
1586 4478 1759 4543 studebitis

75 4566 282 4633 omnimodis
314 4566 541 4653 moderaris),
582 4568 672 4647 quod
711 4567 850 4631 aliorum
880 4567 1136 4649 quomodolibet
1158 4569 1314 4632 iustitiam
1338 4590 1403 4633 uon
1426 4569 1558 4644 ledatis,
1590 4570 1676 4633 sicut
1698 4589 1757 4633 vos

75 4677 144 4720 non
176 4657 274 4720 vultis
303 4657 334 4719 in
365 4656 546 4720 rationibus
576 4659 691 4720 vestris
724 4657 790 4721 ledi
823 4656 1039 4738 aliquomodo
1066 4657 1120 4719 vel
1148 4657 1281 4721 offendi.
1326 4657 1380 4721 Ex
1407 4658 1566 4722 relatione
1596 4658 1757 4740 siquidem

74 4746 191 4812 dilecti
214 4745 269 4810 tilii
285 4743 462 4831 R(olandi)‚
485 4746 613 4810 abbatis
636 4746 739 4810 sancti
755 4744 936 4810 Salvatoris
958 4747 1002 4809 de
1017 4746 1134 4810 Monte
1150 4746 1295 4824 Amiato,
1319 4767 1425 4831 nuper
1447 4749 1643 4830 accepimus,
1667 4748 1757 4829 quod

74 4856 138 4898 vos
162 4838 196 4898 in
220 4837 429 4917 preiuditium
454 4837 593 4900 ecclesie
615 4856 674 4899 sue
690 4843 723 4900 et
738 4844 854 4899 contra
870 4835 955 4898 illius
970 4834 1173 4900 voluntatem
1189 4837 1279 4918 apud
1294 4835 1568 4921 Radicophanum
1585 4835 1757 4901 ecclesiam

73 4925 246 4990 intenditis
270 4924 439 5002 fabricare,
463 4946 537 4988 cum
562 4933 705 4989 castrum
729 4927 837 5008 ipsum
860 4924 902 4988 ad
920 4925 1178 4989 iurisdictionem
1195 4926 1357 5008 pertineat
1372 4927 1559 4991 monasterii
1576 4929 1758 4990 memorati.

74 5014 240 5079 Nolentes
272 5015 387 5096 igitur,
420 5015 632 5078 ecclesiarum
664 5016 733 5078 iura
763 5013 1016 5095 quomodolibet
1038 5014 1205 5097 deperire,
1236 5035 1296 5098 per
1318 5016 1500 5098 apostolica
1521 5016 1615 5079 vobis
1638 5016 1759 5098 scripta

75 5104 297 5188 precipiendo
326 5105 529 5180 mandamus,
561 5106 712 5184 quatinus
732 5105 821 5187 apud
837 5102 1121 5186 Radicophanum,
1146 5105 1236 5187 quod
1252 5106 1330 5168 iuris
1345 5105 1428 5169 illius
1444 5105 1563 5180 existit,
1586 5105 1758 5169 ecclesiam

75 5193 167 5257 nulla
191 5195 387 5275 presumatis
410 5197 595 5258 temeritate
615 5200 813 5271 construere,
837 5213 878 5256 ne
902 5213 962 5256 vos
988 5193 1165 5258 ambitiose
1191 5193 1367 5258 videamini
1392 5197 1426 5258 in
1453 5214 1594 5258 messem
1615 5193 1620 5282 Ι
1640 5194 1758 5259 falcem

74 5291 222 5347 vestram
231 5303 400 5367 apponere
407 5283 555 5348 alienam.
573 5318 615 5331 -
631 5283 756 5347 Datum
764 5283 926 5359 Laterani,
942 5297 980 5347 111
990 5283 1067 5347 Idus
1078 5282 1163 5346 Maii.
1185 5279 1190 5369 Ι
1210 5284 1421 5349 Pontificatus
1429 5285 1532 5348 nostri
1547 5305 1636 5348 anno
1651 5291 1758 5348 sexto.

243 5398 286 5452 Or.
307 5397 344 5460 (S.
365 5398 470 5448 Saload.
488 5399 520 5447 13
539 5397 608 5463 Mag.
631 5401 718 5462 1196),
737 5398 770 5447 rin
788 5397 901 5449 Archrbr'o
919 5396 946 5446 di
963 5397 1030 5446 stato
1047 5413 1078 5446 ιιι
1096 5398 1176 5448 Stena.

242 5469 444 5536 Pupieno.
464 5471 735 5536 0,168,lang0,1so,
757 5477 833 5520 ιιιιίιιι
851 5470 1042 5530 0,016-0,012
1070 5470 1259 5536 umgescllagen,
1287 5469 1399 5522 durch?
1419 5471 1512 5522 Locher
1532 5471 1590 5537 gelet
1614 5471 1652 5521 dr'c
1675 5471 1759 5536 Hous-

74 5544 179 5604 schmr,
198 5558 285 5592 woran
303 5543 347 5592 dos
364 5542 491 5610 Bloiu'egel
504 5543 587 5608 longe
606 5541 719 5608 Faltong
735 5543 779 5591 dtr
796 5543 898 5592 Breom.

209 5681 268 5807 Ma)
287 5643 376 5735 ἶιιαιί
385 5684 499 5736 ιιιιιίιΙιιι
569 5685 596 5751 b)
608 5683 719 5736 diocesis
792 5685 816 5752 c)
830 5685 1041 5750 musaufRasur
1111 5683 1138 5754 d)
1151 5682 1244 5734 curaris
1317 5683 1343 5752 e)
1355 5689 1422 5736 artus
1493 5685 1756 5753 trimekom'gtrt.

75 5796 133 5806 ....
151 5755 189 5826 .1)
240 5773 266 5806 ιι
284 5759 328 5808 26.
1499 5837 1552 5904 ⁵¹.
1614 5819 1621 5843 ,
