4126 6366
299 335 362 402 354

297 511 466 573 restituant
489 517 522 572 et
545 512 576 571 in
601 529 684 591 pace
707 510 881 572 dimittant.
921 508 1020 590 Quod
1045 513 1071 572 si
1088 511 1195 573 facere
1212 511 1298 574 sorte
1313 509 1480 581 noluerint,
1505 525 1572 580 eos,
1596 512 1726 568 remoto
1743 502 1975 585 appellationis

297 599 442 680 diffugio,
466 601 813 662 excommunicationis
828 598 956 661 vinculo
971 600 1153 681 astringatis
1170 610 1203 663 et
1219 619 1322 679 usque
1338 599 1381 660 ad
1397 599 1529 678 dignam
1546 595 1804 656 satisfactionem
1825 590 1830 676 Ι
1851 593 1976 656 faciatis

296 689 339 750 ab
364 688 515 750 omnibus
539 689 660 750 evitari.
685 723 729 734 —
751 688 828 751 Dat.
851 687 938 768 apud
963 688 1083 751 Forum
1109 709 1240 765 novum,
1264 704 1289 752 11
1312 687 1366 751 Kl.
1392 687 1474 750 Dec.
1521 685 1705 747 indictione
1729 694 1776 744 vt.

458 803 501 852 Or.
520 803 553 852 Im
570 803 729 852 Archimedi
745 803 812 852 State
829 818 859 850 eu
878 801 1001 852 Mailnnd.

457 875 526 938 Perg.
543 874 603 934 ital..
623 875 658 924 be.
677 876 762 936 11132,
781 877 842 939 long
858 875 947 934 0,112,
967 882 1041 924 unlm
1060 877 1137 938 uois
1158 877 1349 940 umgeselrlagem
1376 874 1454 922 durch
1477 872 1535 920 cavei
1552 871 1643 920 lether
1663 871 1721 934 gelet
1745 869 1783 916 die
1802 867 1975 933 Bassum,

295 961 379 994 everen
398 945 443 992 dos
461 945 586 1009 Bleisr'egel
600 948 683 1011 linga
702 945 810 1012 Fallung
827 947 870 995 der
888 946 989 996 Breven.

1039 1231 1106 1305 Nr.
1134 1237 1224 1307 406.

299 1363 425 1447 Gregor
443 1363 534 1428 VIII
545 1363 695 1445 bestei'te'gt
708 1363 780 1426 dem
793 1361 922 1426 Kloster
936 1361 1029 1426 Sant’
1044 1364 1176 1428 Andrea
1191 1365 1230 1428 di
1241 1365 1339 1428 Porta
1353 1364 1386 1425 in
1402 1361 1540 1439 Genava,
1551 1380 1622 1424 was
1635 1359 1704 1422 ilem
1715 1353 1988 1433 derErabiscIeos

294 1476 354 1518 von
373 1454 484 1518 Genua
500 1452 662 1536 beeiegle'cle
678 1453 739 1515 der
755 1451 878 1516 Ke'eclze
893 1451 996 1515 Senta
1017 1454 1132 1517 Maria
1147 1455 1186 1517 di
1212 1451 1351 1517 Castelle
1367 1454 1401 1514 in
1421 1451 1551 1516 Genava
1567 1449 1619 1512 bei
1631 1469 1675 1513 eu
1698 1443 1980 1510 veranslallenden

874 1540 1108 1624 Sammlungen
1117 1552 1270 1626 gestattet
1282 1543 1341 1606 leat
1357 1543 1367 1580 ¹
1364 1545 1395 1626 ).

905 1661 991 1720 1187
1005 1657 1181 1720 December
1198 1661 1226 1720 7.
1258 1658 1371 1721 Lucca.

455 1773 664 1837 GREGORIUS
682 1773 864 1855 episcopus,
889 1793 999 1835 servus
1015 1793 1182 1837 servorum
1200 1775 1263 1850 dei,
1287 1773 1406 1836 dilictis
1421 1773 1452 1834 in
1469 1769 1600 1835 Christo
1616 1768 1742 1832 filiabus
1759 1815 1766 1828 .
1784 1815 1791 1828 .
1808 1763 1979 1827 abbatisse

296 1871 329 1924 et
360 1862 527 1924 sororibus
549 1861 553 1946 l
573 1864 677 1925 sancti
706 1863 842 1924 Andree
872 1864 915 1925 de
938 1862 1044 1937 Porta,
1079 1863 1217 1927 salutem
1249 1871 1281 1926 et
1311 1862 1527 1944 apostolicam
1562 1859 1836 1922 benedictionem.
1883 1854 1980 1916 Iustis

296 1952 476 2034 petentium
501 1954 671 2014 desideriis
695 1953 830 2032 dignum
852 1949 856 2030 Ι
878 1959 929 2013 est
952 1972 1012 2013 nos
1036 1953 1166 2015 facilem
1183 1952 1321 2034 prebere
1344 1970 1539 2014 consensum
1564 1960 1598 2012 et
1613 1957 1700 2023 vota,
1723 1965 1789 2025 que
1805 1964 1825 2005 a
1841 1945 1979 2005 rationis

294 2043 425 2103 tramite
448 2061 514 2102 non
538 2041 735 2114 discordant,
760 2040 877 2103 effectu
902 2051 1124 2122 prosequente
1140 2041 1316 2124 complere.
1348 2041 1543 2121 Eapropter,
1566 2037 1687 2102 dilecte
1706 2037 1739 2098 in
1756 2033 1889 2098 Christo
1905 2031 1979 2103 filie,

243 2149 245 2154 ’
294 2131 411 2192 vestris
428 2131 520 2192 iustis
536 2129 811 2213 postulationibus
827 2137 920 2211 grato
937 2139 1168 2192 concurrentes
1184 2151 1326 2206 assensu,
1343 2131 1591 2192 concessionem
1610 2126 1646 2214 8),
1667 2145 1766 2205 quam
1782 2119 1980 2187 venerabilis

296 2219 396 2281 frater
419 2227 530 2282 noster
554 2270 560 2282 .
586 2267 592 2280 .
616 2218 782 2282 lanuensis
798 2219 1076 2301 archiepiscopus,
1098 2219 1195 2283 vobis
1219 2228 1253 2282 et
1276 2222 1322 2282 eis
1341 2216 1379 2304 b),
1403 2238 1468 2299 que
1486 2217 1516 2304 b)
1539 2217 1634 2280 vobis
1653 2213 1682 2298 b)
1704 2213 1925 2276 successerint
1944 2207 1980 2294 ε),

296 2307 413 2370 fecisse
436 2310 624 2382 dinoscitur,
648 2309 738 2388 quod
763 2309 805 2370 de
828 2316 939 2370 cetero
964 2328 1029 2369 non
1054 2309 1202 2390 amplius,
1226 2327 1324 2388 quam
1349 2307 1488 2371 ecclesia
1511 2315 1625 2369 sancte
1641 2304 1742 2366 Marie
1766 2304 1811 2365 de
1834 2299 1979 2364 Castello

300 2399 332 2460 in
357 2395 499 2459 collectis
523 2397 680 2460 faciendis
696 2397 833 2460 ecclesia
849 2398 971 2460 debeat
987 2407 1094 2460 vestra
1114 2399 1271 2472 conferre,
1295 2398 1379 2460 sicut
1394 2395 1627 2459 rationabiliter
1643 2394 1730 2455 facta
1745 2401 1796 2454 est
1812 2393 1892 2453 etin
1909 2392 1980 2451 eius

300 2487 463 2548 autentico
488 2488 680 2561 continetur,
704 2487 818 2549 domni
837 2485 971 2561 Urbani,
997 2487 1240 2568 predecessoris
1264 2489 1373 2560 nostri,
1397 2488 1542 2567 vestigiis
1566 2484 1759 2556 inherentes,
1784 2479 1980 2542 auctoritate

300 2575 482 2656 apostolica
505 2575 733 2638 confirmamus
757 2584 791 2638 et
814 2577 974 2656 presentis
997 2578 1110 2658 scripti
1133 2578 1318 2657 patrocinio
1342 2577 1590 2638 communimus.
1635 2572 1724 2635 Nulli
1747 2589 1827 2651 ergo
1844 2569 1980 2630 omnino

300 2663 466 2727 hominum
496 2662 600 2740 liceat,
632 2663 715 2726 hanc
748 2667 900 2746 paginam
933 2672 1043 2728 nostre
1066 2665 1320 2728 confirmationis
1356 2665 1529 2745 infringere
1568 2663 1620 2725 vel
1649 2662 1677 2724 ei
1700 2679 1779 2723 ausu
1801 2658 1979 2719 temerario

300 2753 471 2814 contraire.
518 2750 551 2816 Si
575 2755 646 2833 quis
669 2764 778 2815 autem
802 2752 867 2815 hoc
890 2761 1088 2834 attemptare
1111 2755 1356 2837 presumpserit,
1379 2753 1635 2835 indignationem
1661 2747 1901 2830 omnipotentis
1924 2747 1978 2807 dei

300 2849 333 2904 et
356 2842 528 2904 beatorum
554 2841 640 2905 Petri
670 2853 704 2904 et
726 2842 833 2914 Pauli,
865 2837 1106 2924 apostoloirum
1140 2845 1222 2920 eius,
1253 2864 1289 2906 se
1320 2846 1447 2906 noverit
1475 2847 1687 2906 incursurum.
1711 2873 1754 2886 -
1778 2836 1856 2899 Dat.
1878 2835 1978 2908 Luce,

299 2943 349 2992 vll
372 2931 448 2993 ldus
471 2930 629 2995 Decemb.
675 2932 856 2994 indictione
879 2941 983 2993 sexta.

462 3045 503 3095 Or.
518 3045 673 3110 (Pergamon
686 3045 704 3093 I
705 3053 731 3109 p.
745 3047 789 3106 30)
803 3045 858 3094 und
866 3047 992 3104 Abselrrifl
1002 3047 1042 3095 des
1054 3047 1190 3114 Seleiasfine
1202 3047 1265 3111 Hp.
1280 3051 1340 3110 544,
1353 3047 1380 3097 fn
1392 3047 1435 3095 der
1446 3047 1509 3099 Bibl.
1523 3045 1580 3096 dell
1593 3040 1738 3101 Universitit,
1751 3041 1792 3090 des
1801 3039 1940 3104 Schiasfino
1953 3036 1982 3084 II

295 3123 321 3179 p.
342 3117 400 3175 408,
419 3116 446 3164 in
464 3117 507 3164 der
524 3117 586 3166 Bibe.
610 3117 739 3166 Ciuicam
760 3117 853 3166 Genua.

461 3187 512 3246 Or,
528 3188 597 3253 Peeg.
616 3189 677 3248 ital,
696 3189 731 3239 br.
745 3191 821 3248 0,174
839 3191 999 3253 leng0,137,
1018 3190 1061 3240 cler
1077 3200 1161 3241 unterc
1177 3191 1202 3238 T
1198 3191 1248 3240 Iter'l
1262 3192 1307 3240 mit
1320 3191 1482 3256 Plemthr'nmg
1493 3189 1548 3240 und
1561 3188 1784 3254 Umgesellagenem
1797 3181 1981 3249 abgestltflfflffl,

299 3258 409 3324 Fallung
424 3259 468 3308 der
485 3260 586 3310 Breven.

1042 3547 1110 3624 Nr.
1138 3551 1228 3623 407.

302 3674 448 3740 Clemens
465 3677 530 3740 III
541 3678 658 3742 ne'mml
671 3679 733 3742 das
746 3679 958 3763 Domleapilel
976 3701 1036 3743 von
1052 3681 1133 3743 Pisa
1155 3679 1188 3744 in
1211 3681 1442 3764 apostolescleen
1458 3678 1576 3743 Scleutz
1599 3677 1669 3740 und
1689 3676 1840 3757 beste'itzgt
1864 3675 1978 3740 dessen

905 3770 1143 3832 Besz'lztlu'e'mer
1156 3769 1225 3834 und
1239 3770 1367 3834 Rechte.

923 3887 1008 3948 1188
1023 3885 1160 3959 Januar
1174 3889 1225 3949 13.
1258 3885 1347 3949 Pisa.

457 3997 608 4062 Clemens
632 4001 816 4082 episcopus
846 4021 957 4064 servus
980 4021 1149 4065 servorum
1174 3999 1395 4076 dei„dilectis
1419 3999 1505 4076 filiis,
1534 3999 1665 4063 Villano
1697 3996 1977 4080 archipresbitero

296 4091 481 4167 ceterisque
503 4095 617 4149 sancte
633 4090 737 4153 Marie
752 4090 866 4152 Pisane
890 4091 1027 4154 ecclesie
1050 4091 1223 4165 canonicis,
1247 4097 1313 4153 tam
1331 4089 1539 4172 presentibus
1556 4109 1653 4171 quam
1669 4089 1794 4163 futuris,
1819 4091 1977 4151 canonice

295 4176 546 4250 substituendis,
577 4189 615 4239 IN
645 4189 722 4241 PPM.
745 4213 789 4224 -
810 4175 815 4264 Ι
835 4177 1030 4262 Apostolice
1062 4181 1149 4243 sedis
1179 4180 1371 4242 auctoritate
1408 4179 1589 4260 debitoque
1627 4177 1873 4260 compellimur,
1915 4196 1975 4259 pro

295 4265 517 4328 universarum
542 4264 752 4329 ecclesiarum
776 4277 863 4330 statu
894 4277 1045 4350 satagere
1082 4277 1115 4331 et
1148 4289 1258 4332 earum
1290 4271 1450 4342 maxime,
1483 4288 1547 4349 que
1579 4268 1687 4330 eidem
1720 4267 1792 4330 sedi
1823 4267 1975 4330 devotius

295 4354 456 4417 adherere
481 4363 658 4417 noscuntur
689 4357 788 4434 quieti
812 4365 845 4419 et
876 4359 956 4438 paci,
989 4359 1163 4420 auxiliante
1187 4360 1332 4432 domino,
1356 4357 1537 4439 providere.
1584 4353 1775 4438 Quocirjca,
1808 4355 1922 4418 dilecti
1945 4357 1974 4418 iu

295 4443 430 4505 domino
447 4441 513 4518 filii,
528 4444 643 4505 vestris
659 4443 749 4506 iustis
767 4445 1039 4527 postulationibus
1055 4446 1233 4510 clementer
1248 4449 1418 4509 annuimus
1442 4455 1476 4509 et
1491 4447 1761 4528 predecessorum
1779 4453 1974 4518 nostrorum,

296 4530 400 4594 felicis
418 4533 576 4594 memorie
592 4531 738 4597 Cruxrr
750 4532 782 4620 ²),
808 4534 1217 4619 Eucsu11²)‚Amsms11
1233 4532 1266 4619 ³),
1283 4535 1444 4600 Arsurum
1454 4532 1488 4619 ⁴),
1504 4533 1973 4617 Acaxnuon1etUssnu1⁵),

296 4621 520 4683 Romanorum
550 4621 749 4702 pontificum,
780 4625 924 4708 vestigiis
954 4624 1155 4698 inherentes,
1189 4625 1348 4706 prefatam
1382 4626 1434 4688 dei
1466 4626 1630 4707 genitricis
1654 4623 1759 4688 Marie
1791 4623 1972 4698 ecclesiam,

296 4711 328 4771 in
360 4731 424 4789 qua
455 4710 565 4772 divino
597 4714 674 4774 estis
706 4714 866 4794 obsequio
900 4716 1095 4796 mancipati,
1126 4713 1236 4798 subd)
1265 4715 1353 4777 beati
1376 4716 1463 4778 Petri
1488 4724 1520 4776 et
1544 4724 1654 4778 nostra
1688 4717 1897 4795 protectione
1927 4733 1972 4776 su·

297 4800 453 4879 scipimus
477 4807 511 4862 et
533 4803 693 4881 presentis
725 4806 836 4885 scripti
870 4804 1038 4886 privilegio
1071 4807 1320 4867 communimus.
1366 4801 1564 4878 Statuentes,
1591 4812 1628 4866 ut
1652 4823 1880 4886 quascumque
1904 4822 1971 4885 pos·

296 4891 477 4962 sessiones,
508 4908 715 4973 quecumque
738 4893 826 4955 bona
857 4893 972 4957 eadem
1005 4893 1145 4956 ecclesia
1167 4896 1199 4955 in
1223 4896 1458 4975 presentiarum
1482 4894 1565 4956 iuste
1589 4901 1623 4957 et
1645 4897 1804 4956 canonice
1829 4893 1971 4975 possidet

297 4985 353 5038 aut
368 4979 400 5039 in
425 4977 567 5041 futurum
592 4983 806 5045 concessione
821 4982 1024 5063 pontificum,
1040 4982 1210 5064 largitione
1226 5003 1339 5064 regum
1357 4983 1408 5047 vel
1424 4985 1618 5065 principum,
1636 4982 1805 5046 oblatione
1830 4982 1968 5046 fidelium

296 5086 352 5128 seu
378 5067 448 5128 aliis
472 5068 563 5130 iustis
586 5070 711 5145 modis,
741 5080 908 5153 prestante
931 5073 1084 5146 domino,
1115 5075 1237 5152 poterit
1259 5073 1411 5153 adipisci,
1444 5071 1538 5135 firma
1565 5073 1660 5136 vobis
1689 5074 1876 5152 vestrisque
1907 5090 1970 5134 suc·

297 5157 480 5219 cessoribus
508 5179 547 5219 ac
577 5179 638 5239 per
659 5180 719 5223 vos
752 5161 859 5223 eidem
893 5159 1030 5224 ecclesie
1055 5172 1089 5222 et
1112 5160 1235 5224 illibata
1258 5169 1480 5242 permaneant.
1526 5160 1562 5223 ln
1595 5161 1711 5243 quibus
1741 5163 1804 5224 hec
1836 5161 1969 5244 propriis

297 5245 451 5309 duximus
475 5249 691 5328 exprimenda
713 5249 898 5312 vocabulis:
930 5252 963 5312 in
980 5250 1135 5313 Kinthica
1159 5250 1333 5313 ecclesiam
1350 5258 1463 5313 sancte
1480 5249 1652 5327 Christine,
1676 5250 1849 5314 ecclesiam
1873 5249 1967 5313 sancti

298 5334 535 5418 Christophori,
558 5338 589 5400 in
615 5337 830 5421 Guazolongo
855 5339 1023 5403 ecclesiam
1047 5339 1150 5402 sancti
1174 5339 1313 5416 Martini,
1338 5341 1510 5403 ecclesiam
1534 5340 1636 5402 sancti
1661 5340 1773 5415 Marci,
1804 5339 1965 5403 ecclesiam

299 5486 303 5491 ·
310 5486 355 5490 ——
435 5487 525 5494 ———.
534 5489 659 5495 .—.-.
685 5489 721 5498 .-.,

457 5577 481 5626 al
502 5591 516 5624 c
534 5576 587 5640 auf
598 5577 684 5624 Ir'esur
754 5575 781 5623 bl
800 5577 853 5641 eus
865 5579 951 5625 Il'osur
1021 5581 1045 5628 ci
1064 5592 1080 5624 n
1098 5579 1151 5643 eus
1165 5579 1249 5625 Ir'asur
1319 5577 1346 5638 d)
1365 5579 1488 5628 tler'lwer'se
1505 5581 1559 5644 ems
1570 5581 1660 5627 Rome.
1682 5617 1737 5642 -.Ἴ
1754 5583 1792 5644 .1)
1814 5574 1969 5644 ungenegmd

295 5644 427 5706 gedeuelt:
451 5646 537 5710 Vigna,
557 5648 667 5696 L'amica
685 5647 807 5713 collegiata
825 5648 853 5696 di
870 5649 895 5697 S.
916 5647 999 5697 Maria
1017 5649 1045 5696 di
1064 5649 1164 5697 Castello
1180 5649 1207 5698 in
1229 5649 1327 5698 Genava
1341 5657 1366 5712 p.
1387 5653 1447 5699 204.
1522 5661 1548 5712 2)
1568 5651 1646 5699 Niclrt
1661 5652 1776 5704 erlallm.
1848 5662 1875 5716 3)
1894 5643 1965 5714 Just}

298 5718 355 5780 Ir'eg.
375 5719 449 5778 6731,
470 5718 513 5769 Or.
530 5719 557 5768 ln
571 5719 636 5768 Pisa.
708 5727 736 5788 4)
757 5717 838 5786 Joffc',
855 5723 914 5784 Il'eg.
935 5723 1011 5780 6939,
1035 5719 1078 5770 Or.
1096 5720 1123 5768 in
1143 5721 1207 5770 Il'sa.
1281 5729 1307 5786 5)
1329 5719 1409 5786 Jeffe',
1429 5725 1486 5787 Il'eg.
1505 5715 1648 5783 9851,‘0r,
1667 5723 1693 5770 in
1713 5721 1780 5772 lisa
