4142 6366
1069 485 1136 559 Nr.
1165 489 1253 560 204.

333 619 517 685 Alexander
530 619 594 684 III
612 617 728 683 nimmt
748 619 810 682 das
840 613 969 680 Kloster
990 614 1058 680 San
1079 616 1235 700 Dionigio
1256 617 1296 680 di
1316 613 1444 680 Milone
1467 616 1501 678 in
1524 615 1753 698 apostolischen
1776 615 1900 680 Schute
1929 615 1997 680 und

745 703 896 788 bestdtz'gt
917 705 986 770 ilem
1008 707 1095 769 scine
1117 705 1353 770 Besr'tetlu'r‘mer
1373 705 1441 768 und
1462 703 1587 769 Rachle.

939 824 1022 884 1164
1042 820 1222 887 November
1235 826 1266 886 4.
1297 821 1386 886 Sans.

491 954 681 1018 Alexander
697 958 880 1039 episcopus,
897 975 1007 1018 servus
1022 975 1189 1018 servorum
1207 957 1268 1030 dei,
1284 954 1409 1018 dilectis
1425 954 1497 1018 filiis
1510 953 1668 1028 wifredo,
1684 953 1797 1016 abbati
1810 955 1996 1017 monasterii

333 1046 434 1108 sancti
451 1043 589 1107 Dionisii
606 1046 869 1120 Mediolanensis,
893 1047 1026 1124 eiusque
1042 1044 1202 1119 fratribus,
1225 1054 1293 1108 tam
1317 1045 1522 1127 presentibus
1545 1063 1643 1123 quam
1666 1043 1788 1118 futuris,
1813 1042 1994 1124 regularem

332 1135 430 1198 vitam
447 1133 611 1214 professis
633 1147 671 1197 ΙΝ
687 1148 763 1196 PPM.
786 1171 829 1180 -
849 1131 855 1220 Ι
875 1133 1045 1216 Religiosis
1068 1135 1237 1198 desideriis
1260 1135 1391 1215 dignum
1415 1143 1464 1197 est
1486 1133 1613 1196 facilem
1638 1132 1774 1214 prebere
1791 1151 1995 1208 consensum,

334 1231 369 1285 ut
391 1221 495 1284 fidelis
518 1223 650 1286 devotio
674 1222 814 1288 celerem
838 1225 991 1286 sortiatur
1014 1223 1174 1286 eflectum.
1219 1221 1412 1305 Eapropter,
1436 1222 1555 1286 dilecte
1570 1225 1603 1284 in
1618 1222 1752 1284 domino
1768 1220 1823 1296 fili,
1847 1219 1995 1284 Wifrede

333 1312 446 1386 abbas,
476 1313 540 1373 tuis
562 1311 652 1374 iustis
676 1312 947 1394 postulationibus
971 1312 1148 1375 clementer
1177 1315 1346 1375 annuimus
1377 1321 1410 1375 et
1440 1311 1601 1393 prefatum
1633 1307 1878 1394 molnasterium
1911 1309 1996 1373 beati

334 1401 483 1476 Dionisii,
515 1401 565 1462 cui
588 1409 721 1464 auctore
744 1404 808 1465 deo
833 1402 988 1484 presides,
1018 1403 1079 1464 sub
1103 1403 1191 1465 beati
1214 1403 1300 1466 Petri
1325 1410 1358 1464 et
1380 1409 1490 1463 nostra
1521 1401 1724 1483 protectione
1747 1399 1939 1481 suscipimus
1963 1409 1996 1463 et

334 1491 495 1573 presentis
532 1493 643 1572 scripti
681 1491 851 1573 privilegio
892 1493 1144 1568 communimus;
1188 1492 1220 1554 in
1257 1491 1369 1573 primis
1408 1485 1569 1570 siquidem
1604 1495 1799 1562 statuentes,
1839 1496 1875 1550 ut
1912 1489 1995 1551 ordo

334 1580 549 1654 monasticus,
590 1581 645 1661 qui
683 1582 860 1643 secundum
899 1580 996 1642 deum
1028 1589 1061 1642 et
1091 1580 1179 1643 beati
1211 1580 1381 1643 Benedicti
1411 1579 1555 1661 regulam
1586 1580 1619 1640 in
1649 1578 1765 1640 eodem
1796 1578 1996 1640 monasterio

334 1670 496 1732 institutus
520 1686 592 1730 esse
606 1668 793 1745 dinoscitur,
817 1669 983 1752 perpetuis
998 1669 1119 1732 ibidem
1137 1668 1341 1750 temporibus
1355 1667 1583 1731 inviolabiliter
1597 1667 1796 1730 observetur.
1835 1668 1996 1740 Preterea,

334 1776 557 1836 quascumque
580 1761 813 1838 possessiones,
843 1777 1049 1839 quecumque
1070 1759 1158 1821 bona
1180 1759 1268 1821 idem
1294 1759 1523 1820 monasterium
1554 1755 1832 1838 impresentiarum
1856 1755 1940 1817 iuste
1963 1763 1997 1818 et

335 1845 489 1908 canonice
504 1847 661 1927 possidet,
684 1849 786 1909 autin
803 1847 944 1909 futurum
970 1849 1179 1910 concessione
1200 1845 1400 1929 pontificum,
1417 1846 1589 1928 largitione
1604 1865 1716 1926 regum
1732 1845 1784 1908 vel
1799 1846 1997 1927 principum,

335 1934 502 1998 oblatione
525 1934 666 1997 fidelium
689 1956 745 1998 seu
769 1935 837 1998 aliis
860 1935 949 1998 iustis
973 1937 1086 2010 modis,
1110 1945 1277 2018 prestante
1301 1937 1447 2010 domino,
1469 1938 1591 2017 poterit
1613 1935 1758 2014 adipisci,
1781 1933 1876 1996 firma
1899 1933 1997 1996 vobis

334 2025 514 2105 vestrisque
537 2025 778 2088 successoribus
801 2033 834 2088 et
857 2023 981 2087 illibata
1010 2033 1231 2107 permaneant.
1276 2024 1311 2086 In
1344 2026 1460 2107 quibus
1490 2023 1552 2086 hec
1582 2025 1724 2106 propriis
1753 2023 1908 2085 duximus
1940 2041 1998 2084 ex·

335 2113 506 2195 primenda
537 2112 720 2176 vocabulis:
760 2112 929 2176 ecclesiam
962 2116 1064 2176 sancti
1096 2112 1287 2178 Michahelis
1318 2115 1360 2176 de
1389 2113 1547 2188 Pescall0,
1587 2115 1618 2174 in
1656 2133 1721 2194 qua
1760 2111 1998 2174 monasterium

335 2203 506 2275 statuendi,
538 2203 564 2264 si
595 2204 786 2284 expedierit,
818 2212 852 2265 et
882 2203 1004 2266 ibidem
1034 2203 1214 2266 monachos
1244 2203 1387 2286 ponendi
1419 2203 1604 2265 facultatem
1637 2202 1705 2263 sine
1736 2201 1998 2262 contradictione

335 2290 443 2371 aliqua
465 2289 619 2365 habeatis,
643 2294 727 2356 sicut
747 2312 767 2354 a
789 2291 964 2355 venerabili
990 2292 1087 2355 fratre
1111 2302 1224 2355 nostro
1270 2289 1442 2377 .O(bert0),
1473 2291 1709 2354 Mediolanensi
1736 2288 1997 2370 archiepiscopo,

335 2378 515 2443 rationabili
534 2381 737 2460 providentia
751 2381 845 2444 vobis
861 2401 1052 2444 concessum
1077 2391 1139 2453 est;
1171 2389 1274 2445 totam
1300 2379 1502 2463 parrochiam
1526 2379 1672 2442 suburbii
1695 2378 1778 2442 illius
1801 2388 1907 2462 porte,
1931 2397 1997 2463 quq

336 2469 452 2531 dicitur
468 2468 566 2531 Porta
588 2490 681 2544 nova,
704 2471 789 2533 sicut
803 2490 862 2552 per
883 2471 1029 2533 eiusdem
1052 2469 1291 2554 archiepiscopi
1313 2471 1504 2533 sententiam
1527 2469 1669 2550 legitime
1691 2468 1785 2531 vobis
1807 2468 1998 2530 adiudicata

336 2564 394 2632 est,
418 2557 588 2620 ecclesiam
611 2567 723 2622 sancte
747 2559 848 2622 Marie
871 2561 902 2621 in
919 2557 1055 2633 Solari0,
1078 2579 1141 2644 quq
1164 2580 1248 2622 nunc
1271 2560 1373 2622 sancti
1389 2557 1508 2622 Fidelis
1531 2559 1665 2634 dicitur;
1696 2558 1867 2620 ecclesiam
1890 2559 1998 2620 sancti

335 2644 509 2720 Laurentii,
532 2666 596 2733 que
619 2656 669 2710 est
691 2650 782 2711 iuxta
806 2649 940 2711 domum
963 2648 1129 2721 Tassonis,
1157 2668 1230 2711 cum
1254 2649 1405 2711 omnibus
1429 2667 1538 2710 earum
1563 2647 1772 2728 pertinentiis,
1802 2657 1928 2708 curtem
1954 2647 1997 2708 de

337 2735 458 2798 Melate
481 2756 554 2798 cum
577 2738 680 2800 tribus
703 2737 844 2818 capellis,
872 2735 1021 2799 videlicet
1043 2737 1145 2800 sancti
1167 2737 1397 2813 Bartholomei,
1420 2738 1522 2799 sancti
1538 2736 1675 2798 Dionisii
1699 2744 1732 2798 et
1754 2743 1866 2818 sancte
1891 2734 1998 2818 Marie

336 2824 379 2887 de
402 2822 610 2888 Sabiuncello
633 2835 666 2888 et
689 2827 818 2889 duobus
842 2829 964 2899 castris,
991 2827 1115 2889 scilicet
1138 2826 1180 2889 de
1204 2825 1326 2890 Melate
1348 2836 1380 2889 et
1404 2824 1620 2898 Sabiuncello,
1651 2825 1830 2887 districtum
1861 2843 1998 2903 quoque

336 2915 436 2975 totius
457 2912 520 2976 loci
544 2915 586 2977 de
603 2914 731 2992 Melate,
755 2916 838 2978 sicut
851 2917 945 2978 vobis
969 2935 1028 2996 per
1044 2915 1231 2978 difinitivam
1246 2917 1439 2978 sententiam
1456 2936 1475 2979 a
1491 2913 1677 2977 consulibus
1693 2912 1998 2978 Mediolanensibus

337 3002 379 3065 de
402 3021 534 3065 assensu
558 3011 592 3067 et
615 3004 822 3086 beneplacito
845 3004 1083 3086 archiepiscopi
1107 3005 1347 3087 promulgatam
1372 3005 1590 3068 adiudicatum
1617 3011 1675 3065 est.
1721 3000 1901 3064 Statuimus
1924 3021 1999 3085 pre·

335 3099 433 3166 terea,
457 3093 546 3172 quod
569 3091 720 3156 homines
742 3093 888 3156 eiusdem
912 3093 976 3156 loci
998 3093 1118 3156 nullam
1142 3093 1287 3157 habeant
1301 3093 1487 3157 facultatem
1503 3095 1571 3155 sine
1587 3090 1720 3155 consilio
1736 3099 1770 3154 et
1784 3091 1999 3154 concessione

336 3189 444 3244 vestra
466 3181 614 3245 homines
637 3183 788 3264 eligendi,
819 3185 874 3265 qui
897 3183 1111 3245 iuramentum
1142 3182 1263 3246 faciant
1295 3185 1337 3246 de
1368 3185 1414 3247 eis
1445 3183 1596 3264 regendis
1617 3181 1669 3244 vel
1699 3181 1933 3256 conducendis,
1965 3190 1999 3243 et

336 3270 426 3349 quod
450 3270 550 3333 iidem
573 3269 723 3334 homines
746 3272 814 3347 tibi,
847 3271 967 3335 dilecte
990 3270 1033 3335 fili
1056 3273 1167 3348 abbas,
1199 3281 1232 3335 et
1255 3272 1424 3336 catholicis
1452 3267 1693 3334 successoribus
1716 3273 1779 3333 tuis
1801 3267 1998 3332 fidelitatem

336 3358 467 3433 faciant,
498 3361 582 3422 sicut
610 3361 641 3422 in
673 3362 840 3437 sententia,
871 3380 969 3443 super
998 3359 1048 3424 his
1078 3361 1311 3425 rationabiliter
1333 3361 1546 3445 promulgata,
1579 3369 1612 3424 et
1643 3362 1676 3422 in
1707 3357 1867 3442 privilegii
1897 3359 1999 3421 vestrl

337 3449 684 3512 muniminevnoscitur
714 3451 870 3513 contineri
889 3447 931 3536 a);
969 3451 1130 3513 decimam
1154 3451 1389 3514 domicultuum
1413 3451 1634 3533 predictorum
1655 3448 1814 3524 locorum,
1843 3447 2000 3511 videlicet

337 3538 379 3600 de
402 3535 523 3600 Melate
547 3546 579 3600 et
594 3535 810 3610 Sabiuncello,
834 3559 907 3602 cum
932 3540 1174 3614 commandisia,
1197 3539 1295 3603 fodro
1318 3548 1351 3603 et
1372 3539 1552 3621 albegariis,
1576 3547 1700 3601 curtem
1723 3537 1765 3600 de
1788 3537 1899 3600 Lierni
1924 3555 2000 3598 curn

337 3626 463 3688 duabus
487 3627 619 3707 capellis
634 3627 722 3690 beati
740 3627 884 3691 Mauricii
909 3637 942 3690 et
964 3628 1051 3692 beati
1068 3627 1267 3704 Michahelis
1291 3630 1527 3692 domicultuum
1552 3629 1686 3702 decima,
1710 3626 1865 3698 districtu,
1890 3625 2000 3698 fodro,

337 3713 507 3796 albegariis
531 3725 564 3778 et
590 3718 851 3796 commandasia;
889 3719 1023 3780 terciam
1047 3725 1173 3798 partem
1204 3719 1302 3780 curtis
1332 3719 1375 3782 de
1397 3717 1578 3780 Talamona
1609 3737 1682 3780 cum
1714 3717 1782 3777 eius
1813 3715 1944 3777 decima
1968 3722 2001 3776 et

336 3804 464 3867 duabus
487 3807 634 3886 partibus
657 3808 791 3869 duarum
816 3805 1024 3889 capellarum,
1054 3826 1118 3892 que
1140 3806 1171 3869 in
1196 3815 1286 3870 curte
1309 3808 1379 3888 ipsa
1405 3815 1489 3881 sunt,
1520 3805 1673 3869 videlicet
1701 3811 1813 3888 sancte
1837 3803 1942 3887 Marie
1967 3811 2001 3865 et

336 3895 440 3956 sancti
463 3893 591 3956 Martini
616 3915 689 3958 cum
713 3894 872 3971 omnibus,
904 3896 945 3958 ad
970 3896 1102 3958 easdem
1126 3903 1235 3977 partes
1260 3896 1503 3977 pertinentibus,
1531 3894 1714 3978 cappellam
1737 3893 1841 3956 sancti
1864 3891 2000 3954 Martini

336 3983 379 4046 de
403 3980 503 4046 Gradi
526 4003 600 4046 cum
623 3983 773 4046 omnibus
797 3985 998 4066 pertinentiis
1021 3985 1094 4059 suis,
1124 3992 1157 4047 et
1179 3985 1307 4048 decima
1330 3983 1534 4061 domicultus,
1566 3984 1725 4067 prefatam
1758 3979 1932 4044 ecclesiam
1957 3982 2001 4042 de

338 4070 484 4134 Pescallo
508 4092 580 4135 cum
605 4074 756 4136 omnibus
788 4072 855 4149 his,
885 4092 950 4158 que
980 4073 1022 4136 ad
1054 4074 1190 4136 eandem
1222 4073 1389 4137 ecclesiam
1420 4074 1598 4156 pertinent3
1636 4073 1797 4134 decimam
1826 4079 2000 4142 terrarum,

337 4181 401 4246 que
424 4169 499 4223 sunt
526 4162 616 4224 iuxta
639 4161 861 4243 supradictum
885 4163 1115 4224 monasterium
1138 4165 1241 4226 sancti
1264 4163 1413 4237 Dionisii,
1437 4171 1469 4226 et
1493 4162 1618 4225 illarum
1642 4169 1807 4234 terrarum,
1835 4178 1900 4242 que
1923 4167 2001 4220 sunt

338 4251 422 4312 circa
444 4248 564 4312 flumen
584 4247 743 4326 Sevisum,
765 4249 839 4312 hinc
855 4258 953 4330 atque
976 4251 1053 4313 inde
1076 4253 1108 4312 in
1132 4252 1280 4315 omnibus
1303 4252 1503 4334 pertinentiis
1526 4251 1693 4313 hominum
1717 4247 1941 4320 habitantium,
1967 4250 1999 4310 in

338 4347 434 4421 porta
457 4357 520 4425 que
543 4340 660 4402 dicitur
683 4337 778 4402 Nova
805 4341 891 4402 etin
915 4349 1011 4420 porta
1034 4338 1207 4415 Orientali,
1239 4360 1303 4424 que
1334 4342 1435 4404 modo
1458 4340 1607 4403 coluntur
1635 4339 1687 4401 vel
1717 4340 1750 4400 in
1782 4345 1876 4400 antea
1909 4336 2000 4416 culte

336 4427 462 4501 fuerint,
486 4429 570 4490 sicut
592 4427 634 4490 ab
657 4426 817 4503 Eribert0,
846 4428 936 4491 bone
958 4431 1116 4492 memorie
1140 4430 1378 4492 Mediolanensi
1401 4429 1649 4512 archiepiscopo
1668 4426 1700 4512 ¹),
1723 4428 1878 4488 canonice
1901 4425 1999 4487 vobis

338 4536 492 4580 concessa
515 4524 573 4590 est,
600 4519 723 4598 scripto
746 4537 806 4580 suo
829 4516 964 4580 firmata.
1010 4519 1245 4594 Possessiones,
1276 4538 1356 4599 quas
1386 4517 1513 4581 habetis
1546 4521 1578 4580 in
1600 4515 1733 4579 Sacrate
1763 4522 1797 4577 et
1826 4517 1858 4576 in
1880 4511 1998 4588 Sexto,

337 4609 392 4688 qui
419 4607 537 4668 dicitur
558 4602 712 4668 Iohannis
741 4607 771 4668 in
793 4605 909 4682 Aflori,
939 4607 970 4668 in
1001 4617 1103 4689 ponte
1127 4607 1284 4684 Curionis,
1316 4610 1348 4670 in
1371 4606 1587 4688 Grogonzola,
1618 4607 1649 4668 in
1672 4604 1810 4677 Arouio,
1841 4603 1997 4676 Pescallo,

336 4695 504 4770 Lomaci0,
528 4693 695 4776 Casalego,
720 4693 885 4777 Calugate,
908 4693 1067 4773 Romano,
1097 4696 1129 4759 in
1153 4694 1284 4778 Quinto,
1316 4699 1348 4759 in
1371 4697 1467 4760 casali
1494 4698 1536 4759 de
1559 4695 1691 4769 Casinis,
1721 4695 1765 4756 de
1787 4692 1872 4755 valle
1895 4689 1998 4754 Saxia

337 4805 410 4848 cum
434 4784 584 4846 omnibus
606 4784 865 4864 supradictarum
888 4788 1131 4867 possessionum
1154 4785 1366 4860 libertatibus,
1396 4785 1692 4860 consuetudinibus,
1723 4785 1807 4846 sicut
1836 4801 1892 4844 eas
1920 4800 1997 4843 con·

337 4875 485 4937 cessione
512 4893 624 4954 regum
648 4873 802 4936 hactenus
825 4873 933 4956 quiete
955 4872 1113 4937 habuistis
1136 4884 1169 4937 et
1193 4875 1308 4956 prefati
1333 4871 1474 4960 O(berti)
1496 4872 1733 4955 archiepiscopi
1756 4872 1881 4951 scripto
1906 4871 1997 4934 vobis

337 4962 525 5048 confirmate
547 4970 630 5025 sunt.
675 4962 731 5025 Ad
755 4960 816 5026 hec
840 4971 993 5044 quattuor
1017 4963 1123 5026 clerici
1146 4966 1247 5045 ipsius
1270 4964 1462 5040 monasterii,
1495 4967 1550 5043 qui
1582 4971 1656 5025 sunt
1687 4963 1729 5024 de
1761 4959 1875 5023 ordine
1899 4960 1997 5021 deco·

337 5071 505 5116 manorum
530 5049 781 5114 Mediolanensis
806 5050 941 5136 ecclesie
972 5052 1013 5115 ab
1037 5053 1165 5128 abbate,
1198 5055 1253 5133 qui
1284 5073 1344 5134 pro
1375 5060 1525 5135 tempore
1555 5052 1659 5127 luerit,
1691 5050 1733 5114 ad
1755 5048 1921 5112 honorem
1944 5049 1995 5110 dei

337 5143 368 5204 in
392 5140 508 5204 eadem
532 5139 667 5203 ecclesia
690 5149 851 5223 ponantur
871 5148 904 5204 et
928 5141 1116 5205 ordinentur
1138 5144 1233 5223 eique
1247 5151 1414 5222 tamquam
1431 5145 1515 5224 patri
1532 5150 1565 5204 et
1579 5140 1713 5203 domino
1727 5159 1788 5202 suo
1805 5137 1996 5201 obedientes

338 5232 502 5305 extistant,
525 5229 607 5291 sicut
628 5226 785 5293 hactenus
808 5232 955 5293 extitisse
979 5240 1154 5294 noscuntur
1177 5238 1210 5294 et
1232 5233 1356 5312 scripto
1377 5233 1441 5294 iam
1457 5232 1537 5294 dicti
1553 5228 1788 5311 archiepiscopi
1805 5227 1996 5290 continetur.

337 5319 516 5385 Statuimus
546 5326 664 5394 autem,
695 5327 730 5381 ut
759 5321 791 5382 in
823 5320 971 5402 predicta
1000 5319 1135 5383 ecclesia
1164 5323 1267 5382 sancti
1290 5319 1409 5383 Fidelis
1438 5321 1531 5383 vobis
1563 5339 1637 5382 cum
1668 5337 1801 5380 assensu
1825 5314 1996 5379 memorati

336 5407 573 5490 archiepiscopi
595 5407 720 5487 absque
743 5409 998 5472 contradictione
1021 5409 1129 5490 aliqua
1150 5408 1245 5472 liceat
1267 5429 1391 5491 ponere
1413 5410 1608 5472 sacerdotes.
1653 5406 1869 5471 Prohibemus
1891 5405 1995 5478 etiam,

337 5507 373 5561 ut
394 5497 513 5561 nemini
536 5497 585 5559 fas
615 5498 666 5574 sit,
697 5497 728 5559 in
759 5496 931 5580 parrochia
961 5497 1107 5561 suburbii
1137 5505 1232 5584 porte
1253 5498 1357 5585 Nove,
1389 5517 1454 5585 que
1475 5499 1573 5562 vestri
1603 5499 1679 5560 iuris
1702 5497 1820 5572 extitit,
1852 5493 1996 5558 infirmos

495 5691 521 5760 a)
540 5691 677 5744 continerii.
697 5734 750 5746 ..
769 5695 805 5762 .r)
823 5693 925 5754 Anien,
944 5693 1091 5759 Enbr'schof
1101 5709 1149 5744 oon
1167 5692 1290 5754 Mailand,
1309 5693 1490 5744 1018-1045.
