4126 6366
1667 365 1727 430 325

37 536 197 602 ecclesie
227 539 378 620 regimen,
411 538 546 602 domino
577 539 781 620 disponente,
813 540 981 621 assumpti,
1012 549 1046 602 ut
1077 560 1124 612 ea,
1156 541 1274 620 quein
1299 538 1513 602 ecclesiadei
1538 538 1731 603 malefacta

38 637 246 704 noscuntur,
276 647 335 709 per
364 647 426 690 nos
450 628 493 692 ad
523 637 644 691 statum
675 648 854 710 congruum
884 638 1077 692 revocentur
1106 640 1139 691 et
1168 628 1257 691 bona
1281 629 1423 692 debeant
1454 627 1578 692 illibata
1601 630 1729 692 servari.

39 715 147 779 Sicut
174 727 283 779 autem
308 718 339 778 in
364 717 530 780 audientia
553 728 603 781 est
626 726 739 780 nostra
761 720 979 800 propositum,
1003 719 1177 792 Berardus,
1202 718 1369 799 quondam
1393 717 1497 781 abbas
1521 718 1650 780 cenobii
1673 719 1730 794 tui,

39 804 238 870 infeudavit
267 805 406 887 plurima
436 807 477 869 de
508 806 604 869 rebus
634 807 736 888 ipsius
767 805 943 889 illiciteque
973 807 1092 870 locavit
1135 808 1205 869 sine
1242 827 1376 870 assensu
1408 802 1555 888 capituli,
1596 815 1732 889 propter

40 895 146 975 quod
171 897 406 958 monasterium
431 895 538 977 ipsum
562 915 717 976 magnum
741 896 971 959 detrimentum
995 897 1134 959 incurrit.
1181 895 1278 961 Unde
1302 915 1372 971 noS,
1397 896 1625 977 indempnitati
1650 897 1730 958 eius-

39 984 127 1048 dem
155 984 287 1048 cenobii
311 993 448 1067 patema
471 984 689 1048 sollicitudine
712 985 884 1067 providere
899 984 1056 1060 volentes,
1081 985 1320 1047 infeudationes
1340 993 1374 1046 et
1397 983 1578 1048 locationes
1601 1005 1730 1067 posses·

39 1075 187 1136 sionum
211 1083 245 1136 et
269 1073 462 1136 familiarum
487 1073 593 1137 Curtis
618 1093 703 1137 nove
726 1083 759 1136 et
784 1073 920 1138 aliorum
937 1074 1092 1149 locorum,
1118 1075 1159 1138 ad
1175 1084 1266 1137 tuum
1291 1074 1464 1137 cenobium
1489 1075 1729 1156 pertinentium,

41 1163 89 1226 ab
125 1163 252 1227 abbate
283 1161 338 1225 illo
369 1171 484 1226 contra
513 1163 602 1244 leges
625 1163 676 1226 vel
707 1183 850 1226 canones
882 1164 1000 1240 factas,
1031 1165 1135 1228 irritas
1166 1184 1239 1226 esse
1269 1183 1448 1238 censemus,
1479 1164 1640 1245 presentis
1669 1163 1730 1226 tibi

41 1252 169 1333 scripti
194 1252 315 1334 pagina
338 1251 553 1333 indulgentes
577 1261 612 1314 ut
634 1272 690 1315 eas
715 1254 908 1316 auctoritate
932 1263 1043 1316 nostra
1067 1254 1166 1316 libere
1189 1253 1248 1316 tibi
1274 1252 1382 1328 liceat,
1407 1252 1477 1314 sine
1500 1252 1730 1338 appellationis

42 1340 232 1404 obstaculo
255 1360 417 1404 revocare.
441 1377 484 1387 —
508 1342 584 1405 Dat.
607 1342 749 1418 Verone,
772 1355 861 1404 xvssl
885 1343 938 1406 Kl.
963 1343 1109 1409 Ianuarii.

217 1453 341 1520 Abschn'st
357 1470 412 1506 vom
429 1456 535 1522 Ansang
551 1456 591 1504 des
608 1457 641 1506 13
662 1457 755 1524 Jahrb.
774 1456 823 1508 Nr.
842 1459 900 1519 104,
919 1456 952 1508 im
969 1454 1083 1509 Arcadio
1101 1454 1252 1524 Maniam
1268 1471 1299 1507 ru
1321 1455 1446 1506 Cremona.

802 1743 869 1818 ΝΥ.
895 1745 983 1818 368.

51 1871 172 1936 Urban
189 1872 255 1937 III
264 1875 383 1939 nimmt
396 1872 458 1939 das
472 1876 608 1941 Kloster
628 1874 777 1940 Columba
794 1876 850 1948 (D.
867 1877 1042 1961 Piacenaa)
1060 1876 1094 1939 in
1108 1874 1337 1959 apostolisclun
1353 1873 1475 1940 schun
1496 1875 1565 1938 und
1584 1872 1735 1958 bestdtigt

588 1965 676 2029 seine
691 1963 929 2030 Besr'tzthr'c'mer
941 1965 1011 2031 und
1022 1964 1144 2030 Rechte
1162 1967 1171 2005 ¹
1172 1968 1198 2046 ).

674 2081 758 2144 1186
772 2081 908 2156 Januar
922 2084 952 2145 4.
993 2079 1122 2146 Verona.

214 2195 368 2260 Urbanus
392 2198 577 2280 episcopus,
601 2217 713 2261 servus
735 2217 903 2262 servorum
928 2199 991 2274 dei,
1016 2195 1143 2260 dilectis
1162 2196 1236 2260 filiis
1253 2193 1469 2270 Boiamundo,
1493 2193 1604 2258 abbati
1620 2202 1731 2258 sancte

45 2283 161 2347 Marie
177 2283 221 2347 de
237 2283 407 2362 Columba,
431 2286 564 2367 eiusque
580 2286 742 2362 fratribus,
765 2295 832 2352 tarn
849 2287 1055 2370 presentibus
1072 2306 1171 2366 quam
1188 2286 1311 2360 futuris,
1336 2283 1516 2368 regularem
1532 2283 1631 2347 vitam
1655 2304 1731 2366 pro·

47 2371 163 2449 fessis,
195 2387 234 2438 IN
256 2387 335 2438 PPM.
379 2375 577 2458 Religiosam
609 2379 709 2439 vitam
740 2376 935 2458 eligentibus
967 2376 1184 2459 apostolicum
1217 2373 1369 2440 convenit
1399 2375 1515 2437 adesse
1545 2372 1732 2456 presidium,

48 2481 92 2524 ne
118 2461 206 2526 forte
230 2462 401 2527 cuiuslibet
430 2466 624 2528 temeritatis
651 2466 806 2540 incursus,
838 2474 894 2529 aut
924 2486 980 2530 eos
1003 2487 1023 2528 a
1046 2467 1220 2547 proposito
1250 2471 1390 2539 revocet,
1421 2470 1478 2526 aut
1501 2462 1609 2538 robur,
1641 2463 1731 2542 quod

49 2550 150 2626 absit,
182 2572 272 2638 sacre
296 2553 459 2635 religionis
482 2554 641 2636 infringat.
687 2557 882 2638 Eapropter,
912 2554 1020 2619 dilecti
1053 2556 1085 2616 in
1109 2555 1243 2618 domino
1271 2553 1336 2628 filii,
1367 2555 1483 2616 vestris
1506 2553 1597 2616 iustis
1620 2561 1731 2634 postu·

49 2639 231 2704 lationibus
255 2641 432 2706 clementer
454 2646 628 2707 annuimus
658 2652 691 2707 et
711 2644 872 2727 prefatum
898 2645 1132 2708 monasterium
1155 2643 1252 2706 beate
1276 2643 1329 2706 dei
1353 2643 1519 2724 genitricis
1534 2661 1732 2724 semperque

50 2729 189 2812 virginis
212 2730 330 2814 Marie,
364 2733 397 2794 in
429 2753 495 2812 quo
527 2734 639 2797 divino
675 2734 847 2816 mancipati
879 2735 957 2797 estis
990 2733 1162 2815 obsequio,
1192 2733 1235 2794 ad
1266 2731 1437 2813 exemplar
1459 2730 1730 2813 predecessorum

51 2828 252 2894 nostrorum,
276 2819 499 2886 Romanorum
524 2822 725 2904 pontificum,
750 2823 850 2886 felicis
874 2825 1033 2886 memorie
1056 2819 1193 2903 Eugenii
1211 2819 1245 2906 ²),
1267 2822 1434 2885 Anastasii
1450 2818 1476 2904 ³)
1492 2829 1526 2883 et
1540 2819 1731 2896 Alexandri,

20 2939 21 2970 v
51 2909 116 2972 sub
147 2908 237 2972 beati
260 2911 347 2974 Petri
378 2919 412 2974 et
442 2918 569 2976 nostra'
584 2914 790 2994 protectione
820 2915 1015 2995 suscipimus
1047 2919 1081 2974 et
1111 2911 1272 2993 presentis
1302 2910 1414 2992 scripti
1444 2910 1614 2992 privilegio
1643 2931 1732 2974 com·

53 2999 230 3062 munimus.
275 3000 312 3063 In
335 3001 449 3083 primis
472 3002 635 3083 siquidem
660 3010 849 3078 statuentes,
878 3010 914 3064 ut
936 3002 1019 3065 ordo
1044 3002 1252 3077 monasticus,
1282 3002 1338 3081 qui
1368 2999 1547 3064 secundum
1577 3000 1674 3064 deum
1699 3007 1732 3062 et

20 3111 21 3114 ¹
52 3087 144 3151 beati
166 3087 335 3153 Benedicti
359 3090 505 3172 regulam
530 3099 563 3153 et
590 3091 826 3155 institutionem
850 3091 1111 3156 Cisterciensium
1143 3090 1277 3154 fratrum
1309 3089 1431 3153 ibidem
1464 3090 1629 3152 institutus
1660 3109 1732 3152 esse

54 3177 242 3254 dinoscitur,
265 3180 432 3261 perpetuis
455 3179 575 3243 ibidem
599 3181 805 3262 temporibus
827 3180 1056 3244 inviolabiliter
1078 3179 1277 3243 observetur.
1325 3178 1485 3254 Preterea,
1508 3197 1732 3260 quascumque

54 3269 291 3349 possessiones,
307 3269 611 3351 quecumquebona
625 3271 712 3333 idem
723 3272 955 3335 monasterium
969 3272 1001 3332 in
1015 3269 1251 3352 presentiarum
1266 3269 1351 3333 iuste
1361 3275 1394 3332 et
1411 3269 1568 3332 canonice
1582 3268 1733 3350 possidet

55 3365 110 3419 aut
120 3357 153 3419 in
163 3356 306 3420 futurum
317 3361 530 3422 concessione
540 3359 740 3442 pontificum,
753 3359 925 3442 largitione
935 3379 1048 3441 regum
1059 3358 1110 3421 vel
1120 3359 1314 3441 principum,
1329 3356 1653 3422 oblationefidelium
1674 3377 1731 3420 seu

54 3445 126 3509 aliis
142 3447 233 3508 iustis
250 3448 366 3524 modis,
384 3455 550 3530 prestante
566 3449 711 3525 domino,
728 3450 849 3531 poterit
864 3449 1010 3531 adipisci,
1026 3448 1119 3511 firma
1134 3447 1228 3510 vobis
1244 3449 1425 3527 vestrisque
1441 3447 1683 3511 successoribus
1699 3453 1733 3510 et

55 3534 179 3598 illibata
201 3545 423 3618 permaneant.
461 3538 497 3600 In
521 3537 638 3617 quibus
661 3539 721 3601 hec
738 3539 876 3623 propriis
892 3538 1047 3601 duximus
1069 3537 1282 3618 exprimenda
1297 3535 1475 3613 vocabulis,
1492 3536 1599 3599 locum
1616 3537 1732 3618 ipsum,

55 3626 89 3687 in
120 3645 187 3706 quo
219 3624 380 3707 prefatum
415 3627 645 3691 monasterium
679 3630 776 3691 situm
810 3638 875 3704 est,
908 3649 981 3691 cum
1011 3626 1164 3690 omnibus
1196 3626 1400 3708 pertinentiis
1431 3627 1506 3702 suis,
1538 3624 1646 3688 locum
1675 3627 1732 3707 qui

56 3722 192 3777 vocatur
213 3714 370 3777 Brudium
395 3735 468 3779 cum
498 3718 701 3798 pertinentiis
725 3719 804 3792 suis,
837 3721 868 3780 in
897 3717 972 3780 loco
1004 3718 1059 3796 qui
1092 3716 1212 3778 dicitur
1240 3714 1476 3779 Domuslascus
1516 3722 1592 3778 octo
1622 3714 1732 3796 iugera

57 3812 142 3888 terre
165 3811 198 3865 et
221 3804 303 3866 duas
326 3806 475 3887 perticas,
504 3808 661 3887 quicquid
685 3807 824 3870 ecclesia
846 3809 948 3869 sancti
972 3805 1127 3868 Domnini
1150 3803 1296 3868 habebat
1318 3805 1349 3866 in
1373 3803 1586 3878 Cancellasio,
1618 3822 1733 3867 omnes

58 3900 159 3955 terras
181 3891 250 3956 illas
274 3913 356 3974 quas
380 3894 510 3957 illustris
533 3897 583 3958 vir
599 3895 800 3959 Pelavicinus
824 3893 970 3959 marchio
987 3914 1139 3958 unacum
1158 3913 1260 3957 uxore
1277 3902 1310 3956 et
1325 3893 1398 3957 filiis
1414 3895 1488 3967 suis,
1512 3903 1546 3956 et
1562 3891 1732 3956 Conradus

59 3981 316 4046 Cavalcabovem
341 3982 487 4046 marchio
511 4004 584 4047 cum
608 4005 666 4047 sua
690 4005 793 4048 uxore
817 3992 850 4048 et
865 3983 978 4047 vasalli
999 3986 1146 4066 ipsorum
1163 3981 1394 4059 marchionum,
1418 3991 1451 4045 et
1467 3982 1605 4046 ecclesia
1620 3990 1732 4069 sancte

59 4072 161 4156 Marie
184 4072 226 4134 de
242 4070 438 4148 Castillione,
462 4081 496 4136 et
519 4073 657 4137 ecclesia
680 4076 722 4137 de
738 4073 947 4150 Florentiola,
971 4082 1004 4136 et
1027 4073 1144 4136 nobilis
1160 4072 1207 4135 vir
1228 4071 1361 4154 signifer
1383 4072 1570 4136 Placentine
1586 4072 1732 4147 civitatis,

60 4169 92 4223 et
116 4160 323 4224 Malcoredus
352 4163 592 4237 vicedominus,
625 4171 658 4225 et
688 4162 790 4227 Fulco
822 4164 1012 4239 advocatus,
1043 4163 1165 4225 Bonizo
1196 4162 1239 4224 de
1263 4159 1407 4237 Andito,
1439 4160 1617 4244 Ardengus
1647 4163 1733 4225 vice·

60 4251 218 4326 dominus,
252 4248 427 4314 Grimerius
459 4259 492 4314 et
521 4251 743 4316 Boiamundus
774 4253 993 4328 vicecomites
1027 4261 1060 4314 et
1090 4250 1240 4325 Gilentio,
1272 4252 1474 4326 Bernardus,
1507 4250 1669 4314 Iohannes
1700 4259 1734 4314 et

61 4337 192 4412 Calvus,
224 4337 337 4402 fratres
368 4339 424 4404 filii
455 4338 556 4403 Salvii
579 4340 772 4418 ArditioniS,
802 4343 909 4406 Malus
940 4362 1068 4424 patena,
1101 4340 1276 4404 Rainaldus
1306 4342 1432 4416 surdus,
1463 4348 1497 4402 et
1520 4339 1673 4403 Malacria
1700 4348 1734 4404 et

61 4427 116 4490 filii
138 4427 288 4504 Rainerii,
313 4430 462 4510 predicte
486 4431 624 4494 civitatis
647 4431 783 4507 nobiles,
815 4452 872 4495 seu
896 4431 946 4494 alii
971 4451 1086 4494 omnes
1109 4431 1189 4494 boni
1213 4431 1272 4492 viri
1296 4431 1406 4493 eidem
1436 4428 1511 4492 loco
1542 4428 1733 4493 devocionis

62 4519 172 4579 intuitu
197 4516 247 4580 vel
271 4520 473 4582 vendicionis
496 4539 554 4583 seu
572 4516 779 4607 [concam]bii
800 4530 899 4603 atque
916 4516 1204 4607 [commuta]tionis
1220 4521 1325 4601 gratia
1351 4518 1575 4593 contulerunt;
1613 4519 1732 4594 locum,

63 4606 115 4686 qui
128 4614 262 4669 vocatur
278 4603 526 4693 [Morenaschus
543 4630 617 4673 cum
634 4607 853 4697 pertinen]tiis
869 4611 941 4685 suis,
958 4609 1124 4692 grangiam
1142 4610 1185 4671 de
1201 4604 1409 4694 Cancella[fro
1425 4629 1499 4672 cum
1516 4604 1733 4694 pertinen]tiis

62 4697 133 4770 suis,
154 4698 321 4778 grangiam
346 4698 389 4761 de
405 4695 563 4784 Careto(?)
587 4719 661 4762 cum
684 4703 888 4781 pertinentiis
911 4700 985 4774 suia,
1009 4701 1178 4781 grangiam
1201 4699 1244 4761 de
1260 4698 1412 4780 Salezeto
1435 4718 1510 4761 cum
1528 4700 1733 4779 pertinentiis

63 4787 141 4862 suis,
177 4786 313 4849 domum
346 4787 508 4852 Cremone
538 4790 642 4863 sitam,
676 4809 740 4870 que
774 4785 858 4875 [fu]it
881 4784 1073 4875 [Domnino]
1106 4789 1149 4850 de
1179 4789 1300 4870 Burgo,
1331 4807 1397 4870 que
1427 4789 1538 4850 omnia
1571 4783 1732 4874 [nimirum

64 4875 204 4938 eiusdem
234 4874 298 4939 loci
329 4872 494 4962 fratri]bus
525 4881 636 4958 quieta
668 4887 701 4940 et
732 4879 834 4942 libera
866 4887 900 4941 et
929 4878 971 4941 ab
1003 4879 1092 4940 omni
1123 4877 1259 4940 seculari
1292 4879 1467 4940 exactione
1503 4885 1631 4940 remota
1660 4897 1732 4940 esse

64 4965 248 5027 sanccimus.
295 4960 486 5052 [Quicquid]
509 4967 603 5031 vobis
627 4975 660 5030 et
683 4971 882 5031 monasterio
897 4975 1006 5030 vestro
1031 4986 1222 5030 concessum
1238 4967 1321 5030 infra
1336 4966 1500 5041 terminos,
1516 4967 1558 5030 ab
1574 4965 1733 5042 Arduino,

66 5054 147 5117 bone
177 5057 336 5117 memorie
368 5057 544 5138 episcopo,
578 5055 667 5119 clero
698 5066 731 5120 et
763 5057 888 5139 populo
921 5055 1110 5119 Placentino
1142 5056 1327 5139 specialiter
1363 5057 1553 5138 designatos
1592 5064 1734 5135 atquea

65 5144 192 5206 lotario
222 5140 322 5206 felicis
353 5147 510 5208 memorie
548 5148 655 5221 tertio,
683 5145 908 5210 Romanorum
940 5146 1152 5228 imperatore,
1186 5145 1405 5221 confirmatos,
1436 5144 1508 5208 sore
1546 5144 1733 5219 dinoscitur,

66 5231 214 5295 sciliceta
230 5231 314 5309 locu,
332 5235 386 5315 qui
404 5234 522 5297 dicitur
536 5234 725 5312 Barastalla,
742 5254 846 5315 usque
862 5236 905 5298 ad
921 5232 1065 5308 Seolum,
1083 5230 1128 5320 [et
1143 5255 1162 5298 a
1178 5230 1293 5320 Se]olo
1310 5255 1413 5316 usque
1430 5235 1472 5296 ad
1489 5233 1733 5309 Florentiolam,

67 5329 96 5384 et
116 5341 133 5384 a
148 5319 345 5384 Florentiola
368 5343 472 5402 usque
495 5324 538 5386 ad
561 5323 864 5400 Basilicamducem,
888 5332 922 5388 et
937 5345 956 5387 a
972 5322 1191 5387 Basilicaduce
1212 5325 1372 5404 usquead
1389 5332 1537 5387 sanctum
1553 5323 1733 5399 Andream,

67 5418 98 5473 et
122 5431 141 5472 a
167 5419 282 5473 sancto
305 5411 442 5475 Andrea
474 5433 578 5492 usque
608 5414 651 5476 ad
681 5415 864 5495 predictum
888 5413 1104 5476 Barastallum
1136 5411 1365 5476 nichilominus
1397 5413 1503 5476 eidem
1536 5413 1733 5477 monasterio

68 5499 295 5564 confirmamus.
342 5499 559 5565 Prohibemus
582 5505 690 5576 etiam,
721 5512 757 5566 ut
787 5504 867 5566 infra
891 5504 1092 5585 prescriptos
1112 5505 1277 5583 vterminos
1309 5502 1397 5566 nulla
1421 5502 1561 5566 ecclesia
1584 5503 1734 5584 quolibet

68 5597 207 5674 tempore
238 5598 444 5654 construatur
466 5591 618 5671 nullaque
641 5593 796 5656 secularis
819 5591 977 5658 habitatio
1001 5591 1065 5667 fiat,
1090 5591 1244 5674 quicquid
1269 5595 1368 5656 etiam
1392 5592 1537 5675 prefatus
1559 5592 1733 5675 episcopus

218 5777 244 5842 ι)
269 5776 346 5842 vaga
365 5777 402 5826 aa
424 5777 543 5828 avana
560 5794 615 5828 vom
634 5781 665 5829 n
688 5778 749 5844 Jua·
767 5781 842 5828 1144.
914 5783 940 5843 ι)
963 5775 1042 5846 Jaffa
1062 5779 1118 5846 neg.
1139 5781 1213 5830 arse.
1287 5781 1314 5846 3)
1337 5777 1454 5832 uram
1466 5794 1521 5834 vom
1535 5781 1568 5833 ro
1580 5779 1643 5838 rvov.
1658 5781 1733 5836 1154.
