4126 6366
534 500 555 578 †
578 501 651 580 Ego
676 497 832 562 Nicolaus
854 503 966 560 sancte
989 497 1093 560 Marie
1117 500 1149 561 in
1174 498 1367 581 Cosmydyn
1393 498 1550 561 diaconus
1573 498 1746 561 cardinalis
1769 519 1810 562 ss.

536 587 555 672 †
580 590 653 670 Ego
678 589 854 671 Gregorius
877 588 981 650 sancti
1006 585 1127 668 Angeli
1152 589 1311 651 diaconus
1336 588 1509 650 cardinalis
1532 606 1571 648 ss.

482 676 558 740 Dat.
574 679 690 754 Rome,
715 677 804 758 apud
827 688 975 739 sanctum
999 677 1139 752 Petrum,
1164 698 1224 759 per
1246 697 1379 740 manum
1396 677 1514 758 Egidii‚
1539 679 1642 739 sancti
1660 675 1788 740 Nicolai
1814 679 1846 740 in
1872 675 2010 740 carcere

322 767 473 828 Tulliano
498 768 627 830 diaconi
653 767 833 830 cardinalis
871 779 923 828 1111
939 764 992 828 Kl.
1009 764 1193 847 Septembr.
1232 767 1416 829 Indictione
1439 779 1529 828 lxna.
1575 766 1811 830 lucarnationis
1836 767 2011 830 dominice

323 876 410 918 anno
434 867 553 919 Mcxct
600 856 812 920 Pontificatus
835 876 913 917 vcro
938 854 1051 918 domni
1077 855 1268 919 CELESTINI
1292 876 1349 938 pp.
1373 857 1458 919 tertii
1483 875 1570 918 anno
1594 856 1710 936 primo.
1734 891 1778 902 -

486 970 538 1030 On,
558 971 584 1020 E
606 971 647 1019 VI.
667 973 724 1030 187,
743 971 770 1020 in
787 971 829 1019 der
847 969 910 1018 niti.
935 969 1055 1034 Chrgr'ana
1073 986 1103 1019 au
1121 973 1191 1021 Rom.
1929 1005 1936 1012 -

485 1042 556 1108 Perg.
574 1043 634 1101 ilat,
654 1043 690 1092 br.
709 1044 793 1101 0,485,
811 1043 872 1106 lang
890 1043 975 1100 0‚515,
995 1048 1068 1091 umen
1088 1043 1132 1091 das
1155 1043 1356 1108 Umgesclilagene
1373 1040 1419 1090 mit
1435 1041 1478 1090 der
1498 1040 1665 1106 Plumbirung
1680 1042 1855 1108 abgesclmittm
1878 1043 1942 1092 und
1956 1058 2014 1091 ver-

321 1116 394 1172 torrn,
414 1114 524 1178 Fanung
541 1114 583 1162 der
600 1115 698 1167 Bullen.
735 1113 870 1178 Ringkreuz
886 1113 979 1162 ΜΕ
999 1114 1041 1161 der
1062 1113 1226 1178 Untersclm'st
1242 1115 1309 1163 uutl
1323 1129 1371 1162 von
1389 1119 1462 1161 etwas
1485 1112 1588 1161 anderer
1605 1114 1680 1161 Dinte
1697 1115 1735 1161 als
1760 1114 1804 1162 das
1825 1113 1947 1179 UebrngG
1975 1115 2015 1162 die

322 1187 453 1249 Datirung
475 1201 529 1234 vom
547 1185 844 1249 Hauprkorpersctreiter,
863 1185 908 1232 das
925 1185 947 1233 E
966 1185 1006 1233 des
1027 1184 1129 1250 Egidr'm
1154 1186 1228 1236 dorin
1255 1187 1439 1249 nactgttragrn.
1474 1184 1523 1232 Die
1549 1183 1729 1249 Zcugcrrfirmen
1754 1201 1802 1235 von
1825 1186 2016 1236 verscsictmn

322 1256 402 1306 Ifnnd
417 1257 473 1304 md
487 1257 570 1316 Dinte,
589 1257 627 1306 dic
644 1258 684 1307 des
702 1256 830 1307 Diakorun
852 1256 954 1321 Gregors
971 1256 1006 1305 tit.
1027 1257 1053 1306 S.
1074 1256 1155 1306 Marte
1172 1257 1199 1306 in
1219 1257 1317 1306 Portica
1336 1257 1363 1306 in
1377 1271 1472 1320 gratier
1489 1255 1565 1304 Dicte
1582 1257 1735 1320 ausgcfitlirt,
1761 1257 1807 1306 das
1823 1257 1912 1306 Kretea
1931 1259 2017 1308 (ἰσων

279 1326 282 1335 ’
322 1329 348 1377 in
366 1329 480 1379 brunner.

1068 1507 1134 1582 Nr.
1162 1511 1251 1582 443.

327 1637 466 1703 (blestin
481 1639 549 1704 ΠΙ
566 1641 757 1725 beauftragt
779 1639 831 1704 tte
853 1641 1008 1722 Bisclzise
1028 1662 1089 1704 von
1113 1639 1221 1722 Segni,
1244 1638 1378 1721 Anagni
1399 1639 1472 1702 und
1492 1638 1673 1712 Ferentino,
1692 1657 1801 1722 gagen
1823 1633 2015 1720 dz'e‘jenigeu

323 1729 413 1794 iliter
437 1730 769 1815 Psarrangelziirrgen,
792 1731 913 1794 welche
939 1731 1001 1794 das
1023 1729 1153 1794 Kloster
1174 1729 1242 1792 San
1265 1729 1373 1792 Patro
1397 1726 1439 1791 dz'
1468 1726 1675 1810 Villamagna
1701 1727 1758 1806 [D.
1779 1724 1933 1808 Anagni)
1960 1726 2014 1790 bc-

792 1819 941 1900 drzickerq
957 1821 1020 1883 mit
1034 1819 1308 1898 Kirclrenstrasen
1323 1817 1531 1899 voraugehen.

827 1937 909 1998 1191
931 1933 1061 2000 October
1075 1937 1130 1998 25.
1163 1933 1197 1998 S.
1216 1935 1310 1997 Peter
1323 1955 1384 1997 von
1401 1933 1492 1998 Rom.

482 2053 663 2116 Celestinus
687 2055 871 2135 episcopus,
907 2074 1019 2116 servus
1042 2072 1210 2114 servorum
1234 2051 1303 2126 dei,
1334 2051 1576 2114 venerabilibus
1600 2049 1761 2125 fratribus
1784 2044 1911 2131 P(etro)
1937 2048 2013 2130 Sig-

321 2142 456 2217 ninensi,
486 2139 648 2226 I(ohanni)
671 2141 898 2225 Anagninensi
924 2154 957 2206 et
979 2137 1174 2226 B(ernardo)
1197 2141 1457 2203 Ferentinatensi
1482 2141 1663 2221 episcopis,
1694 2139 1833 2201 salutem
1866 2149 1901 2200 et
1929 2159 2013 2219 apo

321 2231 472 2294 stolicam
503 2232 780 2294 benedictionem.
832 2231 914 2295 Cum
946 2232 1132 2312 specialiter
1162 2231 1263 2292 simus
1292 2231 1449 2292 universis
1481 2230 1626 2292 ecclesiis
1659 2228 1842 2302 debitores,
1875 2227 2013 2290 illarum

323 2321 423 2400 quieti
448 2321 638 2403 precipuam
664 2321 822 2384 debemus
846 2341 956 2383 curam
973 2320 1174 2402 impendere,
1199 2339 1263 2401 que
1280 2319 1322 2382 ad
1337 2319 1524 2382 Romanam
1541 2319 1711 2382 ecclesiam
1729 2315 1818 2380 nullo
1835 2317 2014 2379 mediante

322 2410 486 2488 pertinent
509 2421 542 2472 et
565 2421 640 2473 sunt
664 2411 816 2492 exposite
838 2410 1002 2472 violentiis
1033 2409 1260 2491 malignorum.
1307 2407 1389 2471 Inde
1421 2418 1471 2471 est
1501 2409 1629 2490 utique,
1662 2407 1761 2488 quod,
1786 2425 1862 2468 cum
1893 2406 2014 2468 dilecti

320 2498 376 2560 filii
401 2501 512 2575 nostri,
543 2495 730 2586 l(ohannes)
769 2499 874 2563 abbas
912 2509 945 2562 et
978 2499 1091 2562 fratres
1127 2497 1231 2561 sancti
1264 2497 1349 2561 Petri
1388 2497 1430 2560 de
1460 2494 1678 2578 Villamagna,
1711 2493 2014 2578 parrochianorum

320 2597 501 2651 vestrorum
525 2599 558 2651 et
581 2589 717 2651 aliorum
742 2589 842 2652 etiam
866 2588 1137 2670 oppressionibus
1161 2588 1271 2668 sepius
1295 2586 1442 2649 indebite
1477 2586 1668 2668 fatigentur,
1699 2606 1761 2648 nos
1791 2605 1906 2647 eorum
1933 2585 2013 2666 paci

320 2677 494 2757 providere
523 2678 689 2755 volentes,
731 2678 923 2740 fraternitati
955 2685 1062 2740 vestre
1094 2697 1155 2759 per
1186 2676 1369 2757 apostolica
1399 2676 1521 2757 scripta
1551 2675 1767 2758 precipiendo
1799 2675 2013 2748 mandamus

321 2774 491 2846 quatenus,
523 2767 548 2828 si
589 2769 643 2848 qui
677 2787 720 2830 ex
751 2767 976 2847 parrochianis
1005 2767 1120 2830 vestris
1153 2785 1267 2828 eorum
1300 2764 1476 2828 claustrum
1507 2765 1647 2840 violare,
1689 2764 1843 2827 animalia
1873 2763 2014 2826 illorum

320 2854 493 2932 abducere,
524 2855 674 2919 homines
698 2877 825 2938 capere,
858 2857 968 2918 villam
992 2875 1066 2918 cum
1090 2857 1159 2919 eius
1182 2854 1372 2918 hominibus
1396 2865 1429 2916 et
1453 2853 1649 2917 animalibus
1683 2853 1856 2916 molestare
1879 2861 2013 2915 temere

320 2946 595 3024 attemptaverint,
623 2967 684 3008 vos
708 2966 773 3020 eos,
799 2945 868 3020 nisi,
892 2956 1070 3026 postquam
1095 2967 1114 3008 a
1136 2945 1288 3027 predicto
1319 2944 1442 3007 abbate
1466 2951 1499 3006 et
1523 2944 1675 3006 fratribus
1699 2942 1824 3005 fueritis
1847 2943 2012 3022 requisiti,

320 3033 404 3094 infra
426 3034 567 3096 triduum
602 3035 644 3098 de
675 3034 828 3116 dampnis
860 3045 893 3096 et
916 3034 1046 3096 iniuriis
1070 3034 1300 3109 satisfecerint,
1332 3033 1465 3115 publice
1497 3031 1850 3096 excommunicationis
1873 3031 2012 3093 uinculo

321 3123 507 3203 astringatis
537 3135 570 3186 et
602 3124 743 3198 faciatis,
776 3124 883 3186 donec
915 3123 976 3186 illis
1007 3143 1151 3204 congrue
1182 3123 1386 3185 satisfactum
1411 3123 1519 3197 fuerit,
1551 3123 1686 3185 firmiter
1709 3122 1831 3184 evitari.
1856 3153 1900 3164 -
1927 3122 2010 3182 Dat.

320 3210 426 3274 Rome
450 3213 538 3293 apud
562 3221 712 3276 sanctum
735 3213 874 3288 Petrum,
898 3226 962 3276 VIII
986 3213 1039 3276 Kl.
1064 3212 1272 3276 Novembris.
1320 3211 1535 3275 Pontificatus
1559 3212 1661 3274 nostri
1686 3231 1774 3272 anno
1798 3211 1919 3292 primo.

479 3325 605 3392 Abschnst
623 3327 663 3376 des
681 3325 823 3376 Bullarr‘um
841 3341 901 3380 saec.
920 3326 989 3376 XIV
996 3333 1023 3390 p.
1045 3327 1102 3386 116,
1122 3325 1155 3374 im
1174 3325 1289 3374 Arciivio
1313 3325 1450 3390 Capitolare
1467 3341 1498 3374 ru
1514 3325 1620 3392 Anagni.

1066 3503 1132 3578 Nr.
1160 3505 1250 3578 444.

325 3636 464 3702 colestia
480 3639 547 3704 III
558 3639 709 3704 verbietet
722 3659 762 3702 zu
781 3637 923 3702 Gunsten
938 3637 1000 3700 der
1011 3633 1131 3700 Kr'rctze
1143 3636 1189 3700 St.
1201 3635 1364 3719 Artgustin
1379 3639 1423 3718 of
1434 3636 1640 3717 Canterbury,
1655 3637 1733 3702 dass
1746 3637 1851 3700 Laien
1860 3637 2012 3718 gnoisse

937 3725 1082 3792 Zehnten
1098 3747 1158 3790 von
1175 3725 1231 3790 ihr
1244 3725 1387 3791 erheben.

895 3843 977 3905 1191
992 3841 1169 3905 December
1182 3844 1239 3905 22.
1272 3842 1421 3905 Laterani.

481 3958 703 4024 CELESTINUS
727 3961 912 4042 episcopus,
943 3979 1054 4022 servus
1078 3979 1244 4022 servorum
1269 3959 1337 4035 dei,
1371 3957 1499 4020 dilectis
1523 3958 1596 4021 filiis
1621 4008 1627 4020 .
1653 4008 1659 4020 .
1685 3957 1846 4044 abbatia)
1871 3971 1905 4022 et
1930 3981 2008 4023 con·

320 4049 430 4112 ventui
455 4050 559 4111 sancti
583 4048 759 4131 Augustini
781 4045 785 4134 1
807 4048 1061 4124 cantuariensis,
1095 4048 1233 4111 salutem
1268 4058 1302 4111 et
1332 4047 1553 4130 apostolicam
1584 4048 1861 4112 benedictionem.
1908 4049 2008 4112 Intel-

321 4139 477 4212 leximus,
511 4138 601 4220 quod
632 4159 699 4201 non
731 4159 904 4220 possumus
935 4140 1004 4201 sine
1033 4138 1248 4200 admiratione
1276 4147 1308 4200 et
1332 4138 1430 4199 animi
1452 4133 1457 4219 Ι
1478 4137 1703 4200 commotione
1727 4139 1879 4214 recolere,
1913 4139 2008 4220 quod

322 4227 465 4308 quedam
488 4228 649 4290 seculares
673 4247 813 4308 persone
837 4228 997 4302 decimas,
1030 4247 1093 4308 que
1117 4227 1259 4309 propriis
1290 4226 1401 4290 usibus
1425 4227 1540 4288 vestris
1572 4227 1729 4309 deputate
1759 4238 1852 4302 sunt,
1888 4235 2009 4309 utpote

322 4316 468 4379 decimas
491 4316 532 4378 de
557 4316 684 4380 duabus
708 4316 933 4380 mansionibus
958 4317 999 4379 de
1023 4315 1207 4378 Mildetuno
1227 4312 1256 4399 b)
1280 4325 1313 4379 et
1336 4315 1378 4378 de
1394 4316 1594 4378 Fauresham
1619 4326 1653 4378 et
1676 4316 1822 4380 decimas
1844 4328 2007 4379 terramm

322 4405 457 4468 dominii
489 4406 592 4487 regis,
624 4405 709 4486 prati
733 4413 766 4468 et
789 4405 877 4481 silve,
908 4406 977 4468 sive
1008 4406 1135 4468 noviter
1165 4405 1355 4487 redigantur
1378 4404 1421 4467 ad
1445 4403 1614 4483 culturam,
1638 4406 1708 4469 sive
1738 4426 1821 4482 non,
1854 4427 1940 4487 quas
1965 4407 2007 4468 de

322 4495 407 4558 clare
431 4495 589 4557 memorie
613 4493 777 4572 willelmi,
807 4493 994 4576 Anglorum
1017 4495 1110 4576 regis,
1143 4503 1176 4557 et
1205 4514 1338 4558 suorum
1368 4495 1613 4558 succedentium
1647 4494 1827 4558 donatione
1859 4502 1893 4558 et
1915 4497 2006 4559 sedis

321 4583 504 4665 apostolice
527 4584 777 4647 confirmatione
802 4584 929 4648 debetis
952 4583 1083 4660 habere,
1118 4590 1151 4646 et
1182 4583 1261 4646 alias
1292 4585 1452 4665 quasdam
1485 4594 1600 4648 eontra
1632 4586 1758 4670 divinas
1789 4579 2005 4670 sa(n)ctiones

321 4684 452 4755 patrum
476 4683 662 4736 nostrorum
686 4683 719 4736 et
741 4673 892 4737 Romane
920 4673 1056 4736 ecclesie
1088 4673 1259 4756 privilegia
1289 4673 1460 4755 percipere
1490 4694 1557 4737 non
1581 4681 1739 4738 verentur.
1785 4675 2004 4738 Decemimus

322 4783 400 4845 ergo
424 4773 458 4825 et
480 4763 540 4825 sub
565 4763 830 4826 interminatione
854 4762 1071 4826 anathematis
1093 4762 1286 4838 inhibemus
1311 4783 1353 4825 ne
1375 4761 1537 4826 seculares
1560 4784 1701 4844 persone
1725 4765 1870 4826 decimas
1891 4783 2003 4846 supra-

322 4852 427 4915 dictas
450 4858 507 4914 aut
529 4851 608 4915 alias
632 4873 711 4914 ausu
736 4854 907 4916 temerario
931 4853 1063 4934 exigere
1087 4851 1232 4914 debeant
1262 4852 1314 4914 vel
1339 4852 1483 4934 aliquam
1505 4853 1602 4916 vobis
1624 4874 1724 4934 super
1746 4853 1792 4916 eis
1816 4853 2003 4916 molestiam

322 4941 528 5023 aliquatenus
558 4942 708 5023 irrogare.
755 4942 843 5004 Nulli
876 4963 953 5024 ergo
987 4941 1123 5005 omnino
1154 4940 1325 5004 hominum
1349 4941 1461 5018 liceat,
1494 4942 1579 5005 hanc
1608 4944 1765 5025 paginam
1789 4953 1902 5006 nostre
1925 4963 2001 5006 con-

321 5030 500 5093 stitutionis
532 5040 566 5093 et
597 5030 801 5094 inhibitionis
839 5032 1013 5114 infringere
1048 5030 1101 5093 vel
1133 5031 1162 5092 ei
1193 5050 1272 5094 ausu
1303 5033 1477 5094 temerario
1508 5033 1680 5096 contraire.
1726 5032 1761 5096 Si
1794 5033 1868 5113 quis
1891 5043 2000 5096 autem

321 5120 385 5183 hoc
422 5130 619 5201 attemptare
650 5123 900 5202 presumpserit,
935 5121 1196 5202 indignationem
1227 5121 1465 5202 omnipotentis
1500 5121 1551 5184 dei
1583 5132 1616 5185 et
1646 5122 1820 5185 beatorum
1850 5122 1938 5185 Petri
1969 5127 2001 5182 et

320 5209 419 5285 Pauli,
440 5206 444 5292 Ι
471 5208 696 5290 apostolorum
713 5210 789 5285 eius,
813 5231 848 5274 se
865 5211 991 5273 noverit
1006 5211 1216 5272 incursurum.
1240 5244 1285 5255 -
1307 5210 1384 5273 Dat
1399 5211 1561 5284 Laterani,
1584 5225 1622 5274 xt
1645 5210 1699 5274 Kl.
1725 5211 1872 5274 Ianuarii.
1893 5209 1898 5294 1
1916 5212 1998 5273 Pon·

320 5297 460 5362 tificatus
483 5299 583 5361 nostri
609 5320 696 5362 anno
720 5301 837 5382 primo.

483 5411 526 5461 Or.
545 5411 579 5462 im
596 5413 711 5464 Archivio
730 5414 825 5479 Segreto
842 5413 882 5463 des
905 5411 1017 5462 Vaticans
1034 5427 1064 5461 au
1081 5413 1151 5462 Rom.

320 5555 430 5622 ΜΨ
446 5483 629 5606 ἄηΡιέἱὲυίὲῖᾸ,
657 5485 693 5536 br.
718 5487 899 5546 qam-ona,
925 5486 984 5551 lang
1010 5485 1078 5546 0,19‚
1104 5491 1181 5536 urum
1207 5485 1286 5545 0,οῊ
1312 5487 1502 5552 umgescttagen,
1531 5487 1631 5536 Sctnur
1655 5485 1712 5536 rard
1733 5483 1859 5551 Bleriicgel
1882 5485 1995 5542 virm

479 5725 504 5790 a)
525 5723 647 5773 Zwuctm
664 5724 710 5774 dm
727 5723 808 5774 beiden
828 5723 938 5773 Ratktm
956 5724 1041 5773 Raucr
1110 5723 1138 5791 b)
1156 5723 1296 5773 Mildetun’.
