4142 6366
324 355 391 421 244

1066 525 1132 600 Nr.
1153 529 1247 627 ἷ249.

322 660 506 724 Alexander
522 658 585 722 III
595 657 724 742 befielelt
735 657 797 720 den
823 655 1089 738 Weltgee'stle‘cleen
1102 679 1164 721 von
1180 658 1300 740 Poggio
1317 657 1493 742 Imperr'ale
1508 655 1549 720 dl
1561 658 1705 736 Fe’renae,
1726 657 1796 720 sicle
1811 676 1926 738 wegen
1941 655 2003 718 der

323 749 518 814 Strer'tsaclee
542 749 603 810 me't
626 747 700 810 dem
729 745 858 810 Klester
881 767 942 809 reon
959 747 1080 830 Poggio
1100 747 1278 832 Imperiale
1302 747 1472 830 endgr'r'ltig
1491 768 1551 810 ner
1574 746 1707 810 Gericlet
1726 767 1766 809 ere
1788 745 1916 822 stellere,
1938 743 2001 806 das

324 840 483 923 Hospital
505 858 565 902 ven
597 834 766 901 Calcinae'a
792 833 881 899 ne'elet
906 836 1378 1010 lwdelggllllslllln¹fnd
1397 837 1459 901 den
1481 857 1543 900 ven
1567 837 1661 900 ihren
1683 835 2001 899 Erremmunicirten

824 1043 1037 1106 1173-1176
1052 1041 1236 1125 September
1255 1045 1306 1106 18.
1351 1041 1495 1125 Anagnl.

484 1173 673 1237 Alexander
702 1176 896 1257 episcopus,
923 1195 1035 1237 servus
1065 1195 1234 1238 servorum
1264 1176 1327 1250 dei,
1358 1175 1488 1238 dilectis
1519 1174 1600 1251 filiis,
1632 1172 1775 1256 plebano
1807 1181 1842 1235 et
1874 1171 2003 1234 clericis

324 1264 429 1347 plebis
443 1265 662 1336 Marturensis,
674 1263 812 1326 salutem
826 1273 859 1327 et
874 1263 1089 1346 apostolicam
1106 1263 1380 1329 benedictionem.
1412 1265 1568 1328 Miramur
1577 1263 1753 1346 plurimum
1767 1271 1799 1325 et
1816 1281 2001 1336 movemur,

324 1355 424 1436 quod,
446 1373 520 1415 cum
544 1373 682 1426 causam,
707 1372 771 1433 que
794 1355 878 1416 inter
893 1373 952 1416 vos
968 1361 1001 1415 et
1016 1353 1154 1417 dilectos
1170 1353 1251 1416 filios
1268 1362 1406 1431 nostros,
1431 1352 1585 1417 abbatem
1602 1361 1635 1416 et
1650 1352 1765 1415 fratres
1784 1353 2003 1416 Marturensis

325 1443 518 1516 monasterii,
548 1444 697 1515 vertitur,
732 1442 860 1505 dilectis
890 1441 962 1505 filiis
994 1445 1130 1519 nostris,
1163 1443 1438 1526 archipresbitero
1457 1441 1485 1528 a)
1517 1442 1714 1505 Vulterrano
1745 1450 1779 1504 et
1810 1441 1927 1504 abbati
1959 1441 2002 1503 de

324 1530 472 1614 Spongia
488 1529 521 1616 ²),
553 1533 830 1594 commisissemus
856 1531 920 1594 fine
951 1532 1067 1595 debito
1091 1533 1328 1596 terminandam
1360 1541 1393 1595 et
1423 1532 1527 1596 abbas
1552 1540 1585 1595 et
1609 1531 1724 1593 fratres
1748 1533 1853 1612 parati
1878 1538 2002 1604 essent,

325 1621 478 1683 iudicium
512 1639 622 1682 eorum
655 1621 777 1694 subire,
809 1623 836 1683 si
859 1641 918 1683 vos
942 1621 987 1683 eis
1017 1642 1115 1704 super
1146 1622 1380 1704 questionibus,
1410 1641 1491 1704 quas
1522 1623 1677 1684 adversus
1706 1640 1765 1682 vos
1796 1627 2002 1702 proponunt,

324 1708 489 1772 deberetis
512 1709 542 1770 in
567 1711 743 1772 continenti
758 1711 966 1792 respondere,
982 1731 1050 1786 vos,
1073 1715 1156 1775 sicut
1172 1714 1259 1774 idem
1275 1712 1398 1774 iudices
1413 1711 1478 1773 suis
1494 1711 1591 1774 nobis
1606 1710 1719 1773 litteris
1735 1705 2003 1794 [intimaverunt]

326 1799 358 1861 id
383 1798 514 1863 efficere
544 1797 699 1861 noluistis.
746 1798 859 1875 Unde,
895 1802 1050 1881 quoniam
1081 1803 1213 1864 rationis
1242 1802 1325 1864 ordo
1357 1801 1473 1882 exigit,
1502 1809 1553 1875 ut,
1586 1802 1642 1878 qui
1672 1798 1734 1861 sibi
1758 1799 1826 1861 vult
1858 1798 1903 1861 ab
1937 1797 2002 1860 alio

325 1889 478 1951 iustitiam
495 1889 570 1962 fieri,
595 1890 624 1951 ei
641 1909 706 1951 non
724 1888 853 1963 debeat,
871 1891 960 1970 quod
979 1891 1098 1953 iustum
1115 1899 1173 1966 est,
1190 1886 1386 1976 [denegare]
1403 1890 1724 1958 universitativestre
1738 1907 1798 1970 per
1813 1887 2003 1970 apostolica

324 1979 446 2059 scripta
462 1978 672 2060 precipiendo
689 1980 880 2041 mandamus
898 1988 930 2040 et
947 1980 1133 2043 mandando
1151 1982 1357 2062 precipimus.
1372 1981 1525 2059 quatinus
1540 1981 1678 2052 actione,
1702 1995 1799 2056 quam
1816 1973 2003 2062 ad[versus]

326 2069 492 2149 predictos
516 2065 670 2130 abbatem
694 2076 728 2130 et
750 2068 864 2130 fratres
887 2068 1061 2144 intenditis
1085 2072 1256 2152 proposita
1280 2077 1312 2133 et
1336 2071 1551 2151 responsione
1574 2067 1670 2141 facta,
1694 2067 1802 2129 eidem
1826 2067 1945 2129 abbati
1970 2075 2003 2129 et

325 2156 477 2219 fratribus
500 2176 610 2218 coram
635 2158 792 2238 predictis
814 2156 972 2220 iudicibus
996 2161 1038 2220 in
1052 2159 1229 2222 continenti
1252 2159 1487 2240 respondeatis,
1512 2166 1548 2221 ut
1563 2177 1660 2220 causa
1676 2164 1783 2218 vestra
1800 2166 1832 2218 et
1848 2159 2003 2238 ipsorum

325 2246 464 2308 vicissim
489 2254 565 2326 post
589 2248 723 2308 modum
748 2247 851 2309 audiri
875 2246 996 2309 debeat
1019 2256 1052 2310 et
1074 2249 1247 2311 terminari.
1292 2248 1363 2310 Nos
1388 2250 1475 2310 enim
1500 2247 1625 2310 eisdem
1656 2243 1815 2308 iudicibus
1842 2246 2003 2308 dedimus

325 2336 356 2397 in
381 2334 550 2410 mandatis,
574 2343 609 2396 ut
632 2355 690 2397 vos
713 2337 754 2398 ad
779 2337 812 2398 id
836 2335 1045 2399 efficiendum
1069 2339 1227 2400 instanter
1249 2346 1402 2400 moneant
1429 2345 1463 2400 et
1486 2338 1681 2399 auctoritate
1715 2342 1826 2397 nostra
1849 2335 2003 2397 districte

325 2424 535 2508 compellant.
579 2422 819 2487 Nichilominus
847 2427 944 2487 etiam
968 2426 1062 2489 vobis
1095 2428 1288 2489 mandamus
1321 2446 1426 2508 eaque
1456 2427 1663 2508 precipimus
1694 2433 1730 2486 ut
1759 2422 1929 2505 hospitale
1960 2424 2003 2485 de

325 2514 505 2579 Calcinaria
520 2513 557 2588 ³),
582 2515 671 2592 quod
696 2514 794 2578 beate
817 2515 972 2577 memorie
990 2515 1198 2580 innocencius
1222 2537 1309 2598 papa
1332 2516 1393 2578 sub
1411 2512 1523 2601 [beati]
1540 2515 1625 2577 Petri
1641 2515 1846 2595 protectione
1861 2515 2002 2595 recepit,

325 2606 367 2667 de
391 2614 501 2667 cetero
524 2602 703 2665 nullatenus
726 2603 870 2666 indebite
894 2604 1029 2686 fatigare
1055 2614 1112 2669 aut
1141 2604 1333 2688 perturbare
1363 2604 1616 2684 quomodolibet
1646 2604 1855 2684 presumatis,
1889 2611 1928 2665 et
1961 2604 2004 2665 de

325 2715 375 2769 eo,
399 2694 489 2774 quod
514 2691 694 2755 monachos
717 2701 750 2754 et
773 2691 909 2755 clericos
933 2742 940 2755 .
965 2742 972 2755 .
1029 2743 1036 2756 .
1060 2697 1161 2758 nostri
1180 2692 1209 2779 b)
1233 2696 1429 2770 monasterii,
1459 2697 1514 2776 qui
1539 2692 1583 2756 ibi
1607 2691 1750 2756 officium
1775 2690 2003 2765 celebrabant,

325 2784 611 2848 excommunicare
633 2782 701 2844 ausi
725 2781 836 2856 fuistis,
867 2783 910 2844 ita
933 2803 1075 2866 congrue
1097 2791 1132 2846 et
1154 2784 1299 2867 plenarie
1321 2783 1536 2858 satisfaciatis,
1568 2783 1658 2862 quod
1691 2783 1733 2844 ad
1764 2802 1824 2844 nos
1854 2782 2003 2864 amplius

325 2894 390 2936 non
412 2872 534 2936 debeat
556 2870 742 2934 huiusmodi
768 2871 900 2952 querela
923 2872 1058 2953 perferri
1091 2881 1123 2936 et
1146 2894 1214 2949 vos,
1237 2876 1265 2936 si
1288 2893 1382 2936 secus
1405 2873 1544 2956 egeritis
1570 2871 1736 2954 duplicem
1760 2891 1824 2934 non
1846 2871 2003 2934 debeatis

326 2982 443 3045 penam
461 2969 599 3043 portare.
637 2957 729 3023 Sicut
745 2961 829 3022 enim
846 2982 910 3023 non
926 2959 1036 3024 liceret
1050 2962 1151 3038 vobis
1175 2962 1310 3026 clericos
1326 2962 1457 3026 alterius
1474 2965 1684 3045 episcopatus
1701 2962 2004 3034 excommunicare,

325 3054 370 3114 ita
393 3070 525 3131 quoque
549 3057 581 3112 et
604 3049 708 3112 multo
731 3050 835 3112 minus
858 3049 947 3112 licuit
969 3052 1073 3128 vobis,
1098 3051 1277 3116 monachos
1293 3051 1344 3116 vel
1361 3051 1498 3115 clericos
1518 3059 1648 3114 nostros
1665 3051 2002 3114 excommunicationi

325 3149 380 3203 aut
409 3140 584 3203 interdicto
614 3140 779 3216 subicere,
811 3148 844 3201 et
874 3139 950 3204 ideo
983 3161 1044 3203 nos
1073 3144 1268 3206 sententiam
1299 3144 1405 3225 ipsam
1436 3142 1641 3205 decernimus
1673 3139 1795 3203 nullam
1819 3139 1934 3204 fuisse.
1958 3175 2003 3186 —

324 3229 400 3293 Dat.
424 3228 684 3311 Anagnie,xl111
706 3227 759 3291 Kl.
785 3225 921 3292 Octobr.

483 3342 685 3406 Koptalmtunte
702 3359 757 3392 vom
775 3343 846 3393 Eure
863 3344 903 3392 des
922 3347 952 3394 12
974 3345 1067 3408 Jahrb.
1087 3344 1223 3410 (Benffan'e
1243 3347 1329 3410 1175),
1349 3345 1382 3396 im
1400 3346 1559 3396 Archimedi
1574 3345 1642 3394 State
1659 3361 1688 3393 au
1708 3344 1815 3394 Florena.

485 3415 554 3463 Deire
584 3413 644 3463 Urk.
673 3413 703 3462 ist
719 3415 841 3480 ausgiebig
863 3431 943 3481 tregru
970 3416 1014 3464 der
1039 3417 1218 3467 alreeiclrenderr
1243 3418 1300 3467 und
1320 3419 1356 3467 lei
1377 3420 1467 3469 weltere
1490 3419 1594 3484 weuper
1607 3425 1684 3483 guter
1701 3417 1817 3467 Lesartm
1844 3417 1885 3466 des
1909 3417 2002 3480 Corpus

325 3485 392 3534 Jum's
413 3485 503 3536 Canon.
524 3486 579 3535 und
593 3501 674 3551 wegm
691 3486 734 3535 der
751 3486 893 3553 mpmg,
913 3488 950 3536 dr'e
967 3504 1013 3536 aus
1030 3489 1074 3537 der
1090 3489 1213 3552 protectio
1228 3505 1329 3555 geeogen
1346 3490 1417 3540 utre.

1066 3773 1132 3846 Nr.
1161 3777 1248 3848 250.

323 3900 508 3965 Alexander
522 3903 587 3966 III
597 3903 784 3985 beauftragt
796 3904 851 3968 elie
866 3905 1017 3968 Konsuln
1031 3926 1092 3967 von
1109 3903 1276 3986 Peucenza,
1291 3907 1353 3971 eles
1367 3908 1496 3972 Kloster
1510 3907 1612 3975 Senta
1631 3907 1745 3972 Gizele'a
1760 3909 1798 3970 dr'
1813 3908 1951 3972 Brescr'a
1968 3909 2000 3971 in

323 3992 431 4054 selnen
447 3990 720 4056 Placentine'scleen
735 3994 947 4077 Bese‘teungen
969 3995 1056 4057 ne'elet
1073 4016 1114 4058 ere
1138 3995 1312 4078 beleistigen
1332 3998 1406 4061 und
1425 3998 1604 4061 demselben
1619 3999 1681 4061 das
1702 4019 1763 4060 von
1778 3998 1839 4061 den
1858 3996 1999 4062 Kar'ser-

323 4077 427 4142 le'cleen
452 4091 619 4164 enteegene
646 4081 830 4166 Pedagium
856 4104 896 4146 ere
923 4082 1048 4163 zallen,
1073 4083 1215 4148 schreibt
1240 4087 1343 4166 elenen,
1368 4088 1446 4150 dass
1473 4108 1510 4149 er
1533 4086 1577 4150 W.
1608 4087 1677 4150 renel
1691 4087 1756 4165 Er,
1777 4086 1898 4150 welche
1926 4088 1998 4150 dem

316 4169 523 4251 pdpstle'cleen
549 4169 774 4235 Subdiakonen
802 4172 918 4234 Petrus
941 4171 1074 4235 ‘Gewalt
1098 4174 1264 4256 armathen
1291 4176 1409 4256 leuben,
1444 4174 1531 4240 m'clet
1555 4175 1634 4239 olene
1658 4177 1756 4239 deren
1777 4177 2000 4259 persdnliclees

323 4257 521 4323 Erscleee'nen
544 4260 771 4341 freisprecleen
801 4259 909 4323 leirene.
971 4263 1048 4326 Der
1077 4261 1279 4344 Erebe'scleos
1309 4287 1369 4329 ven
1400 4266 1556 4329 tlfailand
1584 4265 1646 4328 sell
1672 4266 1726 4329 die
1758 4265 1862 4331 Saclee
1892 4276 1999 4329 ureter-

1071 4352 1188 4416 suelren
1207 4355 1248 4432 ⁴).

859 4466 1071 4530 1173-1176
1094 4465 1224 4532 October
1238 4473 1288 4532 17.
1320 4467 1459 4552 Anagne'.

482 4577 674 4640 Alexander
697 4579 880 4662 episcopus
906 4601 1017 4645 servus
1041 4603 1208 4648 servorum
1233 4585 1294 4660 dei,
1325 4587 1453 4649 dilectis
1477 4586 1558 4661 filiis,
1583 4585 1769 4650 consulibus
1791 4587 1998 4662 Placentinis,

323 4666 461 4730 salutem
486 4676 519 4729 et
541 4667 755 4748 apostolicam
785 4668 1057 4735 benedictionem.
1105 4672 1186 4736 Cum
1212 4677 1346 4738 monita
1377 4687 1411 4739 et
1441 4679 1595 4739 mandata
1618 4685 1729 4738 nostra
1759 4699 1820 4759 pro
1850 4679 1998 4740 ecclesiis

324 4764 357 4819 et
381 4758 530 4837 personis
553 4756 780 4820 ecclesiasticis
803 4760 954 4841 recipitis,
977 4769 1070 4824 tanto
1087 4783 1146 4824 vos
1162 4763 1259 4827 decet
1274 4785 1313 4826 ea
1327 4764 1479 4827 libentius
1496 4775 1527 4828 et
1544 4767 1680 4829 celerius
1697 4767 1825 4847 exequi,
1848 4765 1851 4848 l
1873 4777 1997 4846 quanto

324 4845 523 4907 manifestius
546 4846 588 4908 ad
613 4846 751 4909 salutem
776 4849 954 4910 animarum
979 4853 1141 4931 pertinere
1173 4864 1361 4915 noscuntur.
1408 4856 1615 4918 Meminimus
1646 4856 1816 4935 siquidem,
1847 4876 1910 4918 nos
1944 4859 1997 4918 de·

322 4935 446 4996 votioni
471 4942 577 4997 vestre
600 4937 662 4998 iam
687 4934 816 5018 pridem
833 4939 865 4998 in
881 4939 1043 5001 mandatis
1059 4941 1200 5017 dedisse,
1224 4951 1259 5004 ut
1274 4942 1395 5006 dilecte
1411 4946 1441 5005 in
1460 4942 1587 5007 Christo
1604 4943 1670 5006 filie
1686 4953 1804 5018 nostre,
1828 4945 1996 5007 abbatisse

324 5025 512 5087 monasterii
535 5033 647 5086 sancte
670 5023 750 5088 lulie
770 5023 805 5110 c),
829 5046 927 5108 super
951 5029 1028 5104 iure,
1060 5031 1149 5108 quod
1174 5029 1275 5094 habet
1306 5035 1537 5095 monasterium
1566 5036 1634 5096 eius
1658 5035 1689 5095 in
1715 5041 1812 5114 portu
1837 5042 1873 5096 et
1896 5045 1996 5116 ponte

322 5110 510 5176 Placentino
527 5120 560 5175 et
575 5115 672 5177 etiam
690 5115 721 5175 in
739 5115 888 5197 pedagio,
913 5117 1033 5180 nullam
1052 5118 1234 5183 molestiam
1251 5120 1302 5183 vel
1319 5122 1465 5184 iniuriam
1481 5122 1631 5186 faceretis
1650 5120 1687 5205 d),
1712 5132 1762 5185 set
1778 5121 1858 5184 illud
1876 5143 1950 5186 eam
1970 5125 1995 5206 e)

323 5204 546 5283 permitteritis
559 5203 694 5284 pacifice
708 5199 910 5290 p[oss]idere,
927 5215 983 5268 aut
995 5208 1115 5270 exinde
1127 5229 1238 5272 secum
1251 5210 1386 5291 pacifice
1403 5213 1648 5292 componeretis
1668 5209 1693 5295 s)
1709 5212 1761 5275 vel
1778 5211 1809 5272 in
1832 5214 1995 5292 presentia

322 5289 553 5356 venerabilium
569 5291 705 5355 fratrum
722 5302 906 5357 nostrorum
925 5292 1086 5382 G(aldini),
1103 5295 1381 5385 Mediolanenlsis]
1398 5299 1635 5383 archiepiscopi
1654 5301 1688 5386 ⁵),
1711 5300 1894 5383 apostolice
1910 5303 1995 5364 sedis

481 5469 506 5513 a)
528 5457 602 5526 Jaffe'
610 5461 666 5525 lr'cg.
681 5461 749 5508 9191
767 5463 811 5512 lert
828 5462 1006 5512 archidiacono
1070 5464 1131 5520 bles
1147 5465 1450 5516 sclelntvestrisustelrm
1503 5469 1527 5531 c)
1541 5469 1706 5533 eaufli‘anrr
1723 5484 1771 5518 ven
1782 5467 1996 5517 dunklcrerDr'nte

322 5529 350 5594 d)
369 5529 478 5579 faceritis
550 5532 575 5594 e)
593 5547 633 5580 em
651 5547 699 5581 von
717 5532 847 5582 dunklerer
864 5535 939 5584 Dinte
1009 5535 1030 5598 f)
1050 5538 1256 5601 componeritis..
1291 5577 1302 5582 -
1317 5545 1352 5603 .1)
1377 5539 1453 5602 Vergl.
1472 5538 1546 5605 Jaffl
1552 5541 1611 5605 lt'eg.
1621 5542 1686 5588 9191
1708 5539 1863 5605 (Fragment)
1882 5541 1939 5587 und
1954 5539 1995 5586 das

321 5601 460 5650 Nactworr.
552 5605 578 5668 2)
598 5603 624 5653 S.
643 5603 768 5653 Salvatore
785 5605 932 5671 diStugna,
951 5608 1045 5672 unsern
1067 5609 1130 5658 Colle
1148 5610 1175 5656 di
1197 5609 1314 5658 Valdelra.
1405 5619 1431 5672 3]
1459 5611 1531 5662 Wotl
1554 5611 1691 5671 Calcr'nar'a,
1711 5612 1824 5660 Frasioru
1842 5612 1995 5660 deltonem

322 5673 349 5721 di
370 5673 462 5722 Lastra
489 5689 506 5722 a
524 5675 614 5740 Segne,
635 5683 706 5740 prov.
730 5676 758 5724 di
774 5676 880 5726 Fr'rmse.
919 5679 970 5728 Eiet
993 5685 1117 5745 grdsserer
1137 5681 1182 5730 Ort
1202 5681 1327 5729 Calcr'nain
1354 5681 1410 5746 liegt
1432 5684 1466 5731 im
1486 5683 1648 5733 Puerisclrerr.
1755 5697 1783 5744 4)
1801 5683 1899 5746 Boselli,
1923 5683 1996 5732 Ston'e

324 5743 464 5796 Prircmtine
479 5751 506 5809 t.
527 5749 585 5810 125,
603 5749 704 5798 seltener
720 5749 776 5797 und
790 5751 993 5816 mangelhasterrr
1010 5752 1107 5803 Druck.
1178 5751 1205 5817 5)
1228 5753 1355 5813 θαίάὴεω,
1375 5753 1521 5821 Erilirclrof
1533 5771 1581 5804 von
1600 5753 1722 5814 Matiane,
1743 5757 1930 5805 1166--ntt5,
