4142 6366
1704 314 1766 394 263

89 512 294 570 reservatum
318 512 367 569 est
388 505 438 567 ius
461 501 628 583 utriusque
654 501 765 582 partis,
788 498 975 563 discretioni
997 503 1104 562 vestre
1132 519 1192 582 per
1214 500 1399 582 apostolica
1419 502 1542 584 scripta
1566 503 1768 578 mandamus,

91 597 258 676 quatinus,
289 594 316 656 si
346 591 533 675 capellanus
563 593 666 654 sancti
697 587 848 652 Iohannis
880 609 979 672 super
1007 587 1058 651 his
1088 609 1187 670 agere
1215 588 1303 653 sorte
1331 589 1484 666 voluerit,
1514 590 1663 672 partibus
1692 599 1768 655 ante

89 694 236 748 vestram
259 685 460 766 presentiam
485 680 683 754 convocatis,
708 680 813 760 ipsam
830 699 961 742 causam
977 677 1164 760 diligentius
1180 679 1318 741 audiatis
1334 687 1376 756 et,
1390 679 1523 744 sublato
1538 679 1768 763 appellationis

90 775 251 850 remedio,
273 773 440 836 mediante
460 768 594 858 inistitia
609 768 776 832 decidatis.
800 804 838 814 -
864 767 940 831 Dat.
964 767 1126 842 Laterani,
1149 766 1202 830 Kl.
1225 767 1312 850 Aug.

256 887 300 940 Or.
319 889 352 936 im
371 885 484 936 Archim'o
506 883 639 949 Capitolare
655 899 686 931 au
705 881 774 933 Pr'sa.

255 959 328 1024 Perg.
346 959 406 1018 abab,
424 959 460 1007 br.
471 959 556 1018 ostio,
574 958 637 1021 lang
648 956 733 1014 OM,
752 958 827 1003 maten
845 953 923 1012 0,014
940 955 1129 1020 umgeschlagrn,
1148 952 1226 1002 durch
1244 951 1302 1002 nuri
1316 951 1409 1003 Licher
1422 952 1488 1018 ging
1503 953 1539 1004 dic
1557 953 1664 1016 Schmr,
1683 957 1769 1006 welche

90 1031 135 1081 mi
151 1031 205 1081 den
223 1030 351 1097 Bla'n'egel
364 1031 481 1080 ueriorm.
517 1028 627 1093 Fallung
642 1027 685 1077 der
702 1027 804 1076 Breues.

839 1417 905 1494 Nr.
932 1419 1020 1493 274.

89 1552 280 1617 Alexander
306 1552 371 1616 III
396 1552 548 1636 bestdtigt
575 1552 636 1617 der
665 1550 791 1617 Kirclte
820 1551 889 1704 {qn
909 1549 1074 1704 ΙΙτθιξιειηηο
1102 1549 1141 1613 di
1174 1547 1307 1614 Caserta
1336 1547 1409 1614 ihre
1433 1550 1672 1618 Besitzuzunnr
1700 1551 1770 1620 und

863 1663 911 1704 rer
935 1663 965 1704 er
979 1663 1026 1704 en

675 1760 759 1821 1178
774 1755 907 1841 August
919 1759 969 1820 14.
1016 1755 1192 1820 Tusculum.

254 1873 447 1937 Alexander
471 1875 655 1956 episcopm,
678 1895 790 1938 servus
812 1894 979 1937 servorum
1003 1874 1067 1949 dei,
1098 1871 1224 1937 dilectis
1246 1870 1325 1948 filiis,
1356 1871 1480 1935 clericis
1504 1871 1642 1937 ecclesie
1664 1874 1765 1937 sancti

89 1961 206 2025 Iacobi
230 1963 274 2026 de
296 1961 439 2038 Caserta,
462 1983 642 2044 eorumque
665 1963 908 2027 successoribus
924 1965 1082 2027 canonice
1095 1963 1338 2036 substituendis,
1363 1975 1400 2024 tu
1416 1974 1493 2024 PPM.
1517 1958 1585 2048 -Ι
1606 1959 1766 2043 Quotiens

89 2049 172 2113 illud
197 2071 219 2113 a
242 2051 338 2115 nobis
362 2054 491 2133 petitur,
515 2054 606 2135 quod
629 2053 775 2135 religioni
799 2061 831 2115 et
862 2053 1026 2117 honestati
1057 2053 1230 2116 convenire
1254 2052 1441 2126 dinoscitur,
1464 2051 1573 2114 animo
1596 2071 1655 2114 nos
1671 2053 1768 2116 decet

90 2139 211 2203 libenti
244 2143 427 2205 concedere
457 2149 491 2205 et
520 2144 702 2225 petentium
726 2143 897 2208 desideriis
922 2162 1101 2224 congruum
1121 2137 1126 2227 Ι
1146 2142 1304 2223 impertiri
1327 2140 1524 2222 suffragium.
1571 2141 1767 2224 Eapropter,

90 2228 206 2292 dilecti
238 2231 271 2292 in
302 2231 438 2293 domino
461 2231 530 2308 filii,
563 2233 679 2295 vestris
708 2232 799 2294 iustis
828 2230 1099 2314 postulationibus
1123 2230 1300 2295 clementer
1332 2236 1518 2307 annuentes,
1550 2232 1765 2314 prescriptam

90 2318 269 2382 ecclesiam
298 2320 341 2382 ad
374 2340 489 2402 preces
519 2328 552 2383 et
584 2321 798 2385 interventum
827 2319 937 2385 dilecti
968 2320 1025 2385 filii
1055 2322 1175 2396 nostri,
1211 2319 1329 2382 nobilis
1360 2321 1419 2382 viri
1450 2319 1605 2395 Roberti,
1641 2320 1766 2383 comitis

91 2405 273 2486 Casertani,
296 2411 351 2492 qui
375 2429 447 2473 eam
469 2430 530 2492 pro
547 2411 655 2474 anime
671 2430 729 2474 sue
752 2411 897 2474 remedio
914 2419 947 2474 et
963 2412 1049 2475 bone
1066 2409 1221 2474 memorie
1237 2407 1384 2491 Agnetis,
1408 2408 1576 2489 quondam
1592 2409 1766 2486 comitisse,

91 2497 206 2563 uxoris
230 2499 306 2574 eius,
335 2500 478 2581 propriis
509 2499 692 2581 sumptibus
725 2496 885 2563 edificavit
915 2508 947 2563 et
980 2499 1240 2582 possessionibus
1272 2497 1380 2561 multis
1411 2497 1554 2573 dotavit,
1584 2498 1645 2562 sub
1677 2499 1766 2562 beati

90 2588 180 2652 Petri
213 2596 248 2651 et
276 2597 387 2651 nostra
419 2589 625 2671 protectione
664 2589 856 2672 suscipimus
902 2597 935 2654 et
966 2589 1127 2671 presentis
1158 2588 1269 2670 scripti
1300 2585 1483 2670 patrocinio
1514 2589 1764 2652 communimus.

90 2674 294 2754 Statnentes,
317 2685 360 2753 ut,
383 2695 608 2759 quascumque
624 2679 855 2761 possessiones,
871 2697 1077 2760 quecumque
1092 2677 1180 2741 bona
1195 2678 1312 2740 eadem
1329 2676 1467 2740 ecclesia
1482 2678 1514 2739 in
1530 2677 1765 2760 presentiarum

90 2768 178 2830 iuste
202 2774 237 2828 et
259 2767 412 2830 canonice
435 2767 584 2849 possidet
611 2775 667 2831 aut
696 2769 728 2831 in
751 2768 893 2831 futurum
917 2767 1127 2832 concessione
1150 2765 1353 2849 pontificum,
1383 2766 1554 2848 largitione
1576 2787 1690 2850 regum
1713 2767 1764 2831 vel

90 2857 289 2938 principum,
320 2855 488 2919 oblatione
512 2855 655 2920 fidelium
679 2877 736 2920 seu
760 2856 829 2920 aliis
851 2856 940 2920 iustis
963 2858 1080 2932 modis,
1110 2862 1276 2940 prestante
1298 2856 1444 2933 domin0,
1475 2857 1599 2938 poterit
1620 2855 1765 2941 adipisci,

89 2944 189 3008 firma
222 2945 316 3010 vobis
344 2946 527 3026 vestrisque
556 2946 801 3010 successoribus
832 2954 866 3009 et
893 2946 1015 3011 illibata
1045 2953 1266 3028 permaneant.
1313 2944 1349 3007 In
1383 2944 1501 3027 quibus
1530 2944 1593 3008 hec
1622 2947 1765 3030 propriis

89 3035 248 3098 duximus
272 3035 487 3117 exprimenda
509 3035 694 3101 vocabulis:
725 3056 769 3100 ex
791 3036 970 3100 donatione
997 3036 1097 3120 ipsius
1128 3035 1256 3098 comitis
1288 3041 1415 3109 terram,
1446 3053 1511 3115 que
1541 3033 1602 3097 luit
1625 3031 1765 3099 Gentilis

90 3124 136 3186 de
159 3132 274 3186 sancto
298 3123 472 3198 Nicandro,
497 3145 571 3188 cum
594 3145 655 3189 sex
677 3123 874 3201 hominibus,
898 3126 952 3207 qui
975 3124 1105 3190 fuerunt
1126 3126 1272 3188 eiusdem
1296 3122 1431 3206 gentilis,
1454 3123 1607 3187 videlicet
1622 3123 1765 3189 Martino
1879 3208 1882 3213 ,

90 3211 182 3276 Petri
216 3213 363 3289 Martini,
392 3213 554 3278 Riccardo
578 3213 731 3280 iohannis
761 3215 804 3279 de
828 3213 970 3278 Martino
1001 3234 1075 3278 cum
1108 3220 1247 3296 nepote,
1277 3213 1453 3276 Dominico
1484 3212 1636 3276 Iohannis
1666 3211 1765 3291 Ferri,

89 3301 241 3366 lohanne
271 3299 436 3379 Stolletie,
468 3302 612 3367 Iohanne
640 3303 797 3368 Ascelme
827 3312 860 3367 et
891 3304 1059 3386 Roggerio
1090 3304 1132 3366 de
1162 3301 1289 3368 Anatra
1319 3323 1394 3366 cum
1424 3303 1608 3366 tenimentis
1639 3303 1764 3368 eisdem

89 3389 281 3455 hominibus
305 3392 553 3474 pertinentibus,
580 3394 694 3475 viginti
719 3393 847 3456 modios
869 3401 1025 3457 terrarum
1050 3395 1081 3456 in
1105 3391 1188 3468 locu,
1218 3394 1274 3473 qui
1298 3393 1415 3454 dicitur
1437 3392 1559 3456 vadum
1581 3391 1764 3468 Furunculi,

90 3501 179 3562 quos
203 3489 281 3562 post
304 3489 444 3543 mortem
467 3481 618 3545 Landulfi
640 3481 899 3548 Russi‘ecclesia
921 3490 1029 3545 vestra
1051 3481 1152 3546 debet
1173 3480 1305 3556 habere,
1335 3482 1415 3544 duas
1439 3489 1564 3544 casatas
1586 3479 1764 3558 hominum,

89 3569 232 3633 Roberti
256 3568 409 3634 videlicet
432 3570 474 3633 de
497 3568 620 3635 Gaioso
643 3580 677 3635 et
699 3570 841 3635 filiorum
864 3573 1031 3651 quondam
1055 3569 1188 3635 Stabilis
1215 3571 1259 3633 de
1286 3569 1449 3646 Rainullo,
1478 3591 1553 3634 cum
1575 3571 1762 3634 tenimentis

8 3739 9 3744 ἵ
88 3659 167 3735 suis,
197 3659 265 3723 duo
289 3658 477 3724 molendina
498 3660 530 3722 in
553 3680 647 3741 aqua,
678 3681 742 3742 que
765 3660 906 3725 Bilercla
927 3667 1071 3737 vocatur,
1103 3680 1177 3723 curn
1200 3658 1256 3722 tali
1278 3659 1445 3736 libertate,
1479 3667 1515 3722 ut
1536 3661 1606 3723 sine
1628 3659 1762 3723 alicuius

83 3749 346 3811 contradictione
375 3747 449 3811 illuc
472 3757 557 3825 eant,
589 3752 788 3832 quicumque
808 3749 835 3836 ²)
865 3749 1024 3814 voluerint
1046 3751 1088 3813 ad
1113 3747 1309 3824 molendum,
1339 3749 1422 3810 duos
1446 3747 1575 3811 modios
1603 3756 1760 3812 terrarum

8 3839 9 3866 ³
83 3840 118 3900 in
145 3846 221 3901 orto
249 3837 416 3901 dominico
448 3845 482 3901 et
512 3857 610 3901 unum
634 3837 739 3902 ortale
762 3840 853 3902 iuxta
877 3838 1049 3903 ecclesiam
1073 3845 1213 3902 vestram
1238 3857 1312 3901 cum
1335 3839 1401 3901 suis
1424 3836 1634 3920 pertinentiis.
1679 3831 1761 3900 Sub·

83 3929 231 4008 scriptos
269 3927 365 3990 etiam
405 3926 555 3990 homines
587 3926 738 3991 videlicet
772 3925 931 3992 Stabilem
962 3927 1135 4011 Hugplini,
1174 3925 1418 4002 Constantium,
1449 3925 1580 3989 Petrum
1613 3923 1759 4003 Gemme‚

84 4015 292 4078 erlelmum
316 4016 358 4078 de
380 4014 546 4080 Habunda
578 4024 611 4079 et
634 4014 773 4080 Marium
798 4018 840 4080 de
864 4017 1019 4082 Murrone
1046 4037 1121 4080 cum
1151 4016 1336 4080 tenimentis
1367 4016 1491 4080 eisdem
1522 4015 1761 4098 pertinentibus

83 4125 148 4168 sex
178 4105 308 4168 modios
337 4113 512 4181 terrarum,
543 4125 626 4188 quos
649 4105 824 4182 Iohannes,
856 4109 911 4187 qui
935 4115 1029 4188 patre
1052 4107 1184 4181 dicitur,
1215 4125 1290 4168 cum
1313 4104 1525 4180 Alexandria,
1558 4125 1661 4168 uxore
1691 4125 1758 4181 sua,

83 4195 246 4269 vendidit,
268 4201 302 4257 et
317 4202 456 4275 quatuor
472 4195 601 4258 modios
616 4202 783 4271 terrarum,
803 4215 887 4275 quos
902 4195 1054 4259 Ionathas
1071 4194 1163 4259 miles
1179 4203 1213 4258 et
1227 4194 1366 4259 Iacobus
1383 4194 1515 4258 clericus
1530 4195 1757 4271 vendiderunt,

83 4285 172 4348 duos
196 4284 326 4346 modios
340 4292 508 4360 terrarum,
531 4303 614 4363 quos
628 4283 799 4359 Iohannes,
822 4285 877 4366 qui
896 4285 1014 4349 dicitur
1029 4285 1133 4362 Maza,
1158 4293 1191 4348 et
1206 4286 1319 4347 Petrus
1336 4285 1377 4347 de
1392 4284 1520 4347 Aversa
1535 4283 1760 4360 vendiderunt,

84 4393 189 4435 unum
212 4372 360 4434 modium
383 4381 477 4448 terre,
502 4392 600 4452 quem
616 4373 781 4438 Robertus
796 4374 840 4436 de
855 4372 950 4437 Grisa
964 4375 1122 4452 vendidit,
1146 4394 1246 4437 unum
1265 4374 1412 4437 modium
1428 4381 1515 4436 terre
1530 4380 1563 4436 et
1579 4373 1758 4449 dimidium,

83 4479 187 4542 quem
210 4457 286 4524 Sica
308 4460 478 4541 Aquarina
501 4482 576 4525 cum
597 4462 755 4539 Roberto,
779 4461 845 4526 filio
873 4484 943 4540 suo,
973 4465 1198 4539 vendiderunt,
1229 4483 1327 4526 unum
1351 4464 1497 4526 modium
1521 4471 1555 4526 et
1578 4462 1759 4538 dimidium,

83 4569 187 4632 quem
209 4548 372 4614 lohannes
395 4552 438 4614 de
461 4551 643 4634 presbitero
666 4553 819 4628 vendidit,
841 4559 908 4616 tres
931 4555 1062 4616 modios
1085 4561 1252 4626 terrarum,
1277 4572 1359 4633 quos
1375 4550 1578 4615 Tholomeus
1601 4551 1759 4626 vendidit,

83 4661 188 4704 unum
214 4640 361 4704 modium
391 4650 486 4718 terre,
518 4659 617 4721 quem
640 4638 795 4705 Silvester
816 4643 980 4719 vendidit,
1012 4663 1112 4705 unum
1142 4641 1287 4706 modium
1321 4649 1421 4718 terre,
1452 4659 1551 4722 quem
1574 4641 1686 4706 Petrus
1716 4641 1759 4705 de

85 4728 260 4793 Grimaldo
283 4730 438 4804 vendidit,
469 4751 566 4794 unum
599 4730 746 4794 modium
770 4739 872 4808 terre,
905 4751 1003 4812 quem
1028 4733 1185 4796 diaconus
1207 4728 1395 4813 Stephanus
1426 4730 1581 4807 vendidit,
1613 4731 1758 4810 quinque

83 4819 207 4883 modos
222 4827 389 4896 terrarum,
413 4838 497 4899 quos
512 4817 680 4883 Ascitinus
701 4819 744 4882 de
760 4819 958 4902 Magdalone
982 4841 1055 4886 cum
1080 4840 1183 4884 uxore
1207 4827 1239 4883 et
1262 4819 1335 4883 filiis
1358 4820 1583 4895 vendiderunt,
1607 4828 1640 4883 et
1660 4839 1757 4882 unam

83 4911 211 4990 petiam
245 4916 346 4983 terre,
380 4928 478 4989 quam
508 4909 622 4972 Petrus
645 4908 794 4972 Alifanus
824 4909 984 4986 vendidit,
1022 4931 1096 4974 cum
1127 4910 1279 4973 omnibus
1308 4910 1568 4990 supradictarum
1598 4916 1756 4972 terrarum

84 4998 302 5080 pertinentiis.
346 4998 497 5060 Preterea
519 4996 692 5075 libertates,
715 5006 783 5061 tam
807 4998 849 5061 ab
873 5000 991 5063 eodem
1014 4999 1144 5076 comite,
1168 5019 1266 5080 quam
1290 4997 1500 5062 avenerabili
1523 4997 1622 5062 fratre
1645 5005 1757 5060 nostro

83 5085 266 5168 Porphirio,
290 5084 467 5149 Casertano
491 5086 648 5170 episcopo
668 5085 700 5173 ¹),
725 5087 957 5152 rationabiliter
981 5089 1118 5153 ecclesie
1133 5097 1241 5152 vestre
1261 5107 1434 5151 concessas
1449 5095 1483 5150 et
1498 5107 1611 5150 eorum
1627 5085 1757 5170 scriptis

83 5176 259 5239 autenticis
295 5175 481 5251 roboratas,
520 5176 627 5239 eidem
669 5175 806 5240 ecclesie
846 5177 1039 5242 auctoritate
1068 5174 1251 5260 apostolica
1282 5175 1514 5241 confirmamus
1545 5183 1579 5239 et
1608 5183 1693 5239 ratas
1725 5176 1756 5238 in

84 5274 255 5348 posterum
273 5283 404 5328 manere
418 5266 609 5328 sanccimus.
649 5265 866 5330 Decernimus
882 5287 970 5349 ergo,
994 5275 1029 5330 ut
1044 5268 1122 5330 nulli
1139 5269 1273 5330 omnino
1288 5264 1457 5330 hominum
1473 5266 1579 5344 liceat,
1596 5264 1755 5348 prefatam

84 5355 284 5418 ecclesiam.
309 5403 316 5417 .
339 5401 345 5416 .
372 5404 378 5416 .
400 5354 511 5418 usibus
528 5353 724 5418 omnimodis
741 5354 919 5438 profutura,
943 5354 1033 5421 salva
1049 5356 1231 5440 apostolice
1246 5356 1332 5420 sedis
1348 5357 1543 5419 auctoritate
1558 5363 1592 5419 et
1607 5354 1754 5419 eiusdem

84 5445 234 5527 episcopi
267 5445 425 5508 canonica
455 5443 582 5508 iustitia.
628 5441 663 5508 Si
695 5463 759 5525 qua
788 5445 912 5528 igitur.
937 5495 943 5510 .
969 5496 977 5510 .
1002 5447 1132 5512 Cunctis
1164 5457 1273 5510 autern
1307 5495 1314 5510 .
1344 5494 1350 5508 .
1379 5495 1386 5508 .
1417 5445 1589 5509 inveniant.
1634 5442 1756 5508 Arnen.

83 5531 176 5598 A·m.
199 5531 321 5596 Arnen.
343 5567 387 5578 -

245 5723 271 5786 a)
292 5720 345 5769 Der
361 5726 420 5769 erste
438 5721 525 5784 Scias?
542 5719 582 5768 des
599 5735 614 5770 u
632 5721 685 5785 auf
699 5722 789 5770 Rnsur.
809 5759 857 5766 .-.
880 5725 917 5788 ,1)
939 5723 1093 5788 Porphyrius,
1113 5723 1217 5788 Bisthos
1228 5739 1276 5773 von
1297 5723 1394 5772 Caserta
1412 5737 1432 5773 c.
1451 5719 1573 5771 nus-t
