4126 6366
1678 357 1738 424 305

815 530 881 605 Nr.
908 533 997 606 335.

71 664 194 727 Lusius
210 663 276 726 III
286 663 403 727 nimmt
416 661 471 726 die
487 660 762 745 Kollegiatkirche
776 661 878 726 Santa
893 663 1008 726 Maria
1022 662 1061 726 di
1078 661 1183 726 Galdo
1199 662 1257 744 (D.
1275 663 1447 750 Benevent)
1464 665 1498 728 in
1512 663 1742 748 apostolisclzen

421 751 539 817 Schutz
553 751 623 815 und
634 751 785 834 bestatigt
798 749 868 816 r'lzre
883 751 1120 815 Besitztlutmer
1132 752 1202 814 und
1215 752 1334 817 Rechte
1351 757 1389 834 ¹).

687 869 773 930 1183
788 867 888 931 Miirz
902 870 957 931 26.
993 863 1135 930 Velletri.

231 982 350 1046 Lucius
373 983 558 1066 episcopus,
580 1002 692 1046 servus
715 1002 883 1046 servorum
908 984 970 1058 dei,
993 981 1121 1046 dilectis
1145 982 1217 1046 filiis
1240 981 1405 1058 NATHAN,
1434 983 1533 1066 priori
1556 985 1741 1047 monasterii

70 1079 182 1136 sancte
206 1073 310 1136 Marie
333 1075 365 1135 in
389 1072 519 1136 Gualdo
544 1073 586 1135 de
608 1073 772 1135 territorio
797 1071 932 1148 Floiani,
955 1072 1089 1154 eiusque
1112 1071 1274 1148 iratribus
1304 1081 1371 1135 tam
1404 1073 1610 1154 presentibus
1642 1092 1741 1153 quam

71 1161 195 1236 futuris,
220 1162 402 1244 regularem
426 1163 525 1225 vitam
559 1161 723 1244 professis,
746 1173 786 1224 ΙΝ
809 1168 886 1223 ΡΡΜ.
909 1197 954 1208 -
973 1157 978 1245 Ι
999 1161 1161 1225 Effectum
1191 1161 1275 1224 iusta
1304 1162 1546 1245 postulantibus
1577 1161 1744 1244 indulgere

71 1259 103 1314 et
126 1252 222 1333 vigor
254 1253 407 1333 equitatis
436 1258 470 1315 et
499 1251 582 1314 ordo
613 1251 714 1332 exigit
745 1250 885 1325 rationis,
916 1252 1100 1335 presertim,
1132 1251 1264 1332 quando
1294 1251 1472 1332 petentium
1502 1251 1686 1315 voluntates
1710 1261 1744 1315 et

71 1342 177 1424 pietas
200 1340 332 1403 adiuvat
354 1349 388 1403 et
410 1343 528 1404 veritas
552 1361 617 1403 non
640 1339 797 1420 relinquit
843 1341 1038 1423 Eapropter,
1063 1340 1172 1404 dilecti
1195 1341 1228 1403 in
1250 1339 1255 1425 Ι
1275 1340 1413 1404 domino
1433 1340 1499 1415 filii,
1522 1342 1636 1403 vestris
1652 1341 1742 1404 iustis

71 1429 347 1511 postulationibus
371 1429 550 1494 clementer
571 1431 742 1492 annuimus
765 1438 799 1492 et
830 1428 993 1511 prelatum
1018 1430 1259 1505 monasterium,
1288 1430 1410 1509 inquo
1434 1430 1543 1493 divino
1567 1433 1742 1512 mancipati

71 1519 149 1582 estis
182 1518 352 1598 obsequio,
382 1519 444 1582 sub
475 1518 563 1582 beati
586 1519 672 1581 Petri
703 1527 737 1581 et
767 1527 878 1581 nostra
908 1521 1115 1600 protectione
1143 1520 1338 1600 suscipimus
1369 1528 1403 1581 et
1441 1519 1599 1601 presentis
1630 1521 1742 1602 scripti

71 1607 243 1690 privilegio
258 1611 504 1672 communimus.
550 1604 746 1682 Statuentes,
771 1615 813 1682 ut,
838 1625 1060 1688 quascumque
1074 1610 1308 1691 possessiones,
1331 1627 1537 1690 quecumque
1553 1609 1641 1672 bona
1655 1609 1742 1671 idem

71 1698 308 1760 monasterium
339 1699 371 1760 in
400 1699 636 1780 presentiarum
669 1698 751 1760 iuste
782 1707 816 1760 et
846 1698 1000 1760 canonice
1031 1699 1180 1779 possidet
1208 1706 1265 1760 aut
1286 1699 1318 1760 in
1349 1696 1489 1760 luturum
1531 1701 1743 1760 concessione

71 1785 276 1867 pontificum,
307 1785 478 1868 largitione
508 1806 621 1868 regum
644 1785 696 1850 vel
727 1787 926 1869 principum,
957 1785 1122 1850 oblatione
1152 1786 1296 1850 fidelium
1329 1806 1386 1850 seu
1417 1787 1485 1851 aliis
1512 1788 1603 1850 iustis
1626 1787 1742 1862 modiS,

71 1883 239 1958 prestante
261 1875 408 1950 domino,
430 1876 580 1958 poteritis
602 1877 748 1959 adipisci,
771 1875 864 1938 firma
886 1876 978 1940 vobis
1000 1876 1180 1958 vestrisque
1202 1876 1445 1939 successoribus
1469 1885 1502 1939 et
1523 1875 1649 1940 illibata
1672 1896 1744 1958 per·

72 1972 237 2028 maneant.
282 1965 317 2028 ln
342 1964 460 2046 quibus
482 1964 544 2027 hec
567 1966 706 2048 propriis
729 1965 884 2028 duximus
907 1965 1121 2049 exprimenda
1143 1965 1326 2029 vocabulis:
1359 1963 1467 2029 locum
1490 1966 1596 2047 ipsum
1620 1967 1652 2028 in
1676 1984 1742 2046 quo

72 2053 236 2136 prelatum
260 2055 491 2117 monasterium
515 2057 613 2117 situm
637 2062 688 2117 est
709 2074 784 2117 cum
808 2053 960 2117 omnibus
983 2055 1183 2138 pertinentiis
1206 2056 1280 2132 suis,
1313 2054 1481 2118 ecclesiam
1504 2063 1617 2118 sancte
1641 2054 1744 2117 Marie

71 2145 170 2206 sitam
195 2145 227 2205 in
249 2144 413 2206 territorio
436 2143 541 2206 sancti
563 2140 676 2207 Severi
700 2164 773 2207 cum
797 2143 997 2225 pertinentiis
1019 2144 1094 2220 suis,
1124 2143 1295 2207 ecclesiam
1327 2145 1428 2207 sancti
1453 2142 1575 2207 Mathei
1606 2163 1670 2225 que
1694 2151 1744 2206 est

72 2234 105 2294 in
128 2233 294 2295 territorio
317 2231 521 2314 Dragonarie
544 2252 618 2296 cum
643 2233 793 2297 omnibus
816 2235 1020 2315 pertinentiis
1042 2233 1115 2308 suis,
1146 2233 1301 2296 olivetum
1332 2234 1422 2314 quod
1454 2243 1505 2296 est
1526 2235 1558 2296 in
1581 2234 1743 2297 territorio

73 2321 180 2398 Banzi,
205 2329 238 2383 et
261 2321 431 2385 ecclesiam
455 2323 558 2386 sancti
574 2319 700 2385 Onolrii
724 2342 789 2404 que
811 2330 861 2384 est
884 2323 917 2385 in
941 2324 1105 2386 territorio
1130 2321 1255 2385 Pizzani
1279 2342 1353 2385 cum
1369 2322 1520 2386 omnibus
1541 2324 1744 2405 pertinentiis

73 2412 148 2472 suis.
195 2407 350 2474 Obeunte
371 2431 451 2474 vero
482 2419 524 2486 te,
556 2432 641 2475 nunc
672 2411 818 2475 eiusdem
849 2411 913 2474 loci
938 2412 1054 2494 priore,
1085 2419 1141 2475 aut
1172 2420 1302 2475 tuorum
1334 2411 1480 2492 quolibet
1508 2432 1744 2486 successorum,

72 2498 179 2562 nullus
203 2499 248 2562 ibi
270 2500 416 2582 qualibet
438 2500 658 2584 subreptionis
681 2501 798 2564 astutia
820 2520 877 2563 seu
901 2499 1055 2564 violentia
1078 2510 1288 2584 preponatur,
1310 2501 1369 2564 nisi
1392 2521 1491 2582 quem
1516 2501 1630 2564 iratres
1654 2521 1743 2563 com·

74 2587 161 2650 muni
185 2607 346 2652 consensu
369 2589 422 2653 vel
446 2590 579 2653 fratrum
605 2610 679 2673 pars
696 2589 820 2653 consilii
835 2591 972 2652 sanioris
991 2588 1019 2675 8)
1042 2589 1104 2653 sibi
1123 2591 1312 2673 regulariter
1327 2592 1530 2673 providerint
1545 2591 1742 2672 eligendum.

74 2674 200 2740 Crisma
223 2697 310 2754 vero,
334 2677 444 2742 oleum
466 2687 624 2755 sanctum,
647 2681 908 2743 consecrationes
931 2679 1079 2742 altarium
1103 2699 1159 2742 seu
1183 2678 1398 2753 basilicarum,
1429 2680 1650 2743 ordinationes
1675 2699 1744 2742 mo·

73 2765 252 2830 nachorum
274 2787 333 2831 seu
355 2768 545 2832 clericorum
569 2777 760 2843 vestrorum,
784 2769 838 2851 qui
861 2768 903 2832 ad
926 2788 1036 2832 sacros
1053 2768 1182 2832 ordines
1202 2768 1321 2832 luerint
1336 2770 1562 2851 promovendi,
1586 2779 1620 2832 et
1635 2777 1743 2832 cetera

73 2856 292 2920 ecclesiastica
314 2866 527 2932 sacramenta,
550 2879 569 2921 a
593 2858 825 2922 Beneventano
848 2857 1031 2940 suscipietis
1054 2858 1206 2932 antistite,
1236 2859 1263 2920 si
1287 2859 1420 2938 quidem
1444 2857 1623 2921 catholicus
1647 2857 1744 2920 luerit

73 2952 106 3008 et
129 2947 270 3028 gratiam
293 2955 392 3026 atque
416 2948 678 3011 communionem
701 2947 884 3028 apostolice
905 2947 992 3010 sedis
1015 2945 1166 3011 habuerit
1189 2956 1222 3010 et
1245 2968 1284 3010 ea
1307 2950 1407 3028 gratis
1431 2957 1465 3010 et
1487 2948 1611 3029 absque
1635 2947 1744 3028 aliqua

18 3117 19 3120 Ἴ
73 3036 235 3117 pravitate
247 3035 341 3098 vobis
354 3035 492 3100 voluerit
502 3035 668 3100 exhibere.
692 3035 848 3117 Alioquin
862 3036 959 3100 liceat
969 3036 1073 3113 vobis,
1084 3035 1290 3114 catholicum,
1305 3055 1546 3119 quemcumque
1558 3036 1743 3110 malueritis

18 3159 19 3208 3
72 3122 165 3187 adire
188 3126 381 3200 antistitem,
413 3125 468 3206 qui
497 3127 644 3190 nimirum
668 3135 780 3190 nostra
810 3125 908 3189 fultus
935 3128 1144 3200 auctoritate,
1176 3127 1265 3206 quod
1297 3125 1479 3208 postulatur
1496 3124 1535 3212 b),
1567 3126 1744 3209 indulgeat.

18 3215 20 3280 l
73 3211 161 3278 Sane
184 3215 348 3277 novalium
370 3221 563 3291 vestrorum,
587 3235 651 3298 que
674 3215 813 3298 propriis
830 3215 977 3278 manibus
992 3222 1048 3278 aut
1062 3215 1248 3298 sumptibus
1265 3216 1376 3292 colitis,
1399 3217 1468 3279 sive
1483 3217 1526 3280 de
1542 3215 1744 3279 nutrimentis

18 3337 19 3350 .
71 3310 255 3365 vestrorum
279 3303 464 3368 animalium
488 3303 593 3368 nullus
616 3325 636 3367 a
659 3305 752 3368 vobis
775 3305 920 3368 decimas
942 3306 1074 3386 exigere
1089 3303 1141 3366 vel
1161 3312 1357 3385 extorquere
1379 3313 1554 3387 presumat.
1594 3305 1746 3368 Preterea

18 3401 19 3404 ’
72 3392 173 3455 liceat
195 3391 301 3468 vobis,
325 3393 462 3457 clericos
484 3393 537 3457 vel
558 3395 669 3470 laicos
693 3415 711 3458 e
734 3395 845 3458 seculo
870 3393 1039 3476 fugientes,
1063 3393 1185 3456 liberos
1208 3401 1241 3456 et
1263 3394 1440 3472 absolutos,
1465 3395 1589 3475 absque
1612 3394 1745 3457 alicuius

73 3481 336 3544 contradictione
367 3485 544 3566 suscipere.
589 3483 790 3548 Libertatem
821 3485 921 3546 etiam
943 3482 1037 3546 vobis
1068 3483 1296 3559 concedimus,
1329 3492 1364 3547 ut
1394 3483 1491 3547 nichil
1514 3483 1613 3557 aliud,
1646 3503 1745 3564 quam

74 3569 155 3634 duas
171 3569 271 3634 libras
287 3590 361 3634 cere
373 3572 462 3634 annis
473 3572 606 3656 singulis
617 3574 850 3636 Beneventano
862 3571 1111 3655 archiepiscopo
1123 3571 1252 3635 solvere
1263 3573 1516 3656 compellamini.
1543 3572 1744 3649 Adicientes,

74 3667 109 3722 ut
130 3659 282 3724 laborem
307 3681 461 3725 manuum
484 3669 595 3726 tenere
617 3661 707 3725 iuxta
730 3662 818 3725 beati
842 3662 1013 3725 Benedicti
1035 3659 1179 3743 regulam
1210 3661 1367 3725 debeatis.
1413 3663 1628 3726 Decernimus
1657 3682 1745 3745 ergo,

74 3755 109 3810 ut
131 3748 212 3811 nulli
235 3751 368 3813 omnino
391 3749 561 3816 hominum
585 3750 691 3828 liceat,
723 3751 811 3814 idem
842 3752 1076 3815 monasterium
1101 3750 1306 3814 ...usibus
1338 3752 1537 3815 omnimodis
1568 3750 1745 3834 profutura,

18 3847 19 3858 ³
73 3838 164 3900 salva
187 3837 338 3902 nimirum
361 3841 449 3903 sedis
472 3839 656 3924 apostolice
671 3843 866 3904 auctoritate
881 3848 914 3902 et
929 3841 1150 3903 Beneventani
1166 3839 1405 3923 archiepiscopi
1422 3841 1535 3904 debita
1558 3843 1745 3904 reverentia.

18 3937 19 3942 ’
75 3923 110 3988 Si
134 3947 202 4009 qua
225 3928 351 4008 igitur.
375 3978 383 3994 .
406 3977 413 3992 .
438 3928 571 3993 Cunctis
593 3940 702 3994 autem
730 3979 736 3992 .
761 3978 767 3992 .
794 3977 801 3992 .
825 3931 997 3992 inveniant
1043 3928 1163 3992 Amen.
1186 3928 1276 3992 A-m.
1300 3928 1419 3993 Amen.

290 4015 345 4104 (R)
367 4019 440 4101 Ego
463 4019 584 4082 Lucius
607 4017 768 4082 catholice
791 4018 928 4082 ecclesie
951 4020 1128 4101 episcopus
1150 4037 1192 4081 ss.
1215 4015 1277 4104 (M)

290 4142 335 4152 —
358 4105 378 4189 †
401 4107 474 4190 Ego
498 4109 689 4172 Theodinus
712 4108 896 4172 Portuensis
920 4116 953 4171 et
974 4118 1087 4171 sancte
1109 4107 1226 4170 Rufine
1249 4109 1338 4172 sedis
1360 4110 1538 4191 episcopus
1561 4129 1602 4170 ss.

292 4192 312 4278 †
336 4193 409 4278 Ego
429 4195 456 4283 c)
478 4197 638 4262 Henricus
660 4197 856 4262 Albanensis
879 4197 1053 4280 episcopus
1075 4217 1117 4258 ss.
1141 4193 1187 4282 (4)

291 4321 335 4334 -
359 4283 379 4369 †
401 4288 475 4369 Ego
491 4287 647 4352 Vivianus
670 4291 718 4350 tit
741 4289 844 4350 sancti
861 4284 1019 4370 Stephani
1042 4287 1075 4349 in
1092 4284 1183 4349 Celio
1200 4295 1312 4350 monte
1331 4285 1502 4369 presbiteri
1518 4285 1690 4349 cardinalis
1705 4306 1747 4348 ss.

292 4375 313 4459 †
335 4373 433 4460 (Ego)
448 4375 618 4440 Laborans
633 4377 796 4460 presbiter
812 4376 986 4440 cardinalis
1008 4384 1121 4438 sancte
1137 4376 1241 4440 Marie
1265 4376 1484 4439 transtiberim
1506 4377 1554 4437 tit.
1571 4374 1690 4438 Calixti
1706 4395 1746 4452 ss.

292 4464 313 4548 †
329 4465 401 4548 Ego
412 4467 583 4529 Rainerius
597 4465 758 4548 presbiter
769 4465 939 4529 cardinalis
951 4474 1140 4528 sanctorum
1153 4463 1305 4528 Iohannis
1315 4474 1349 4529 et
1355 4465 1445 4528 Pauli
1455 4465 1501 4527 tit.
1509 4463 1695 4546 Pagmachii
1707 4485 1748 4526 ss.

292 4553 313 4637 †
336 4553 409 4638 Ego
433 4555 601 4618 Hubertus
631 4555 792 4638 presbiter
823 4554 991 4618 cardinalis
1020 4556 1068 4617 tit.
1093 4556 1195 4617 sancti
1219 4554 1384 4618 Laurentii
1414 4556 1445 4617 in
1468 4553 1615 4617 Damaso
1637 4574 1678 4617 ss
1702 4551 1748 4640 (2)

292 4680 336 4690 —
360 4641 380 4728 †
404 4645 477 4728 Ego
500 4644 672 4727 Iacynctus
695 4645 851 4708 diaconus
874 4643 1045 4706 cardinalis
1068 4652 1180 4706 sancte
1204 4644 1305 4706 Marie
1329 4646 1361 4706 in
1384 4642 1578 4725 Cosmydyn
1600 4663 1641 4705 ss.

294 4731 410 4817 †Fgo
434 4733 565 4797 Arditio
589 4735 746 4797 diaconus
770 4733 941 4796 cardinalis
963 4733 1067 4794 sancti
1090 4730 1260 4795 Theodori
1284 4753 1325 4794 ss.

294 4821 314 4905 †
335 4821 408 4906 Ego
433 4823 605 4889 Gratianus
627 4832 814 4887 sanctorum
838 4820 957 4885 Cosme
980 4829 1015 4884 et
1036 4819 1190 4885 Damiani
1213 4822 1369 4885 diaconus
1393 4820 1565 4885 cardinalis
1587 4843 1628 4885 ss.

294 4909 314 4996 †
338 4910 411 4994 Ego
427 4913 525 4976 Bobo
547 4915 651 4977 sancti
675 4912 795 4995 Angeli
817 4911 975 4974 diaconus
998 4910 1170 4973 cardinalis
1193 4931 1235 4974 ss.

293 5001 314 5083 †
336 5001 409 5084 Ego
435 5000 600 5066 Gerardus
622 5002 725 5065 sancti
748 5001 888 5065 Adriani
910 5002 1068 5063 diaconus
1092 5000 1266 5064 cardinalis
1287 5021 1330 5064 ss.

294 5088 315 5172 †
338 5090 411 5173 Ego
433 5091 576 5155 Albinus
598 5092 754 5154 diaconus
778 5089 947 5154 cardinalis
971 5098 1082 5152 sancte
1106 5089 1210 5153 Marie
1233 5111 1319 5153 nove
1342 5110 1383 5153 ss.

241 5180 317 5244 Dat
340 5179 484 5256 Velletri,
508 5201 567 5263 per
591 5200 721 5244 manum
745 5177 886 5255 Alberti,
909 5187 1021 5242 sancte
1044 5180 1194 5244 Romane
1223 5178 1361 5243 ecclesie
1384 5178 1555 5261 presbiteri
1580 5175 1751 5240 cardinalis

80 5280 113 5334 et
135 5269 326 5334 cancellarii.
364 5283 414 5332 vll
429 5269 482 5332 Kl.
499 5268 632 5352 Aprilis
662 5270 845 5332 indictione
868 5269 980 5351 prima
1012 5266 1245 5332 lucarnationis
1268 5269 1430 5332 dominice
1454 5288 1540 5332 anno
1557 5278 1752 5329 MCmtxxln.

80 5359 294 5424 Pontificatus
316 5379 395 5422 vero
419 5358 531 5438 dompi
553 5358 644 5422 Lucii
666 5379 754 5442 pape
778 5373 817 5422 111
839 5377 925 5420 anno
947 5371 983 5420 11.

245 5474 288 5524 Or.
309 5473 466 5539 (Pergamon
483 5474 510 5523 di
529 5474 605 5522 Cun'a
621 5475 676 5523 eccl.
695 5473 733 5540 I),
752 5473 787 5522 im
803 5471 916 5521 Archivrb
934 5470 961 5520 di
977 5471 1043 5520 Statu
1060 5486 1089 5520 ru
1107 5471 1203 5535 Neapel.

244 5547 315 5611 Ρη.
333 5544 394 5609 trac,
413 5547 449 5595 br.
463 5547 548 5606 (hald,
566 5547 628 5612 lang
639 5546 726 5609 opta,
745 5546 789 5593 das
804 5543 1003 5609 u'mgesctlagme
1019 5544 1051 5592 ist
1061 5543 1241 5610 abgeschm'ltm,
1254 5543 1333 5592 durch
1344 5542 1402 5592 rwei
1412 5542 1505 5592 Licher
1518 5541 1580 5608 gr'ng
1596 5539 1634 5590 die
1646 5541 1753 5599 Schnur,

242 5707 268 5768 a)
286 5705 320 5754 ris
337 5706 390 5770 auf
403 5707 487 5756 Rasur
557 5705 584 5766 b)
603 5721 616 5754 r
632 5706 685 5770 auf
698 5707 782 5754 Rarur
870 5707 895 5771 c)
913 5702 1027 5753 maurim
1045 5705 1059 5767 γ
1077 5702 1132 5750 und
1150 5701 1207 5767 Ego
1224 5703 1309 5752 Ram
1328 5701 1389 5752 eines
1407 5702 1472 5766 Ego.
1493 5742 1542 5748 -.-.
1562 5703 1598 5768 .1)
1623 5701 1699 5766 Vergl.
1719 5701 1756 5749 die

86 5775 202 5827 urm
218 5793 275 5827 vom
294 5779 327 5826 14
343 5778 419 5842 April
433 5779 497 5828 1166
514 5777 571 5827 und
587 5779 618 5827 16
639 5777 766 5828 December
782 5777 857 5826 1191.

135 5887 156 5914 v.
173 5875 467 5925 Plinthllnttung,
482 5875 539 5916 her·
552 5876 595 5916 111.
1522 5865 1556 5915 39
