<?xml version="1.0" encoding="UTF-8"?>
<!DOCTYPE html PUBLIC "-//W3C//DTD XHTML 1.0 Transitional//EN"
    "http://www.w3.org/TR/xhtml1/DTD/xhtml1-transitional.dtd">
<html xmlns="http://www.w3.org/1999/xhtml" xml:lang="en" lang="en">
 <head>
  <title>
</title>
<meta http-equiv="Content-Type" content="text/html;charset=utf-8" />
  <meta name='ocr-system' content='tesseract 3.04.00' />
  <meta name='ocr-capabilities' content='ocr_page ocr_carea ocr_par ocr_line ocrx_word'/>
</head>
<body>
  <div class='ocr_page' id='page_1' title='image "./actapontificumr00hargoog_0026.png"; bbox 0 0 4090 6358; ppageno 0'>
   <div class='ocr_carea' id='block_1_1' title="bbox 307 345 346 408">
    <p class='ocr_par' dir='ltr' id='par_1_1' title="bbox 307 345 346 408">
     <span class='ocr_line' id='line_1_1' title="bbox 307 345 346 408; baseline 0 0"><span class='ocrx_word' id='word_1_1' title='bbox 307 345 346 408; x_wconf 84' lang='lat'><strong>14</strong></span> 
     </span>
    </p>
   </div>
   <div class='ocr_carea' id='block_1_2' title="bbox 298 515 1978 1941">
    <p class='ocr_par' dir='ltr' id='par_1_2' title="bbox 298 515 1978 1676">
     <span class='ocr_line' id='line_1_2' title="bbox 303 515 1977 602; baseline -0.002 -19"><span class='ocrx_word' id='word_1_2' title='bbox 303 517 534 583; x_wconf 86' lang='lat' dir='ltr'><strong>detrimentum</strong></span> <span class='ocrx_word' id='word_1_3' title='bbox 563 519 696 583; x_wconf 86' lang='lat' dir='ltr'>fratrum</span> <span class='ocrx_word' id='word_1_4' title='bbox 728 518 760 581; x_wconf 95' lang='lat' dir='ltr'><strong>in</strong></span> <span class='ocrx_word' id='word_1_5' title='bbox 789 519 938 601; x_wconf 88' lang='lat' dir='ltr'><strong>praefata</strong></span> <span class='ocrx_word' id='word_1_6' title='bbox 967 522 1127 585; x_wconf 88' lang='lat' dir='ltr'><strong>canonica</strong></span> <span class='ocrx_word' id='word_1_7' title='bbox 1158 515 1283 602; x_wconf 90' lang='lat' dir='ltr'><strong>aliquid</strong></span> <span class='ocrx_word' id='word_1_8' title='bbox 1312 519 1465 583; x_wconf 83' lang='lat' dir='ltr'>inducere</span> <span class='ocrx_word' id='word_1_9' title='bbox 1495 521 1547 582; x_wconf 89' lang='lat' dir='ltr'><strong>vel</strong></span> <span class='ocrx_word' id='word_1_10' title='bbox 1578 538 1678 600; x_wconf 90' lang='lat' dir='ltr'><strong>prave</strong></span> <span class='ocrx_word' id='word_1_11' title='bbox 1707 516 1814 580; x_wconf 92' lang='lat' dir='ltr'><strong>moliri</strong></span> <span class='ocrx_word' id='word_1_12' title='bbox 1846 516 1977 581; x_wconf 85' lang='lat' dir='ltr'><strong>audeat.</strong></span> 
     </span>
     <span class='ocr_line' id='line_1_3' title="bbox 302 609 1976 689; baseline -0.003 -16"><span class='ocrx_word' id='word_1_13' title='bbox 302 609 458 673; x_wconf 85' lang='lat' dir='ltr'><strong>Similiter</strong></span> <span class='ocrx_word' id='word_1_14' title='bbox 479 609 579 672; x_wconf 91' lang='lat' dir='ltr'><strong>etiam</strong></span> <span class='ocrx_word' id='word_1_15' title='bbox 602 609 643 671; x_wconf 90' lang='lat' dir='ltr'><strong>de</strong></span> <span class='ocrx_word' id='word_1_16' title='bbox 667 619 775 672; x_wconf 90' lang='lat' dir='ltr'><strong>cetero</strong></span> <span class='ocrx_word' id='word_1_17' title='bbox 799 611 1009 674; x_wconf 87' lang='lat' dir='ltr'><strong>concedimus</strong></span> <span class='ocrx_word' id='word_1_18' title='bbox 1032 621 1065 675; x_wconf 91' lang='lat' dir='ltr'><strong>et</strong></span> <span class='ocrx_word' id='word_1_19' title='bbox 1088 610 1319 674; x_wconf 83' lang='lat' dir='ltr'><strong>confirmamus</strong></span> <span class='ocrx_word' id='word_1_20' title='bbox 1334 611 1442 674; x_wconf 89' lang='lat' dir='ltr'><strong>eidem</strong></span> <span class='ocrx_word' id='word_1_21' title='bbox 1458 610 1637 673; x_wconf 88' lang='lat' dir='ltr'><strong>canonicae</strong></span> <span class='ocrx_word' id='word_1_22' title='bbox 1651 617 1788 683; x_wconf 89' lang='lat' dir='ltr'><strong>vestrae,</strong></span> <span class='ocrx_word' id='word_1_23' title='bbox 1814 626 1976 689; x_wconf 90' lang='lat' dir='ltr'><strong>quaecun-</strong></span> 
     </span>
     <span class='ocr_line' id='line_1_4' title="bbox 303 697 1976 782; baseline -0.002 -21"><span class='ocrx_word' id='word_1_24' title='bbox 303 719 364 780; x_wconf 89' lang='lat' dir='ltr'><strong>que</strong></span> <span class='ocrx_word' id='word_1_25' title='bbox 388 699 478 762; x_wconf 91' lang='lat' dir='ltr'><strong>bona</strong></span> <span class='ocrx_word' id='word_1_26' title='bbox 501 707 568 760; x_wconf 92' lang='lat' dir='ltr'><strong>tam</strong></span> <span class='ocrx_word' id='word_1_27' title='bbox 592 699 624 761; x_wconf 95' lang='lat' dir='ltr'><strong>in</strong></span> <span class='ocrx_word' id='word_1_28' title='bbox 649 698 745 762; x_wconf 88' lang='lat' dir='ltr'><strong>rebus</strong></span> <span class='ocrx_word' id='word_1_29' title='bbox 769 698 954 777; x_wconf 91' lang='lat' dir='ltr'><strong>mobilibus,</strong></span> <span class='ocrx_word' id='word_1_30' title='bbox 979 721 1079 782; x_wconf 92' lang='lat' dir='ltr'><strong>quam</strong></span> <span class='ocrx_word' id='word_1_31' title='bbox 1102 700 1327 764; x_wconf 92' lang='lat' dir='ltr'><strong>immobilibus</strong></span> <span class='ocrx_word' id='word_1_32' title='bbox 1350 719 1436 762; x_wconf 91' lang='lat' dir='ltr'><strong>nunc</strong></span> <span class='ocrx_word' id='word_1_33' title='bbox 1460 699 1543 762; x_wconf 76' lang='lat' dir='ltr'><strong>iuste</strong></span> <span class='ocrx_word' id='word_1_34' title='bbox 1559 699 1661 762; x_wconf 87' lang='lat' dir='ltr'><strong>habet</strong></span> <span class='ocrx_word' id='word_1_35' title='bbox 1676 707 1732 761; x_wconf 88' lang='lat' dir='ltr'><strong>aut</strong></span> <span class='ocrx_word' id='word_1_36' title='bbox 1748 697 1781 759; x_wconf 92' lang='lat' dir='ltr'><strong>in</strong></span> <span class='ocrx_word' id='word_1_37' title='bbox 1796 704 1976 778; x_wconf 90' lang='lat' dir='ltr'><strong>posterum,</strong></span> 
     </span>
     <span class='ocr_line' id='line_1_5' title="bbox 303 785 1978 870; baseline -0.002 -19"><span class='ocrx_word' id='word_1_38' title='bbox 303 790 366 851; x_wconf 90' lang='lat' dir='ltr'><strong>deo</strong></span> <span class='ocrx_word' id='word_1_39' title='bbox 390 798 561 863; x_wconf 88' lang='lat' dir='ltr'><strong>annuente,</strong></span> <span class='ocrx_word' id='word_1_40' title='bbox 585 785 736 851; x_wconf 90' lang='lat' dir='ltr'><strong>habitura</strong></span> <span class='ocrx_word' id='word_1_41' title='bbox 759 798 824 865; x_wconf 87' lang='lat' dir='ltr'><strong>est,</strong></span> <span class='ocrx_word' id='word_1_42' title='bbox 864 791 1017 870; x_wconf 87' lang='lat' dir='ltr'><strong>quatinus</strong></span> <span class='ocrx_word' id='word_1_43' title='bbox 1039 791 1082 853; x_wconf 91' lang='lat' dir='ltr'><strong>ab</strong></span> <span class='ocrx_word' id='word_1_44' title='bbox 1107 791 1195 853; x_wconf 93' lang='lat' dir='ltr'><strong>omni</strong></span> <span class='ocrx_word' id='word_1_45' title='bbox 1220 789 1362 852; x_wconf 91' lang='lat' dir='ltr'><strong>humana</strong></span> <span class='ocrx_word' id='word_1_46' title='bbox 1385 789 1593 853; x_wconf 85' lang='lat' dir='ltr'><strong>infestatione</strong></span> <span class='ocrx_word' id='word_1_47' title='bbox 1616 787 1720 850; x_wconf 89' lang='lat' dir='ltr'><strong>libera</strong></span> <span class='ocrx_word' id='word_1_48' title='bbox 1740 796 1840 868; x_wconf 91' lang='lat' dir='ltr'><strong>atque</strong></span> <span class='ocrx_word' id='word_1_49' title='bbox 1863 805 1978 849; x_wconf 90' lang='lat' dir='ltr'><strong>secura</strong></span> 
     </span>
     <span class='ocr_line' id='line_1_6' title="bbox 302 875 1976 962; baseline -0.001 -22"><span class='ocrx_word' id='word_1_50' title='bbox 302 898 376 940; x_wconf 91' lang='lat' dir='ltr'><strong>cum</strong></span> <span class='ocrx_word' id='word_1_51' title='bbox 399 877 487 940; x_wconf 90' lang='lat' dir='ltr'><strong>omni</strong></span> <span class='ocrx_word' id='word_1_52' title='bbox 513 877 621 958; x_wconf 91' lang='lat' dir='ltr'><strong>quiete</strong></span> <span class='ocrx_word' id='word_1_53' title='bbox 645 897 684 939; x_wconf 91' lang='lat' dir='ltr'><strong>ea</strong></span> <span class='ocrx_word' id='word_1_54' title='bbox 707 887 818 942; x_wconf 88' lang='lat' dir='ltr'><strong>teneat</strong></span> <span class='ocrx_word' id='word_1_55' title='bbox 841 888 940 960; x_wconf 86' lang='lat' dir='ltr'><strong>atque</strong></span> <span class='ocrx_word' id='word_1_56' title='bbox 962 881 1140 962; x_wconf 89' lang='lat' dir='ltr'><strong>possideat,</strong></span> <span class='ocrx_word' id='word_1_57' title='bbox 1164 879 1254 943; x_wconf 89' lang='lat' dir='ltr'><strong>salva</strong></span> <span class='ocrx_word' id='word_1_58' title='bbox 1276 889 1387 943; x_wconf 91' lang='lat' dir='ltr'><strong>tamen</strong></span> <span class='ocrx_word' id='word_1_59' title='bbox 1411 880 1592 942; x_wconf 89' lang='lat' dir='ltr'><strong>reverentia</strong></span> <span class='ocrx_word' id='word_1_60' title='bbox 1607 876 1799 959; x_wconf 87' lang='lat' dir='ltr'><strong>praescripti</strong></span> <span class='ocrx_word' id='word_1_61' title='bbox 1817 875 1976 958; x_wconf 90' lang='lat' dir='ltr'><strong>episcopi.</strong></span> 
     </span>
     <span class='ocr_line' id='line_1_7' title="bbox 302 964 1976 1052; baseline -0.004 -20"><span class='ocrx_word' id='word_1_62' title='bbox 302 967 348 1032; x_wconf 93' lang='lat' dir='ltr'><strong>Ut</strong></span> <span class='ocrx_word' id='word_1_63' title='bbox 370 967 468 1048; x_wconf 90' lang='lat' dir='ltr'><strong>igitur</strong></span> <span class='ocrx_word' id='word_1_64' title='bbox 489 964 571 1028; x_wconf 89' lang='lat' dir='ltr'><strong>haec</strong></span> <span class='ocrx_word' id='word_1_65' title='bbox 594 986 724 1049; x_wconf 89' lang='lat' dir='ltr'><strong>semper</strong></span> <span class='ocrx_word' id='word_1_66' title='bbox 747 967 937 1033; x_wconf 90' lang='lat' dir='ltr'><strong>inconvulsa</strong></span> <span class='ocrx_word' id='word_1_67' title='bbox 968 969 1158 1051; x_wconf 90' lang='lat' dir='ltr'><strong>illibataque</strong></span> <span class='ocrx_word' id='word_1_68' title='bbox 1190 978 1412 1052; x_wconf 90' lang='lat' dir='ltr'><strong>permaneant,</strong></span> <span class='ocrx_word' id='word_1_69' title='bbox 1444 967 1626 1050; x_wconf 90' lang='lat' dir='ltr'><strong>apostolica</strong></span> <span class='ocrx_word' id='word_1_70' title='bbox 1656 966 1850 1029; x_wconf 87' lang='lat' dir='ltr'><strong>auctoritate</strong></span> <span class='ocrx_word' id='word_1_71' title='bbox 1880 965 1976 1027; x_wconf 90' lang='lat' dir='ltr'><strong>inter·</strong></span> 
     </span>
     <span class='ocr_line' id='line_1_8' title="bbox 302 1052 1976 1139; baseline -0.002 -21"><span class='ocrx_word' id='word_1_72' title='bbox 302 1056 447 1132; x_wconf 90' lang='lat' dir='ltr'><strong>dicimus,</strong></span> <span class='ocrx_word' id='word_1_73' title='bbox 472 1065 507 1117; x_wconf 94' lang='lat' dir='ltr'><strong>ut</strong></span> <span class='ocrx_word' id='word_1_74' title='bbox 529 1055 618 1118; x_wconf 92' lang='lat' dir='ltr'><strong>nulla</strong></span> <span class='ocrx_word' id='word_1_75' title='bbox 641 1076 785 1138; x_wconf 88' lang='lat' dir='ltr'><strong>unquam</strong></span> <span class='ocrx_word' id='word_1_76' title='bbox 809 1078 958 1139; x_wconf 91' lang='lat' dir='ltr'><strong>persona,</strong></span> <span class='ocrx_word' id='word_1_77' title='bbox 982 1059 1134 1122; x_wconf 91' lang='lat' dir='ltr'><strong>secularis</strong></span> <span class='ocrx_word' id='word_1_78' title='bbox 1158 1068 1214 1121; x_wconf 89' lang='lat' dir='ltr'><strong>aut</strong></span> <span class='ocrx_word' id='word_1_79' title='bbox 1236 1058 1463 1134; x_wconf 88' lang='lat' dir='ltr'><strong>ecclesiastica,</strong></span> <span class='ocrx_word' id='word_1_80' title='bbox 1496 1059 1680 1139; x_wconf 90' lang='lat' dir='ltr'><strong>quicquam,</strong></span> <span class='ocrx_word' id='word_1_81' title='bbox 1711 1054 1801 1137; x_wconf 93' lang='lat' dir='ltr'><strong>quod</strong></span> <span class='ocrx_word' id='word_1_82' title='bbox 1825 1052 1876 1116; x_wconf 93' lang='lat' dir='ltr'><strong>his</strong></span> <span class='ocrx_word' id='word_1_83' title='bbox 1900 1073 1976 1116; x_wconf 93' lang='lat' dir='ltr'><strong>con·</strong></span> 
     </span>
     <span class='ocr_line' id='line_1_9' title="bbox 301 1143 1977 1229; baseline -0.001 -21"><span class='ocrx_word' id='word_1_84' title='bbox 301 1145 433 1208; x_wconf 89' lang='lat' dir='ltr'><strong>trarium</strong></span> <span class='ocrx_word' id='word_1_85' title='bbox 456 1145 504 1220; x_wconf 90' lang='lat' dir='ltr'><strong>sit,</strong></span> <span class='ocrx_word' id='word_1_86' title='bbox 531 1145 563 1206; x_wconf 91' lang='lat' dir='ltr'><strong>in</strong></span> <span class='ocrx_word' id='word_1_87' title='bbox 594 1145 711 1208; x_wconf 90' lang='lat' dir='ltr'><strong>eadem</strong></span> <span class='ocrx_word' id='word_1_88' title='bbox 742 1148 901 1210; x_wconf 90' lang='lat' dir='ltr'><strong>canonica</strong></span> <span class='ocrx_word' id='word_1_89' title='bbox 933 1149 1087 1212; x_wconf 88' lang='lat' dir='ltr'><strong>inducere</strong></span> <span class='ocrx_word' id='word_1_90' title='bbox 1110 1169 1167 1211; x_wconf 87' lang='lat' dir='ltr'><strong>seu</strong></span> <span class='ocrx_word' id='word_1_91' title='bbox 1199 1149 1305 1211; x_wconf 92' lang='lat' dir='ltr'><strong>moliri</strong></span> <span class='ocrx_word' id='word_1_92' title='bbox 1337 1147 1466 1222; x_wconf 90' lang='lat' dir='ltr'><strong>audeat,</strong></span> <span class='ocrx_word' id='word_1_93' title='bbox 1501 1168 1561 1210; x_wconf 89' lang='lat' dir='ltr'><strong>nec</strong></span> <span class='ocrx_word' id='word_1_94' title='bbox 1594 1147 1771 1229; x_wconf 89' lang='lat' dir='ltr'><strong>quicquam</strong></span> <span class='ocrx_word' id='word_1_95' title='bbox 1803 1145 1845 1206; x_wconf 91' lang='lat' dir='ltr'><strong>de</strong></span> <span class='ocrx_word' id='word_1_96' title='bbox 1878 1143 1977 1207; x_wconf 91' lang='lat' dir='ltr'><strong>bonis</strong></span> 
     </span>
     <span class='ocr_line' id='line_1_10' title="bbox 300 1233 1977 1317; baseline 0.001 -21"><span class='ocrx_word' id='word_1_97' title='bbox 300 1234 501 1316; x_wconf 89' lang='lat' dir='ltr'><strong>praelibatae</strong></span> <span class='ocrx_word' id='word_1_98' title='bbox 525 1233 682 1297; x_wconf 88' lang='lat' dir='ltr'><strong>decaniae</strong></span> <span class='ocrx_word' id='word_1_99' title='bbox 706 1245 762 1297; x_wconf 91' lang='lat' dir='ltr'><strong>aut</strong></span> <span class='ocrx_word' id='word_1_100' title='bbox 784 1236 894 1317; x_wconf 90' lang='lat' dir='ltr'><strong>aliqua</strong></span> <span class='ocrx_word' id='word_1_101' title='bbox 924 1237 988 1300; x_wconf 90' lang='lat' dir='ltr'><strong>alia</strong></span> <span class='ocrx_word' id='word_1_102' title='bbox 1019 1237 1081 1300; x_wconf 94' lang='lat' dir='ltr'><strong>sibi</strong></span> <span class='ocrx_word' id='word_1_103' title='bbox 1106 1237 1286 1301; x_wconf 89' lang='lat' dir='ltr'><strong>adtinentia</strong></span> <span class='ocrx_word' id='word_1_104' title='bbox 1316 1237 1406 1299; x_wconf 92' lang='lat' dir='ltr'><strong>bona</strong></span> <span class='ocrx_word' id='word_1_105' title='bbox 1438 1237 1591 1300; x_wconf 91' lang='lat' dir='ltr'><strong>invadere</strong></span> <span class='ocrx_word' id='word_1_106' title='bbox 1613 1236 1665 1299; x_wconf 90' lang='lat' dir='ltr'><strong>vel</strong></span> <span class='ocrx_word' id='word_1_107' title='bbox 1699 1233 1888 1316; x_wconf 90' lang='lat' dir='ltr'><strong>disperdere</strong></span> <span class='ocrx_word' id='word_1_108' title='bbox 1920 1243 1977 1297; x_wconf 92' lang='lat' dir='ltr'><strong>aut</strong></span> 
     </span>
     <span class='ocr_line' id='line_1_11' title="bbox 300 1323 1976 1406; baseline 0 -21"><span class='ocrx_word' id='word_1_109' title='bbox 300 1324 376 1386; x_wconf 89' lang='lat' dir='ltr'><strong>inde</strong></span> <span class='ocrx_word' id='word_1_110' title='bbox 399 1323 541 1386; x_wconf 87' lang='lat' dir='ltr'><strong>alienare</strong></span> <span class='ocrx_word' id='word_1_111' title='bbox 565 1333 760 1405; x_wconf 90' lang='lat' dir='ltr'><strong>praesumat.</strong></span> <span class='ocrx_word' id='word_1_112' title='bbox 800 1324 835 1389; x_wconf 90' lang='lat' dir='ltr'><strong>Si</strong></span> <span class='ocrx_word' id='word_1_113' title='bbox 858 1327 930 1406; x_wconf 93' lang='lat' dir='ltr'><strong>quis</strong></span> <span class='ocrx_word' id='word_1_114' title='bbox 946 1337 1056 1390; x_wconf 91' lang='lat' dir='ltr'><strong>autem</strong></span> <span class='ocrx_word' id='word_1_115' title='bbox 1073 1336 1187 1390; x_wconf 92' lang='lat' dir='ltr'><strong>contra</strong></span> <span class='ocrx_word' id='word_1_116' title='bbox 1203 1328 1297 1391; x_wconf 89' lang='lat' dir='ltr'><strong>huius</strong></span> <span class='ocrx_word' id='word_1_117' title='bbox 1314 1335 1442 1389; x_wconf 89' lang='lat' dir='ltr'><strong>nostrae</strong></span> <span class='ocrx_word' id='word_1_118' title='bbox 1458 1327 1636 1390; x_wconf 90' lang='lat' dir='ltr'><strong>sanctionis</strong></span> <span class='ocrx_word' id='word_1_119' title='bbox 1653 1325 1785 1388; x_wconf 88' lang='lat' dir='ltr'><strong>decreta</strong></span> <span class='ocrx_word' id='word_1_120' title='bbox 1800 1323 1976 1386; x_wconf 90' lang='lat' dir='ltr'><strong>temerario</strong></span> 
     </span>
     <span class='ocr_line' id='line_1_12' title="bbox 300 1412 1976 1498; baseline -0.001 -22"><span class='ocrx_word' id='word_1_121' title='bbox 300 1434 378 1476; x_wconf 90' lang='lat' dir='ltr'><strong>ausu</strong></span> <span class='ocrx_word' id='word_1_122' title='bbox 394 1413 503 1476; x_wconf 90' lang='lat' dir='ltr'><strong>venire</strong></span> <span class='ocrx_word' id='word_1_123' title='bbox 527 1415 744 1495; x_wconf 84' lang='lat' dir='ltr'><strong>temptaverit,</strong></span> <span class='ocrx_word' id='word_1_124' title='bbox 768 1435 872 1496; x_wconf 91' lang='lat' dir='ltr'><strong>usque</strong></span> <span class='ocrx_word' id='word_1_125' title='bbox 895 1417 938 1478; x_wconf 92' lang='lat' dir='ltr'><strong>ad</strong></span> <span class='ocrx_word' id='word_1_126' title='bbox 962 1417 1097 1498; x_wconf 85' lang='lat' dir='ltr'><strong>dignam</strong></span> <span class='ocrx_word' id='word_1_127' title='bbox 1120 1416 1378 1480; x_wconf 81' lang='lat' dir='ltr'><strong>satisfactionem</strong></span> <span class='ocrx_word' id='word_1_128' title='bbox 1394 1415 1612 1479; x_wconf 89' lang='lat' dir='ltr'><strong>anathematis</strong></span> <span class='ocrx_word' id='word_1_129' title='bbox 1628 1416 1747 1496; x_wconf 92' lang='lat' dir='ltr'><strong>laqueo</strong></span> <span class='ocrx_word' id='word_1_130' title='bbox 1763 1433 1799 1475; x_wconf 92' lang='lat' dir='ltr'><strong>se</strong></span> <span class='ocrx_word' id='word_1_131' title='bbox 1817 1412 1976 1475; x_wconf 90' lang='lat' dir='ltr'><strong>irretitum</strong></span> 
     </span>
     <span class='ocr_line' id='line_1_13' title="bbox 300 1501 1976 1582; baseline -0.001 -18"><span class='ocrx_word' id='word_1_132' title='bbox 300 1503 434 1566; x_wconf 90' lang='lat' dir='ltr'><strong>noverit.</strong></span> <span class='ocrx_word' id='word_1_133' title='bbox 473 1502 538 1582; x_wconf 81' lang='lat' dir='ltr'><strong>Qui</strong></span> <span class='ocrx_word' id='word_1_134' title='bbox 554 1523 632 1565; x_wconf 92' lang='lat' dir='ltr'><strong>vero</strong></span> <span class='ocrx_word' id='word_1_135' title='bbox 648 1502 730 1566; x_wconf 92' lang='lat' dir='ltr'><strong>haec</strong></span> <span class='ocrx_word' id='word_1_136' title='bbox 746 1504 863 1566; x_wconf 89' lang='lat' dir='ltr'><strong>eadem</strong></span> <span class='ocrx_word' id='word_1_137' title='bbox 879 1504 967 1568; x_wconf 84' lang='lat' dir='ltr'><strong>fideli</strong></span> <span class='ocrx_word' id='word_1_138' title='bbox 984 1505 1162 1569; x_wconf 91' lang='lat' dir='ltr'><strong>devotione</strong></span> <span class='ocrx_word' id='word_1_139' title='bbox 1177 1506 1351 1569; x_wconf 89' lang='lat' dir='ltr'><strong>observare</strong></span> <span class='ocrx_word' id='word_1_140' title='bbox 1368 1506 1534 1582; x_wconf 86' lang='lat' dir='ltr'><strong>curaverit,</strong></span> <span class='ocrx_word' id='word_1_141' title='bbox 1560 1505 1689 1568; x_wconf 92' lang='lat' dir='ltr'><strong>divinae</strong></span> <span class='ocrx_word' id='word_1_142' title='bbox 1705 1501 1976 1566; x_wconf 89' lang='lat' dir='ltr'><strong>remunerationis</strong></span> 
     </span>
     <span class='ocr_line' id='line_1_14' title="bbox 298 1592 1866 1676; baseline -0.001 -23"><span class='ocrx_word' id='word_1_143' title='bbox 298 1593 438 1672; x_wconf 86' lang='lat' dir='ltr'><strong>gratiam</strong></span> <span class='ocrx_word' id='word_1_144' title='bbox 461 1602 495 1654; x_wconf 92' lang='lat' dir='ltr'><strong>et</strong></span> <span class='ocrx_word' id='word_1_145' title='bbox 517 1593 719 1673; x_wconf 88' lang='lat' dir='ltr'><strong>apostolicae</strong></span> <span class='ocrx_word' id='word_1_146' title='bbox 742 1592 982 1656; x_wconf 90' lang='lat' dir='ltr'><strong>benedictionis</strong></span> <span class='ocrx_word' id='word_1_147' title='bbox 1005 1595 1058 1658; x_wconf 95' lang='lat' dir='ltr'><strong>hic</strong></span> <span class='ocrx_word' id='word_1_148' title='bbox 1081 1605 1114 1658; x_wconf 92' lang='lat' dir='ltr'><strong>et</strong></span> <span class='ocrx_word' id='word_1_149' title='bbox 1138 1595 1332 1658; x_wconf 83' lang='lat' dir='ltr'><strong>infuturum</strong></span> <span class='ocrx_word' id='word_1_150' title='bbox 1356 1604 1575 1676; x_wconf 87' lang='lat' dir='ltr'><strong>consequatur</strong></span> <span class='ocrx_word' id='word_1_151' title='bbox 1597 1592 1866 1657; x_wconf 89' lang='lat' dir='ltr'><strong>habundantiam.</strong></span> 
     </span>
    </p>

    <p class='ocr_par' dir='ltr' id='par_1_3' title="bbox 299 1679 1975 1941">
     <span class='ocr_line' id='line_1_15' title="bbox 458 1679 1975 1766; baseline -0.001 -24"><span class='ocrx_word' id='word_1_152' title='bbox 458 1683 548 1743; x_wconf 90' lang='lat' dir='ltr'><strong>Data</strong></span> <span class='ocrx_word' id='word_1_153' title='bbox 577 1682 756 1758; x_wconf 88' lang='lat' dir='ltr'><strong>Lateranis,</strong></span> <span class='ocrx_word' id='word_1_154' title='bbox 788 1696 860 1745; x_wconf 80' lang='lat' dir='ltr'><strong>xm.</strong></span> <span class='ocrx_word' id='word_1_155' title='bbox 884 1682 958 1746; x_wconf 88' lang='lat' dir='ltr'><strong>Kal.</strong></span> <span class='ocrx_word' id='word_1_156' title='bbox 983 1685 1071 1761; x_wconf 89' lang='lat' dir='ltr'><strong>Maii,</strong></span> <span class='ocrx_word' id='word_1_157' title='bbox 1104 1705 1164 1766; x_wconf 91' lang='lat' dir='ltr'><strong>per</strong></span> <span class='ocrx_word' id='word_1_158' title='bbox 1195 1704 1310 1748; x_wconf 92' lang='lat' dir='ltr'><strong>manus</strong></span> <span class='ocrx_word' id='word_1_159' title='bbox 1333 1685 1427 1759; x_wconf 91' lang='lat' dir='ltr'><strong>Petri,</strong></span> <span class='ocrx_word' id='word_1_160' title='bbox 1459 1694 1592 1747; x_wconf 89' lang='lat' dir='ltr'><strong>sanctae</strong></span> <span class='ocrx_word' id='word_1_161' title='bbox 1615 1685 1786 1746; x_wconf 88' lang='lat' dir='ltr'><strong>Romanae</strong></span> <span class='ocrx_word' id='word_1_162' title='bbox 1817 1679 1975 1743; x_wconf 90' lang='lat' dir='ltr'><strong>ecclesiae</strong></span> 
     </span>
     <span class='ocr_line' id='line_1_16' title="bbox 299 1769 1974 1856; baseline 0.001 -26"><span class='ocrx_word' id='word_1_163' title='bbox 299 1769 481 1850; x_wconf 90' lang='lat' dir='ltr'><strong>presbyteri</strong></span> <span class='ocrx_word' id='word_1_164' title='bbox 507 1770 678 1833; x_wconf 89' lang='lat' dir='ltr'><strong>cardinalis</strong></span> <span class='ocrx_word' id='word_1_165' title='bbox 702 1791 740 1834; x_wconf 91' lang='lat' dir='ltr'><strong>ac</strong></span> <span class='ocrx_word' id='word_1_166' title='bbox 768 1770 1017 1836; x_wconf 89' lang='lat' dir='ltr'><strong>bibliothecarii.</strong></span> <span class='ocrx_word' id='word_1_167' title='bbox 1063 1775 1164 1838; x_wconf 90' lang='lat' dir='ltr'><strong>Anno</strong></span> <span class='ocrx_word' id='word_1_168' title='bbox 1188 1787 1238 1837; x_wconf 82' lang='grc' dir='ltr'><strong>ΧΠ</strong></span> <span class='ocrx_word' id='word_1_169' title='bbox 1261 1772 1472 1856; x_wconf 88' lang='lat' dir='ltr'><strong>pontificatus</strong></span> <span class='ocrx_word' id='word_1_170' title='bbox 1496 1774 1608 1836; x_wconf 92' lang='lat' dir='ltr'><strong>donini</strong></span> <span class='ocrx_word' id='word_1_171' title='bbox 1632 1771 1766 1836; x_wconf 90' lang='lat' dir='ltr'><strong>secundi</strong></span> <span class='ocrx_word' id='word_1_172' title='bbox 1790 1769 1974 1833; x_wconf 86' lang='lat' dir='ltr'><strong>Alexandri</strong></span> 
     </span>
     <span class='ocr_line' id='line_1_17' title="bbox 299 1859 713 1941; baseline 0.007 -21"><span class='ocrx_word' id='word_1_173' title='bbox 299 1878 416 1941; x_wconf 85' lang='lat' dir='ltr'><strong>papae.</strong></span> <span class='ocrx_word' id='word_1_174' title='bbox 463 1859 645 1922; x_wconf 90' lang='lat' dir='ltr'><strong>Indictione</strong></span> <span class='ocrx_word' id='word_1_175' title='bbox 667 1873 713 1923; x_wconf 85' lang='lat' dir='ltr'><strong>x1.</strong></span> 
     </span>
    </p>
   </div>
   <div class='ocr_carea' id='block_1_3' title="bbox 457 1972 1462 2046">
    <p class='ocr_par' dir='ltr' id='par_1_4' title="bbox 457 1972 1462 2046">
     <span class='ocr_line' id='line_1_18' title="bbox 457 1972 1462 2046; baseline 0.005 -23"><span class='ocrx_word' id='word_1_176' title='bbox 457 1972 582 2042; x_wconf 81' lang='lat' dir='ltr'><strong>Absckrifl</strong></span> <span class='ocrx_word' id='word_1_177' title='bbox 597 1973 640 2025; x_wconf 82' lang='lat' dir='ltr'><strong>der</strong></span> <span class='ocrx_word' id='word_1_178' title='bbox 660 1974 719 2024; x_wconf 84' lang='lat' dir='ltr'><strong>Coll.</strong></span> <span class='ocrx_word' id='word_1_179' title='bbox 738 1975 829 2026; x_wconf 79' lang='lat' dir='ltr'><strong>Baluze</strong></span> <span class='ocrx_word' id='word_1_180' title='bbox 849 1978 882 2027; x_wconf 81' lang='grc'><strong>78</strong></span> <span class='ocrx_word' id='word_1_181' title='bbox 893 1977 920 2046; x_wconf 84' lang='lat' dir='ltr'><strong><em>s</em></strong></span> <span class='ocrx_word' id='word_1_182' title='bbox 941 1979 980 2038; x_wconf 76' lang='lat' dir='ltr'><strong>db,</strong></span> <span class='ocrx_word' id='word_1_183' title='bbox 999 1975 1026 2026; x_wconf 82' lang='lat' dir='ltr'><strong>in</strong></span> <span class='ocrx_word' id='word_1_184' title='bbox 1043 1977 1087 2028; x_wconf 77' lang='lat' dir='ltr'><strong>der</strong></span> <span class='ocrx_word' id='word_1_185' title='bbox 1103 1977 1166 2028; x_wconf 80' lang='lat' dir='ltr'><strong>Bibl.</strong></span> <span class='ocrx_word' id='word_1_186' title='bbox 1186 1977 1316 2028; x_wconf 80' lang='lat' dir='ltr'><strong>Nationalc</strong></span> <span class='ocrx_word' id='word_1_187' title='bbox 1334 1995 1364 2027; x_wconf 75' lang='lat' dir='ltr'><strong>su</strong></span> <span class='ocrx_word' id='word_1_188' title='bbox 1383 1977 1462 2028; x_wconf 78' lang='lat' dir='ltr'><strong>Pan&#39;s.</strong></span> 
     </span>
    </p>
   </div>
   <div class='ocr_carea' id='block_1_4' title="bbox 1027 2239 1215 2338">
    <p class='ocr_par' dir='ltr' id='par_1_5' title="bbox 1027 2239 1215 2338">
     <span class='ocr_line' id='line_1_19' title="bbox 1027 2239 1215 2338; baseline -0.005 -1"><span class='ocrx_word' id='word_1_189' title='bbox 1027 2239 1122 2337; x_wconf 77' lang='lat' dir='ltr'><strong>Ns.</strong></span> <span class='ocrx_word' id='word_1_190' title='bbox 1156 2264 1215 2338; x_wconf 89' lang='lat'><strong>15.</strong></span> 
     </span>
    </p>
   </div>
   <div class='ocr_carea' id='block_1_5' title="bbox 302 2406 1975 2584">
    <p class='ocr_par' dir='ltr' id='par_1_6' title="bbox 302 2406 1975 2584">
     <span class='ocr_line' id='line_1_20' title="bbox 302 2406 1975 2498; baseline -0.001 -24"><span class='ocrx_word' id='word_1_191' title='bbox 302 2406 427 2492; x_wconf 55' lang='lat' dir='ltr'><strong>Gra-gor</strong></span> <span class='ocrx_word' id='word_1_192' title='bbox 451 2407 521 2472; x_wconf 92' lang='lat' dir='ltr'><strong>VII</strong></span> <span class='ocrx_word' id='word_1_193' title='bbox 537 2408 689 2496; x_wconf 69' lang='lat' dir='ltr'><strong>bestdtrgt</strong></span> <span class='ocrx_word' id='word_1_194' title='bbox 714 2407 787 2474; x_wconf 84' lang='lat' dir='ltr'><strong>dem</strong></span> <span class='ocrx_word' id='word_1_195' title='bbox 811 2411 891 2475; x_wconf 78' lang='lat' dir='ltr'><strong>Abte</strong></span> <span class='ocrx_word' id='word_1_196' title='bbox 915 2411 1089 2498; x_wconf 77' lang='lat' dir='ltr'><strong>Clcrz&#39;stoplr</strong></span> <span class='ocrx_word' id='word_1_197' title='bbox 1110 2435 1174 2477; x_wconf 84' lang='lat' dir='ltr'><strong>von</strong></span> <span class='ocrx_word' id='word_1_198' title='bbox 1198 2413 1266 2478; x_wconf 79' lang='lat' dir='ltr'><strong>San</strong></span> <span class='ocrx_word' id='word_1_199' title='bbox 1290 2413 1397 2476; x_wconf 84' lang='lat' dir='ltr'><strong>Pietro</strong></span> <span class='ocrx_word' id='word_1_200' title='bbox 1420 2413 1459 2475; x_wconf 85' lang='lat' dir='ltr'><strong>di</strong></span> <span class='ocrx_word' id='word_1_201' title='bbox 1484 2411 1640 2476; x_wconf 81' lang='lat' dir='ltr'><strong>Cremona</strong></span> <span class='ocrx_word' id='word_1_202' title='bbox 1663 2411 1719 2476; x_wconf 80' lang='lat' dir='ltr'><strong>die</strong></span> <span class='ocrx_word' id='word_1_203' title='bbox 1741 2409 1975 2474; x_wconf 75' lang='lat' dir='ltr'><strong>Besitztlu&#39;r&#39;mcr</strong></span> 
     </span>
     <span class='ocr_line' id='line_1_21' title="bbox 744 2500 1519 2584; baseline 0.003 -19"><span class='ocrx_word' id='word_1_204' title='bbox 744 2501 848 2566; x_wconf 85' lang='lat' dir='ltr'><strong>seines</strong></span> <span class='ocrx_word' id='word_1_205' title='bbox 865 2500 1010 2568; x_wconf 86' lang='lat' dir='ltr'><strong>Klosters</strong></span> <span class='ocrx_word' id='word_1_206' title='bbox 1026 2503 1098 2567; x_wconf 85' lang='lat' dir='ltr'><strong>und</strong></span> <span class='ocrx_word' id='word_1_207' title='bbox 1109 2503 1249 2569; x_wconf 79' lang='lat' dir='ltr'><strong>verleilrt</strong></span> <span class='ocrx_word' id='word_1_208' title='bbox 1263 2503 1332 2568; x_wconf 83' lang='lat' dir='ltr'><strong>ihm</strong></span> <span class='ocrx_word' id='word_1_209' title='bbox 1350 2500 1466 2566; x_wconf 80' lang='lat' dir='ltr'><strong>Reclrte</strong></span> <span class='ocrx_word' id='word_1_210' title='bbox 1485 2505 1519 2584; x_wconf 86' lang='lat'><strong>¹).</strong></span> 
     </span>
    </p>
   </div>
   <div class='ocr_carea' id='block_1_6' title="bbox 1004 2638 1267 2702">
    <p class='ocr_par' dir='ltr' id='par_1_7' title="bbox 1004 2638 1267 2702">
     <span class='ocr_line' id='line_1_22' title="bbox 1004 2638 1267 2702; baseline 0.004 -1"><span class='ocrx_word' id='word_1_211' title='bbox 1004 2641 1090 2701; x_wconf 79' lang='lat'><em>1078</em></span> <span class='ocrx_word' id='word_1_212' title='bbox 1106 2638 1203 2702; x_wconf 75' lang='lat' dir='ltr'><strong>Mdrz</strong></span> <span class='ocrx_word' id='word_1_213' title='bbox 1217 2642 1267 2702; x_wconf 90' lang='lat'><strong>10.</strong></span> 
     </span>
    </p>
   </div>
   <div class='ocr_carea' id='block_1_7' title="bbox 296 2767 1978 3125">
    <p class='ocr_par' dir='ltr' id='par_1_8' title="bbox 296 2767 1978 3125">
     <span class='ocr_line' id='line_1_23' title="bbox 456 2767 1971 2854; baseline -0.003 -21"><span class='ocrx_word' id='word_1_214' title='bbox 456 2769 633 2852; x_wconf 84' lang='lat' dir='ltr'><strong>Gregorius</strong></span> <span class='ocrx_word' id='word_1_215' title='bbox 655 2773 838 2854; x_wconf 92' lang='lat' dir='ltr'><strong>episcopus,</strong></span> <span class='ocrx_word' id='word_1_216' title='bbox 870 2793 981 2836; x_wconf 87' lang='lat' dir='ltr'><strong>servus</strong></span> <span class='ocrx_word' id='word_1_217' title='bbox 1011 2795 1178 2837; x_wconf 91' lang='lat' dir='ltr'><strong>servorum</strong></span> <span class='ocrx_word' id='word_1_218' title='bbox 1209 2773 1270 2849; x_wconf 90' lang='lat' dir='ltr'><strong>dei,</strong></span> <span class='ocrx_word' id='word_1_219' title='bbox 1303 2773 1423 2836; x_wconf 91' lang='lat' dir='ltr'><strong>dilecto</strong></span> <span class='ocrx_word' id='word_1_220' title='bbox 1447 2773 1480 2835; x_wconf 93' lang='lat' dir='ltr'><strong>in</strong></span> <span class='ocrx_word' id='word_1_221' title='bbox 1505 2771 1633 2834; x_wconf 90' lang='lat' dir='ltr'><strong>Christo</strong></span> <span class='ocrx_word' id='word_1_222' title='bbox 1665 2769 1732 2832; x_wconf 89' lang='lat' dir='ltr'><strong>filio</strong></span> <span class='ocrx_word' id='word_1_223' title='bbox 1757 2767 1971 2842; x_wconf 87' lang='lat' dir='ltr'><strong>Christosor0,</strong></span> 
     </span>
     <span class='ocr_line' id='line_1_24' title="bbox 297 2857 1972 2940; baseline -0.001 -21"><span class='ocrx_word' id='word_1_224' title='bbox 297 2857 410 2920; x_wconf 89' lang='lat' dir='ltr'><strong>abbati</strong></span> <span class='ocrx_word' id='word_1_225' title='bbox 442 2861 628 2923; x_wconf 87' lang='lat' dir='ltr'><strong>monasterii</strong></span> <span class='ocrx_word' id='word_1_226' title='bbox 661 2863 763 2924; x_wconf 91' lang='lat' dir='ltr'><strong>sancti</strong></span> <span class='ocrx_word' id='word_1_227' title='bbox 795 2863 889 2940; x_wconf 90' lang='lat' dir='ltr'><strong>Petri,</strong></span> <span class='ocrx_word' id='word_1_228' title='bbox 921 2865 1098 2927; x_wconf 88' lang='lat' dir='ltr'><strong>constructi</strong></span> <span class='ocrx_word' id='word_1_229' title='bbox 1131 2865 1164 2926; x_wconf 92' lang='lat' dir='ltr'><strong>in</strong></span> <span class='ocrx_word' id='word_1_230' title='bbox 1195 2863 1325 2926; x_wconf 89' lang='lat' dir='ltr'><strong>civitate</strong></span> <span class='ocrx_word' id='word_1_231' title='bbox 1357 2862 1536 2939; x_wconf 89' lang='lat' dir='ltr'><strong>Cremona,</strong></span> <span class='ocrx_word' id='word_1_232' title='bbox 1567 2861 1698 2940; x_wconf 90' lang='lat' dir='ltr'><strong>suisque</strong></span> <span class='ocrx_word' id='word_1_233' title='bbox 1729 2857 1972 2921; x_wconf 90' lang='lat' dir='ltr'><strong>successoribus</strong></span> 
     </span>
     <span class='ocr_line' id='line_1_25' title="bbox 297 2944 1978 3035; baseline -0.001 -27"><span class='ocrx_word' id='word_1_234' title='bbox 297 2945 421 3010; x_wconf 91' lang='lat' dir='ltr'><strong>ibidem</strong></span> <span class='ocrx_word' id='word_1_235' title='bbox 443 2949 632 3031; x_wconf 87' lang='lat' dir='ltr'><strong>regulariter</strong></span> <span class='ocrx_word' id='word_1_236' title='bbox 652 2953 896 3033; x_wconf 91' lang='lat' dir='ltr'><strong>promovendis,</strong></span> <span class='ocrx_word' id='word_1_237' title='bbox 920 2954 965 3016; x_wconf 94' lang='lat' dir='ltr'><strong>im</strong></span> <span class='ocrx_word' id='word_1_238' title='bbox 988 2963 1191 3035; x_wconf 90' lang='lat' dir='ltr'><strong>perpetuum.</strong></span> <span class='ocrx_word' id='word_1_239' title='bbox 1238 2951 1386 3034; x_wconf 88' lang='lat' dir='ltr'><strong>Supeme</strong></span> <span class='ocrx_word' id='word_1_240' title='bbox 1416 2950 1637 3014; x_wconf 91' lang='lat' dir='ltr'><strong>miseracionis</strong></span> <span class='ocrx_word' id='word_1_241' title='bbox 1660 2957 1809 3030; x_wconf 90' lang='lat' dir='ltr'><strong>respectu</strong></span> <span class='ocrx_word' id='word_1_242' title='bbox 1841 2945 1884 3008; x_wconf 87' lang='lat' dir='ltr'><strong>ad</strong></span> <span class='ocrx_word' id='word_1_243' title='bbox 1906 2944 1978 3008; x_wconf 91' lang='lat' dir='ltr'><strong>hoc&#39;</strong></span> 
     </span>
     <span class='ocr_line' id='line_1_26' title="bbox 296 3037 1971 3125; baseline 0 -27"><span class='ocrx_word' id='word_1_244' title='bbox 296 3037 484 3100; x_wconf 89' lang='lat' dir='ltr'><strong>universalis</strong></span> <span class='ocrx_word' id='word_1_245' title='bbox 508 3039 644 3102; x_wconf 87' lang='lat' dir='ltr'><strong>ecclesie</strong></span> <span class='ocrx_word' id='word_1_246' title='bbox 667 3061 777 3103; x_wconf 89' lang='lat' dir='ltr'><strong>curam</strong></span> <span class='ocrx_word' id='word_1_247' title='bbox 800 3044 1002 3124; x_wconf 90' lang='lat' dir='ltr'><strong>suscepimus</strong></span> <span class='ocrx_word' id='word_1_248' title='bbox 1025 3053 1058 3106; x_wconf 88' lang='lat' dir='ltr'><strong>et</strong></span> <span class='ocrx_word' id='word_1_249' title='bbox 1081 3042 1255 3125; x_wconf 89' lang='lat' dir='ltr'><strong>apostolici</strong></span> <span class='ocrx_word' id='word_1_250' title='bbox 1280 3041 1512 3105; x_wconf 91' lang='lat' dir='ltr'><strong>moderaminis</strong></span> <span class='ocrx_word' id='word_1_251' title='bbox 1543 3037 1796 3102; x_wconf 91' lang='lat' dir='ltr'><strong>sollicitudinem</strong></span> <span class='ocrx_word' id='word_1_252' title='bbox 1818 3037 1971 3118; x_wconf 87' lang='lat' dir='ltr'><strong>gerimus,</strong></span> 
     </span>
    </p>
   </div>
   <div class='ocr_carea' id='block_1_8' title="bbox 291 3127 1973 5635">
    <p class='ocr_par' dir='ltr' id='par_1_9' title="bbox 291 3127 1973 5635">
     <span class='ocr_line' id='line_1_27' title="bbox 298 3127 1971 3214; baseline -0.001 -26"><span class='ocrx_word' id='word_1_253' title='bbox 298 3135 332 3189; x_wconf 87' lang='lat' dir='ltr'><strong>ut</strong></span> <span class='ocrx_word' id='word_1_254' title='bbox 354 3127 445 3190; x_wconf 91' lang='lat' dir='ltr'><strong>iustis</strong></span> <span class='ocrx_word' id='word_1_255' title='bbox 468 3131 677 3211; x_wconf 90' lang='lat' dir='ltr'><strong>precancium</strong></span> <span class='ocrx_word' id='word_1_256' title='bbox 699 3132 784 3194; x_wconf 91' lang='lat' dir='ltr'><strong>votis</strong></span> <span class='ocrx_word' id='word_1_257' title='bbox 809 3141 934 3195; x_wconf 89' lang='lat' dir='ltr'><strong>attenta</strong></span> <span class='ocrx_word' id='word_1_258' title='bbox 957 3132 1161 3214; x_wconf 82' lang='lat' dir='ltr'><strong>benignitate</strong></span> <span class='ocrx_word' id='word_1_259' title='bbox 1185 3132 1351 3196; x_wconf 82' lang='lat' dir='ltr'><strong>faveamus</strong></span> <span class='ocrx_word' id='word_1_260' title='bbox 1375 3140 1409 3195; x_wconf 92' lang='lat' dir='ltr'><strong>et</strong></span> <span class='ocrx_word' id='word_1_261' title='bbox 1432 3131 1603 3193; x_wconf 86' lang='lat' dir='ltr'><strong>libramine</strong></span> <span class='ocrx_word' id='word_1_262' title='bbox 1626 3127 1779 3209; x_wconf 89' lang='lat' dir='ltr'><strong>equitatis</strong></span> <span class='ocrx_word' id='word_1_263' title='bbox 1808 3127 1971 3202; x_wconf 92' lang='lat' dir='ltr'><strong>omnibus,</strong></span> 
     </span>
     <span class='ocr_line' id='line_1_28' title="bbox 297 3215 1972 3303; baseline 0.001 -27"><span class='ocrx_word' id='word_1_264' title='bbox 297 3215 329 3277; x_wconf 94' lang='lat' dir='ltr'><strong>in</strong></span> <span class='ocrx_word' id='word_1_265' title='bbox 352 3218 547 3282; x_wconf 90' lang='lat' dir='ltr'><strong>necessitate</strong></span> <span class='ocrx_word' id='word_1_266' title='bbox 577 3221 701 3300; x_wconf 90' lang='lat' dir='ltr'><strong>positis,</strong></span> <span class='ocrx_word' id='word_1_267' title='bbox 735 3215 893 3301; x_wconf 87' lang='lat' dir='ltr'><strong>quantum</strong></span> <span class='ocrx_word' id='word_1_268' title='bbox 923 3222 987 3285; x_wconf 91' lang='lat' dir='ltr'><strong>deo</strong></span> <span class='ocrx_word' id='word_1_269' title='bbox 1012 3223 1156 3286; x_wconf 91' lang='lat' dir='ltr'><strong>donante</strong></span> <span class='ocrx_word' id='word_1_270' title='bbox 1184 3240 1366 3303; x_wconf 91' lang='lat' dir='ltr'><strong>possumus,</strong></span> <span class='ocrx_word' id='word_1_271' title='bbox 1398 3221 1570 3283; x_wconf 88' lang='lat' dir='ltr'><strong>subvenire</strong></span> <span class='ocrx_word' id='word_1_272' title='bbox 1595 3216 1783 3293; x_wconf 91' lang='lat' dir='ltr'><strong>debeamus,</strong></span> <span class='ocrx_word' id='word_1_273' title='bbox 1814 3216 1972 3297; x_wconf 88' lang='lat' dir='ltr'><strong>precipue</strong></span> 
     </span>
     <span class='ocr_line' id='line_1_29' title="bbox 295 3304 1971 3394; baseline 0 -27"><span class='ocrx_word' id='word_1_274' title='bbox 295 3313 406 3368; x_wconf 89' lang='lat' dir='ltr'><strong>tamen</strong></span> <span class='ocrx_word' id='word_1_275' title='bbox 430 3307 471 3369; x_wconf 89' lang='lat' dir='ltr'><strong>de</strong></span> <span class='ocrx_word' id='word_1_276' title='bbox 493 3309 729 3373; x_wconf 89' lang='lat' dir='ltr'><strong>venerabilium</strong></span> <span class='ocrx_word' id='word_1_277' title='bbox 752 3309 900 3374; x_wconf 90' lang='lat' dir='ltr'><strong>locorum</strong></span> <span class='ocrx_word' id='word_1_278' title='bbox 923 3311 1101 3375; x_wconf 88' lang='lat' dir='ltr'><strong>stabilitate</strong></span> <span class='ocrx_word' id='word_1_279' title='bbox 1117 3332 1177 3394; x_wconf 93' lang='lat' dir='ltr'><strong>pro</strong></span> <span class='ocrx_word' id='word_1_280' title='bbox 1195 3311 1309 3374; x_wconf 93' lang='lat' dir='ltr'><strong>debito</strong></span> <span class='ocrx_word' id='word_1_281' title='bbox 1332 3309 1458 3373; x_wconf 90' lang='lat' dir='ltr'><strong>honore</strong></span> <span class='ocrx_word' id='word_1_282' title='bbox 1481 3329 1608 3373; x_wconf 90' lang='lat' dir='ltr'><strong>summe</strong></span> <span class='ocrx_word' id='word_1_283' title='bbox 1624 3316 1658 3370; x_wconf 89' lang='lat' dir='ltr'><strong>et</strong></span> <span class='ocrx_word' id='word_1_284' title='bbox 1674 3305 1857 3387; x_wconf 91' lang='lat' dir='ltr'><strong>apostolice</strong></span> <span class='ocrx_word' id='word_1_285' title='bbox 1872 3304 1971 3382; x_wconf 89' lang='lat' dir='ltr'><strong>sedis,</strong></span> 
     </span>
     <span class='ocr_line' id='line_1_30' title="bbox 296 3394 1972 3482; baseline -0.001 -26"><span class='ocrx_word' id='word_1_286' title='bbox 296 3395 385 3458; x_wconf 91' lang='lat' dir='ltr'><strong>cuius</strong></span> <span class='ocrx_word' id='word_1_287' title='bbox 409 3397 557 3460; x_wconf 92' lang='lat' dir='ltr'><strong>membra</strong></span> <span class='ocrx_word' id='word_1_288' title='bbox 579 3409 662 3475; x_wconf 91' lang='lat' dir='ltr'><strong>sunt,</strong></span> <span class='ocrx_word' id='word_1_289' title='bbox 698 3410 856 3481; x_wconf 90' lang='lat' dir='ltr'><strong>quantum</strong></span> <span class='ocrx_word' id='word_1_290' title='bbox 887 3421 929 3464; x_wconf 90' lang='lat' dir='ltr'><strong>ex</strong></span> <span class='ocrx_word' id='word_1_291' title='bbox 953 3401 1063 3464; x_wconf 90' lang='lat' dir='ltr'><strong>divino</strong></span> <span class='ocrx_word' id='word_1_292' title='bbox 1088 3401 1250 3464; x_wconf 89' lang='lat' dir='ltr'><strong>adiutorio</strong></span> <span class='ocrx_word' id='word_1_293' title='bbox 1274 3399 1476 3482; x_wconf 92' lang='lat' dir='ltr'><strong>possibilitas</strong></span> <span class='ocrx_word' id='word_1_294' title='bbox 1500 3400 1603 3476; x_wconf 90' lang='lat' dir='ltr'><strong>datur,</strong></span> <span class='ocrx_word' id='word_1_295' title='bbox 1636 3395 1733 3458; x_wconf 93' lang='lat' dir='ltr'><strong>nobis</strong></span> <span class='ocrx_word' id='word_1_296' title='bbox 1763 3394 1972 3478; x_wconf 89' lang='lat' dir='ltr'><strong>pensandum</strong></span> 
     </span>
     <span class='ocr_line' id='line_1_31' title="bbox 294 3483 1971 3572; baseline 0 -25"><span class='ocrx_word' id='word_1_297' title='bbox 294 3493 328 3548; x_wconf 89' lang='lat' dir='ltr'><strong>et</strong></span> <span class='ocrx_word' id='word_1_298' title='bbox 357 3484 576 3551; x_wconf 87' lang='lat' dir='ltr'><strong>laborandum</strong></span> <span class='ocrx_word' id='word_1_299' title='bbox 609 3509 681 3552; x_wconf 88' lang='lat' dir='ltr'><strong>esse</strong></span> <span class='ocrx_word' id='word_1_300' title='bbox 710 3490 952 3571; x_wconf 90' lang='lat' dir='ltr'><strong>perpendimus.</strong></span> <span class='ocrx_word' id='word_1_301' title='bbox 1006 3491 1147 3554; x_wconf 91' lang='lat' dir='ltr'><strong>Proinde</strong></span> <span class='ocrx_word' id='word_1_302' title='bbox 1187 3491 1278 3553; x_wconf 90' lang='lat' dir='ltr'><strong>iuxta</strong></span> <span class='ocrx_word' id='word_1_303' title='bbox 1318 3490 1519 3572; x_wconf 91' lang='lat' dir='ltr'><strong>peticionem</strong></span> <span class='ocrx_word' id='word_1_304' title='bbox 1549 3487 1665 3567; x_wconf 88' lang='lat' dir='ltr'><strong>(tuam)</strong></span> <span class='ocrx_word' id='word_1_305' title='bbox 1699 3485 1810 3548; x_wconf 92' lang='lat' dir='ltr'><strong>omnia</strong></span> <span class='ocrx_word' id='word_1_306' title='bbox 1840 3483 1971 3566; x_wconf 89' lang='lat' dir='ltr'><strong>prefato</strong></span> 
     </span>
     <span class='ocr_line' id='line_1_32' title="bbox 294 3572 1971 3662; baseline -0.001 -26"><span class='ocrx_word' id='word_1_307' title='bbox 294 3577 501 3652; x_wconf 91' lang='lat' dir='ltr'><strong>monasterio,</strong></span> <span class='ocrx_word' id='word_1_308' title='bbox 527 3578 577 3640; x_wconf 92' lang='lat' dir='ltr'><strong>cui</strong></span> <span class='ocrx_word' id='word_1_309' title='bbox 600 3586 635 3641; x_wconf 90' lang='lat' dir='ltr'><strong>tu</strong></span> <span class='ocrx_word' id='word_1_310' title='bbox 659 3598 790 3660; x_wconf 91' lang='lat' dir='ltr'><strong>preesse</strong></span> <span class='ocrx_word' id='word_1_311' title='bbox 812 3579 999 3657; x_wconf 84' lang='lat' dir='ltr'><strong>dinosceris,</strong></span> <span class='ocrx_word' id='word_1_312' title='bbox 1032 3590 1065 3644; x_wconf 93' lang='lat' dir='ltr'><strong>et</strong></span> <span class='ocrx_word' id='word_1_313' title='bbox 1089 3581 1178 3662; x_wconf 93' lang='lat' dir='ltr'><strong>quod</strong></span> <span class='ocrx_word' id='word_1_314' title='bbox 1201 3581 1353 3642; x_wconf 88' lang='lat' dir='ltr'><strong>Romane</strong></span> <span class='ocrx_word' id='word_1_315' title='bbox 1376 3579 1513 3643; x_wconf 88' lang='lat' dir='ltr'><strong>ecclesie</strong></span> <span class='ocrx_word' id='word_1_316' title='bbox 1536 3577 1710 3641; x_wconf 89' lang='lat' dir='ltr'><strong>annualem</strong></span> <span class='ocrx_word' id='word_1_317' title='bbox 1733 3593 1866 3637; x_wconf 91' lang='lat' dir='ltr'><strong>censum</strong></span> <span class='ocrx_word' id='word_1_318' title='bbox 1890 3572 1971 3636; x_wconf 93' lang='lat' dir='ltr'><strong>duo·</strong></span> 
     </span>
     <span class='ocr_line' id='line_1_33' title="bbox 294 3662 1973 3752; baseline 0.001 -27"><span class='ocrx_word' id='word_1_319' title='bbox 294 3662 402 3728; x_wconf 92' lang='lat' dir='ltr'><strong>decim</strong></span> <span class='ocrx_word' id='word_1_320' title='bbox 413 3665 619 3730; x_wconf 88' lang='lat' dir='ltr'><strong>denariorum</strong></span> <span class='ocrx_word' id='word_1_321' title='bbox 627 3667 883 3733; x_wconf 90' lang='lat' dir='ltr'><strong>Mediolanensis</strong></span> <span class='ocrx_word' id='word_1_322' title='bbox 898 3680 1030 3734; x_wconf 91' lang='lat' dir='ltr'><strong>monete</strong></span> <span class='ocrx_word' id='word_1_323' title='bbox 1045 3670 1211 3752; x_wconf 85' lang='lat' dir='ltr'><strong>persolvit,</strong></span> <span class='ocrx_word' id='word_1_324' title='bbox 1226 3669 1411 3733; x_wconf 91' lang='lat' dir='ltr'><strong>huiusmodi</strong></span> <span class='ocrx_word' id='word_1_325' title='bbox 1424 3667 1594 3751; x_wconf 92' lang='lat' dir='ltr'><strong>privilegia</strong></span> <span class='ocrx_word' id='word_1_326' title='bbox 1609 3664 1752 3750; x_wconf 89' lang='lat' dir='ltr'><strong>presenti</strong></span> <span class='ocrx_word' id='word_1_327' title='bbox 1769 3663 1973 3727; x_wconf 90' lang='lat' dir='ltr'><strong>auctoritatis</strong></span> 
     </span>
     <span class='ocr_line' id='line_1_34' title="bbox 293 3754 1972 3841; baseline 0.001 -25"><span class='ocrx_word' id='word_1_328' title='bbox 293 3763 402 3817; x_wconf 91' lang='lat' dir='ltr'><strong>nostre</strong></span> <span class='ocrx_word' id='word_1_329' title='bbox 426 3755 558 3820; x_wconf 90' lang='lat' dir='ltr'><strong>decreto</strong></span> <span class='ocrx_word' id='word_1_330' title='bbox 582 3757 796 3840; x_wconf 69' lang='lat' dir='ltr'><strong>indulgemus</strong></span> <span class='ocrx_word' id='word_1_331' title='bbox 827 3760 1037 3823; x_wconf 90' lang='lat' dir='ltr'><strong>concedimus</strong></span> <span class='ocrx_word' id='word_1_332' title='bbox 1059 3769 1159 3841; x_wconf 87' lang='lat' dir='ltr'><strong>atque</strong></span> <span class='ocrx_word' id='word_1_333' title='bbox 1181 3759 1356 3822; x_wconf 91' lang='lat' dir='ltr'><strong>firmamus.</strong></span> <span class='ocrx_word' id='word_1_334' title='bbox 1402 3758 1600 3834; x_wconf 90' lang='lat' dir='ltr'><strong>Statuentes,</strong></span> <span class='ocrx_word' id='word_1_335' title='bbox 1632 3754 1756 3819; x_wconf 89' lang='lat' dir='ltr'><strong>nullum</strong></span> <span class='ocrx_word' id='word_1_336' title='bbox 1779 3774 1893 3836; x_wconf 91' lang='lat' dir='ltr'><strong>regum</strong></span> <span class='ocrx_word' id='word_1_337' title='bbox 1915 3754 1972 3818; x_wconf 93' lang='lat' dir='ltr'><strong>vel</strong></span> 
     </span>
     <span class='ocr_line' id='line_1_35' title="bbox 292 3843 1972 3932; baseline 0.002 -27"><span class='ocrx_word' id='word_1_338' title='bbox 292 3843 535 3925; x_wconf 88' lang='lat' dir='ltr'><strong>imperatorum,</strong></span> <span class='ocrx_word' id='word_1_339' title='bbox 559 3848 748 3924; x_wconf 90' lang='lat' dir='ltr'><strong>antistitum,</strong></span> <span class='ocrx_word' id='word_1_340' title='bbox 779 3848 903 3911; x_wconf 89' lang='lat' dir='ltr'><strong>nullum</strong></span> <span class='ocrx_word' id='word_1_341' title='bbox 927 3869 1134 3931; x_wconf 92' lang='lat' dir='ltr'><strong>quacumque</strong></span> <span class='ocrx_word' id='word_1_342' title='bbox 1162 3849 1321 3932; x_wconf 88' lang='lat' dir='ltr'><strong>dignitate</strong></span> <span class='ocrx_word' id='word_1_343' title='bbox 1345 3848 1518 3931; x_wconf 92' lang='lat' dir='ltr'><strong>preditum,</strong></span> <span class='ocrx_word' id='word_1_344' title='bbox 1550 3848 1602 3910; x_wconf 91' lang='lat' dir='ltr'><strong>vel</strong></span> <span class='ocrx_word' id='word_1_345' title='bbox 1634 3863 1835 3929; x_wconf 88' lang='lat' dir='ltr'><strong>quemquam</strong></span> <span class='ocrx_word' id='word_1_346' title='bbox 1868 3845 1972 3908; x_wconf 87' lang='lat' dir='ltr'><strong>alium</strong></span> 
     </span>
     <span class='ocr_line' id='line_1_36' title="bbox 291 3933 1973 4021; baseline -0.001 -23"><span class='ocrx_word' id='word_1_347' title='bbox 291 3933 420 4011; x_wconf 88' lang='lat' dir='ltr'><strong>audere,</strong></span> <span class='ocrx_word' id='word_1_348' title='bbox 444 3935 487 3998; x_wconf 93' lang='lat' dir='ltr'><strong>de</strong></span> <span class='ocrx_word' id='word_1_349' title='bbox 505 3935 563 4012; x_wconf 90' lang='lat' dir='ltr'><strong>his,</strong></span> <span class='ocrx_word' id='word_1_350' title='bbox 589 3957 653 4019; x_wconf 90' lang='lat' dir='ltr'><strong>que</strong></span> <span class='ocrx_word' id='word_1_351' title='bbox 676 3938 784 4001; x_wconf 90' lang='lat' dir='ltr'><strong>eidem</strong></span> <span class='ocrx_word' id='word_1_352' title='bbox 805 3939 984 4002; x_wconf 89' lang='lat' dir='ltr'><strong>venerabili</strong></span> <span class='ocrx_word' id='word_1_353' title='bbox 1008 3939 1082 4002; x_wconf 92' lang='lat' dir='ltr'><strong>loco</strong></span> <span class='ocrx_word' id='word_1_354' title='bbox 1106 3961 1127 4003; x_wconf 92' lang='lat' dir='ltr'><strong>a</strong></span> <span class='ocrx_word' id='word_1_355' title='bbox 1150 3939 1350 4021; x_wconf 88' lang='lat' dir='ltr'><strong>quibuslibet</strong></span> <span class='ocrx_word' id='word_1_356' title='bbox 1372 3938 1560 4001; x_wconf 86' lang='lat' dir='ltr'><strong>hominibus</strong></span> <span class='ocrx_word' id='word_1_357' title='bbox 1583 3937 1626 4000; x_wconf 92' lang='lat' dir='ltr'><strong>de</strong></span> <span class='ocrx_word' id='word_1_358' title='bbox 1650 3934 1785 4018; x_wconf 92' lang='lat' dir='ltr'><strong>proprio</strong></span> <span class='ocrx_word' id='word_1_359' title='bbox 1810 3934 1878 3996; x_wconf 92' lang='lat' dir='ltr'><strong>iure</strong></span> <span class='ocrx_word' id='word_1_360' title='bbox 1903 3933 1973 3996; x_wconf 90' lang='lat' dir='ltr'><strong>iam</strong></span> 
     </span>
     <span class='ocr_line' id='line_1_37' title="bbox 294 4024 1973 4105; baseline 0.002 -18"><span class='ocrx_word' id='word_1_361' title='bbox 294 4024 416 4088; x_wconf 88' lang='lat' dir='ltr'><strong>donata</strong></span> <span class='ocrx_word' id='word_1_362' title='bbox 431 4035 506 4089; x_wconf 87' lang='lat' dir='ltr'><strong>suut</strong></span> <span class='ocrx_word' id='word_1_363' title='bbox 520 4027 572 4090; x_wconf 91' lang='lat' dir='ltr'><strong>vel</strong></span> <span class='ocrx_word' id='word_1_364' title='bbox 588 4027 621 4090; x_wconf 89' lang='lat' dir='ltr'><strong>in</strong></span> <span class='ocrx_word' id='word_1_365' title='bbox 638 4027 789 4104; x_wconf 83' lang='lat' dir='ltr'><strong>futurum,</strong></span> <span class='ocrx_word' id='word_1_366' title='bbox 806 4028 870 4091; x_wconf 91' lang='lat' dir='ltr'><strong>deo</strong></span> <span class='ocrx_word' id='word_1_367' title='bbox 886 4029 1069 4105; x_wconf 88' lang='lat' dir='ltr'><strong>miserante,</strong></span> <span class='ocrx_word' id='word_1_368' title='bbox 1087 4029 1207 4093; x_wconf 91' lang='lat' dir='ltr'><strong>collata</strong></span> <span class='ocrx_word' id='word_1_369' title='bbox 1223 4029 1350 4105; x_wconf 85' lang='lat' dir='ltr'><strong>luerint,</strong></span> <span class='ocrx_word' id='word_1_370' title='bbox 1366 4027 1427 4092; x_wconf 92' lang='lat' dir='ltr'><strong>sub</strong></span> <span class='ocrx_word' id='word_1_371' title='bbox 1444 4027 1616 4092; x_wconf 91' lang='lat' dir='ltr'><strong>cuiuslibet</strong></span> <span class='ocrx_word' id='word_1_372' title='bbox 1632 4045 1729 4090; x_wconf 90' lang='lat' dir='ltr'><strong>cause</strong></span> <span class='ocrx_word' id='word_1_373' title='bbox 1746 4025 1973 4091; x_wconf 90' lang='lat' dir='ltr'><strong>occasionisve</strong></span> 
     </span>
     <span class='ocr_line' id='line_1_38' title="bbox 293 4114 1973 4200; baseline 0.003 -24"><span class='ocrx_word' id='word_1_374' title='bbox 293 4133 387 4196; x_wconf 90' lang='lat' dir='ltr'><strong>spem</strong></span> <span class='ocrx_word' id='word_1_375' title='bbox 411 4116 556 4179; x_wconf 88' lang='lat' dir='ltr'><strong>minuere</strong></span> <span class='ocrx_word' id='word_1_376' title='bbox 577 4117 630 4179; x_wconf 91' lang='lat' dir='ltr'><strong>vel</strong></span> <span class='ocrx_word' id='word_1_377' title='bbox 654 4116 779 4181; x_wconf 82' lang='lat' dir='ltr'><strong>auferre</strong></span> <span class='ocrx_word' id='word_1_378' title='bbox 801 4118 854 4180; x_wconf 93' lang='lat' dir='ltr'><strong>vel</strong></span> <span class='ocrx_word' id='word_1_379' title='bbox 877 4119 945 4181; x_wconf 91' lang='lat' dir='ltr'><strong>sive</strong></span> <span class='ocrx_word' id='word_1_380' title='bbox 967 4119 1033 4182; x_wconf 93' lang='lat' dir='ltr'><strong>suis</strong></span> <span class='ocrx_word' id='word_1_381' title='bbox 1065 4119 1175 4182; x_wconf 90' lang='lat' dir='ltr'><strong>usibus</strong></span> <span class='ocrx_word' id='word_1_382' title='bbox 1205 4119 1372 4200; x_wconf 85' lang='lat' dir='ltr'><strong>applicare</strong></span> <span class='ocrx_word' id='word_1_383' title='bbox 1394 4117 1446 4180; x_wconf 91' lang='lat' dir='ltr'><strong>vel</strong></span> <span class='ocrx_word' id='word_1_384' title='bbox 1477 4115 1547 4180; x_wconf 89' lang='lat' dir='ltr'><strong>aliis</strong></span> <span class='ocrx_word' id='word_1_385' title='bbox 1572 4118 1665 4200; x_wconf 92' lang='lat' dir='ltr'><strong>quasi</strong></span> <span class='ocrx_word' id='word_1_386' title='bbox 1696 4115 1759 4197; x_wconf 92' lang='lat' dir='ltr'><strong>piis</strong></span> <span class='ocrx_word' id='word_1_387' title='bbox 1791 4114 1833 4178; x_wconf 92' lang='lat' dir='ltr'><strong>de</strong></span> <span class='ocrx_word' id='word_1_388' title='bbox 1863 4117 1973 4181; x_wconf 91' lang='lat' dir='ltr'><strong>causis</strong></span> 
     </span>
     <span class='ocr_line' id='line_1_39' title="bbox 293 4203 1972 4288; baseline 0.003 -23"><span class='ocrx_word' id='word_1_389' title='bbox 293 4223 354 4284; x_wconf 91' lang='lat' dir='ltr'><strong>pro</strong></span> <span class='ocrx_word' id='word_1_390' title='bbox 386 4224 444 4267; x_wconf 89' lang='lat' dir='ltr'><strong>sue</strong></span> <span class='ocrx_word' id='word_1_391' title='bbox 473 4207 612 4269; x_wconf 91' lang='lat' dir='ltr'><strong>avaricie</strong></span> <span class='ocrx_word' id='word_1_392' title='bbox 646 4207 862 4270; x_wconf 90' lang='lat' dir='ltr'><strong>excusacione</strong></span> <span class='ocrx_word' id='word_1_393' title='bbox 892 4208 1083 4284; x_wconf 91' lang='lat' dir='ltr'><strong>concedere,</strong></span> <span class='ocrx_word' id='word_1_394' title='bbox 1113 4208 1172 4271; x_wconf 93' lang='lat' dir='ltr'><strong>sed</strong></span> <span class='ocrx_word' id='word_1_395' title='bbox 1208 4218 1334 4284; x_wconf 87' lang='lat' dir='ltr'><strong>cuncta,</strong></span> <span class='ocrx_word' id='word_1_396' title='bbox 1365 4227 1430 4288; x_wconf 90' lang='lat' dir='ltr'><strong>que</strong></span> <span class='ocrx_word' id='word_1_397' title='bbox 1461 4207 1506 4270; x_wconf 93' lang='lat' dir='ltr'><strong>ibi</strong></span> <span class='ocrx_word' id='word_1_398' title='bbox 1537 4207 1652 4272; x_wconf 92' lang='lat' dir='ltr'><strong>oblata</strong></span> <span class='ocrx_word' id='word_1_399' title='bbox 1680 4214 1756 4270; x_wconf 92' lang='lat' dir='ltr'><strong>sunt</strong></span> <span class='ocrx_word' id='word_1_400' title='bbox 1778 4203 1830 4268; x_wconf 90' lang='lat' dir='ltr'><strong>vel</strong></span> <span class='ocrx_word' id='word_1_401' title='bbox 1860 4204 1972 4270; x_wconf 81' lang='lat' dir='ltr'><strong>offerri</strong></span> 
     </span>
     <span class='ocr_line' id='line_1_40' title="bbox 294 4293 1973 4379; baseline 0.001 -25"><span class='ocrx_word' id='word_1_402' title='bbox 294 4293 475 4375; x_wconf 90' lang='lat' dir='ltr'><strong>contigerit,</strong></span> <span class='ocrx_word' id='word_1_403' title='bbox 499 4305 567 4358; x_wconf 94' lang='lat' dir='ltr'><strong>tam</strong></span> <span class='ocrx_word' id='word_1_404' title='bbox 583 4305 659 4372; x_wconf 91' lang='lat' dir='ltr'><strong>ate,</strong></span> <span class='ocrx_word' id='word_1_405' title='bbox 684 4314 783 4377; x_wconf 91' lang='lat' dir='ltr'><strong>quam</strong></span> <span class='ocrx_word' id='word_1_406' title='bbox 800 4297 842 4360; x_wconf 93' lang='lat' dir='ltr'><strong>ab</strong></span> <span class='ocrx_word' id='word_1_407' title='bbox 859 4298 914 4374; x_wconf 91' lang='lat' dir='ltr'><strong>eis,</strong></span> <span class='ocrx_word' id='word_1_408' title='bbox 939 4298 994 4379; x_wconf 94' lang='lat' dir='ltr'><strong>qui</strong></span> <span class='ocrx_word' id='word_1_409' title='bbox 1011 4299 1043 4360; x_wconf 93' lang='lat' dir='ltr'><strong>in</strong></span> <span class='ocrx_word' id='word_1_410' title='bbox 1060 4307 1117 4360; x_wconf 92' lang='lat' dir='ltr'><strong>tuo</strong></span> <span class='ocrx_word' id='word_1_411' title='bbox 1133 4297 1245 4361; x_wconf 83' lang='lat' dir='ltr'><strong>officio</strong></span> <span class='ocrx_word' id='word_1_412' title='bbox 1261 4297 1402 4378; x_wconf 92' lang='lat' dir='ltr'><strong>locoque</strong></span> <span class='ocrx_word' id='word_1_413' title='bbox 1418 4299 1641 4373; x_wconf 86' lang='lat' dir='ltr'><strong>successerint,</strong></span> <span class='ocrx_word' id='word_1_414' title='bbox 1666 4295 1802 4378; x_wconf 87' lang='lat' dir='ltr'><strong>perenni</strong></span> <span class='ocrx_word' id='word_1_415' title='bbox 1819 4303 1973 4378; x_wconf 89' lang='lat' dir='ltr'><strong>tempore</strong></span> 
     </span>
     <span class='ocr_line' id='line_1_41' title="bbox 294 4381 1972 4470; baseline 0.005 -26"><span class='ocrx_word' id='word_1_416' title='bbox 294 4381 419 4445; x_wconf 90' lang='lat' dir='ltr'><strong>illibata</strong></span> <span class='ocrx_word' id='word_1_417' title='bbox 442 4393 475 4446; x_wconf 93' lang='lat' dir='ltr'><strong>et</strong></span> <span class='ocrx_word' id='word_1_418' title='bbox 496 4385 567 4448; x_wconf 90' lang='lat' dir='ltr'><strong>sine</strong></span> <span class='ocrx_word' id='word_1_419' title='bbox 590 4385 814 4467; x_wconf 91' lang='lat' dir='ltr'><strong>inquietudine</strong></span> <span class='ocrx_word' id='word_1_420' title='bbox 838 4387 948 4468; x_wconf 90' lang='lat' dir='ltr'><strong>aliqua</strong></span> <span class='ocrx_word' id='word_1_421' title='bbox 968 4387 1119 4450; x_wconf 89' lang='lat' dir='ltr'><strong>volumus</strong></span> <span class='ocrx_word' id='word_1_422' title='bbox 1134 4387 1304 4470; x_wconf 90' lang='lat' dir='ltr'><strong>possideri,</strong></span> <span class='ocrx_word' id='word_1_423' title='bbox 1328 4406 1441 4450; x_wconf 89' lang='lat' dir='ltr'><strong>eorum</strong></span> <span class='ocrx_word' id='word_1_424' title='bbox 1458 4387 1592 4468; x_wconf 90' lang='lat' dir='ltr'><strong>quidem</strong></span> <span class='ocrx_word' id='word_1_425' title='bbox 1608 4387 1728 4460; x_wconf 88' lang='lat' dir='ltr'><strong>usibus,</strong></span> <span class='ocrx_word' id='word_1_426' title='bbox 1751 4403 1813 4465; x_wconf 93' lang='lat' dir='ltr'><strong>pro</strong></span> <span class='ocrx_word' id='word_1_427' title='bbox 1830 4403 1972 4465; x_wconf 87' lang='lat' dir='ltr'><strong>quorum</strong></span> 
     </span>
     <span class='ocr_line' id='line_1_42' title="bbox 293 4473 1973 4558; baseline 0.004 -24"><span class='ocrx_word' id='word_1_428' title='bbox 293 4473 535 4538; x_wconf 89' lang='lat' dir='ltr'><strong>sustentacione</strong></span> <span class='ocrx_word' id='word_1_429' title='bbox 556 4475 866 4557; x_wconf 86' lang='lat' dir='ltr'><strong>gubernacioneque</strong></span> <span class='ocrx_word' id='word_1_430' title='bbox 890 4497 1046 4540; x_wconf 90' lang='lat' dir='ltr'><strong>concessa</strong></span> <span class='ocrx_word' id='word_1_431' title='bbox 1068 4486 1151 4552; x_wconf 89' lang='lat' dir='ltr'><strong>sunt,</strong></span> <span class='ocrx_word' id='word_1_432' title='bbox 1175 4477 1284 4540; x_wconf 92' lang='lat' dir='ltr'><strong>modis</strong></span> <span class='ocrx_word' id='word_1_433' title='bbox 1307 4476 1459 4539; x_wconf 91' lang='lat' dir='ltr'><strong>omnibus</strong></span> <span class='ocrx_word' id='word_1_434' title='bbox 1483 4476 1669 4558; x_wconf 82' lang='lat' dir='ltr'><strong>profutura;</strong></span> <span class='ocrx_word' id='word_1_435' title='bbox 1704 4483 1862 4556; x_wconf 90' lang='lat' dir='ltr'><strong>preterea,</strong></span> <span class='ocrx_word' id='word_1_436' title='bbox 1886 4475 1973 4540; x_wconf 91' lang='lat' dir='ltr'><strong>sicut</strong></span> 
     </span>
     <span class='ocr_line' id='line_1_43' title="bbox 293 4561 1970 4648; baseline 0.003 -25"><span class='ocrx_word' id='word_1_437' title='bbox 293 4561 544 4642; x_wconf 91' lang='lat' dir='ltr'><strong>supradiximus,</strong></span> <span class='ocrx_word' id='word_1_438' title='bbox 568 4583 773 4646; x_wconf 91' lang='lat' dir='ltr'><strong>quecumque</strong></span> <span class='ocrx_word' id='word_1_439' title='bbox 796 4585 882 4629; x_wconf 89' lang='lat' dir='ltr'><strong>nunc</strong></span> <span class='ocrx_word' id='word_1_440' title='bbox 904 4567 988 4629; x_wconf 91' lang='lat' dir='ltr'><strong>iuste</strong></span> <span class='ocrx_word' id='word_1_441' title='bbox 1010 4563 1121 4642; x_wconf 93' lang='lat' dir='ltr'><strong>habet,</strong></span> <span class='ocrx_word' id='word_1_442' title='bbox 1145 4577 1201 4630; x_wconf 87' lang='lat' dir='ltr'><strong>aut</strong></span> <span class='ocrx_word' id='word_1_443' title='bbox 1224 4567 1448 4648; x_wconf 89' lang='lat' dir='ltr'><strong>imposterum,</strong></span> <span class='ocrx_word' id='word_1_444' title='bbox 1473 4566 1537 4629; x_wconf 91' lang='lat' dir='ltr'><strong>deo</strong></span> <span class='ocrx_word' id='word_1_445' title='bbox 1557 4574 1730 4640; x_wconf 90' lang='lat' dir='ltr'><strong>annuente,</strong></span> <span class='ocrx_word' id='word_1_446' title='bbox 1754 4562 1876 4627; x_wconf 88' lang='lat' dir='ltr'><strong>habere</strong></span> <span class='ocrx_word' id='word_1_447' title='bbox 1892 4584 1970 4628; x_wconf 91' lang='lat' dir='ltr'><strong>con-</strong></span> 
     </span>
     <span class='ocr_line' id='line_1_44' title="bbox 293 4650 1971 4735; baseline 0.004 -23"><span class='ocrx_word' id='word_1_448' title='bbox 293 4650 410 4732; x_wconf 88' lang='lat' dir='ltr'><strong>tigerit,</strong></span> <span class='ocrx_word' id='word_1_449' title='bbox 434 4653 467 4714; x_wconf 91' lang='lat' dir='ltr'><strong>in</strong></span> <span class='ocrx_word' id='word_1_450' title='bbox 492 4653 692 4735; x_wconf 89' lang='lat' dir='ltr'><strong>quibuslibet</strong></span> <span class='ocrx_word' id='word_1_451' title='bbox 715 4653 811 4718; x_wconf 89' lang='lat' dir='ltr'><strong>rebus</strong></span> <span class='ocrx_word' id='word_1_452' title='bbox 834 4654 1013 4719; x_wconf 89' lang='lat' dir='ltr'><strong>mobilibus</strong></span> <span class='ocrx_word' id='word_1_453' title='bbox 1032 4656 1084 4718; x_wconf 87' lang='lat' dir='ltr'><strong>vel</strong></span> <span class='ocrx_word' id='word_1_454' title='bbox 1108 4655 1341 4720; x_wconf 88' lang='lat' dir='ltr'><strong>immobilibus.</strong></span> <span class='ocrx_word' id='word_1_455' title='bbox 1387 4655 1470 4719; x_wconf 92' lang='lat' dir='ltr'><strong>Item</strong></span> <span class='ocrx_word' id='word_1_456' title='bbox 1494 4656 1721 4719; x_wconf 89' lang='lat' dir='ltr'><strong>constituimus</strong></span> <span class='ocrx_word' id='word_1_457' title='bbox 1747 4661 1791 4729; x_wconf 92' lang='lat' dir='ltr'><strong>ut,</strong></span> <span class='ocrx_word' id='word_1_458' title='bbox 1823 4653 1971 4719; x_wconf 91' lang='lat' dir='ltr'><strong>obeunte</strong></span> 
     </span>
     <span class='ocr_line' id='line_1_45' title="bbox 293 4740 1971 4828; baseline 0.004 -26"><span class='ocrx_word' id='word_1_459' title='bbox 293 4740 424 4817; x_wconf 89' lang='lat' dir='ltr'><strong>abbate,</strong></span> <span class='ocrx_word' id='word_1_460' title='bbox 449 4763 515 4804; x_wconf 92' lang='lat' dir='ltr'><strong>non</strong></span> <span class='ocrx_word' id='word_1_461' title='bbox 532 4743 612 4805; x_wconf 89' lang='lat' dir='ltr'><strong>alius</strong></span> <span class='ocrx_word' id='word_1_462' title='bbox 629 4743 672 4806; x_wconf 93' lang='lat' dir='ltr'><strong>ibi</strong></span> <span class='ocrx_word' id='word_1_463' title='bbox 698 4763 903 4827; x_wconf 92' lang='lat' dir='ltr'><strong>quacumque</strong></span> <span class='ocrx_word' id='word_1_464' title='bbox 926 4745 1137 4828; x_wconf 91' lang='lat' dir='ltr'><strong>obrepcionis</strong></span> <span class='ocrx_word' id='word_1_465' title='bbox 1160 4746 1284 4810; x_wconf 90' lang='lat' dir='ltr'><strong>astucia</strong></span> <span class='ocrx_word' id='word_1_466' title='bbox 1298 4746 1475 4822; x_wconf 90' lang='lat' dir='ltr'><strong>ordinetur,</strong></span> <span class='ocrx_word' id='word_1_467' title='bbox 1499 4747 1560 4808; x_wconf 93' lang='lat' dir='ltr'><strong>nisi</strong></span> <span class='ocrx_word' id='word_1_468' title='bbox 1577 4764 1675 4827; x_wconf 91' lang='lat' dir='ltr'><strong>quem</strong></span> <span class='ocrx_word' id='word_1_469' title='bbox 1692 4743 1806 4806; x_wconf 83' lang='lat' dir='ltr'><strong>fratres</strong></span> <span class='ocrx_word' id='word_1_470' title='bbox 1821 4743 1971 4808; x_wconf 90' lang='lat' dir='ltr'><strong>eiusdem</strong></span> 
     </span>
     <span class='ocr_line' id='line_1_46' title="bbox 294 4831 1970 4916; baseline 0.004 -25"><span class='ocrx_word' id='word_1_471' title='bbox 294 4831 423 4893; x_wconf 90' lang='lat' dir='ltr'><strong>cenobii</strong></span> <span class='ocrx_word' id='word_1_472' title='bbox 448 4852 522 4894; x_wconf 93' lang='lat' dir='ltr'><strong>cum</strong></span> <span class='ocrx_word' id='word_1_473' title='bbox 544 4834 710 4897; x_wconf 92' lang='lat' dir='ltr'><strong>communi</strong></span> <span class='ocrx_word' id='word_1_474' title='bbox 734 4853 894 4898; x_wconf 90' lang='lat' dir='ltr'><strong>consensu</strong></span> <span class='ocrx_word' id='word_1_475' title='bbox 921 4835 1100 4898; x_wconf 88' lang='lat' dir='ltr'><strong>secuudum</strong></span> <span class='ocrx_word' id='word_1_476' title='bbox 1123 4835 1275 4898; x_wconf 89' lang='lat' dir='ltr'><strong>timorem</strong></span> <span class='ocrx_word' id='word_1_477' title='bbox 1300 4835 1352 4898; x_wconf 93' lang='lat' dir='ltr'><strong>dei</strong></span> <span class='ocrx_word' id='word_1_478' title='bbox 1377 4835 1533 4916; x_wconf 86' lang='lat' dir='ltr'><strong>elegerint</strong></span> <span class='ocrx_word' id='word_1_479' title='bbox 1556 4834 1840 4913; x_wconf 89' lang='lat' dir='ltr'><strong>ordinandumque</strong></span> <span class='ocrx_word' id='word_1_480' title='bbox 1863 4835 1970 4914; x_wconf 89' lang='lat' dir='ltr'><strong>previ·</strong></span> 
     </span>
     <span class='ocr_line' id='line_1_47' title="bbox 294 4917 1970 5006; baseline 0.005 -26"><span class='ocrx_word' id='word_1_481' title='bbox 294 4917 408 4996; x_wconf 91' lang='lat' dir='ltr'><strong>derint,</strong></span> <span class='ocrx_word' id='word_1_482' title='bbox 432 4922 575 4985; x_wconf 90' lang='lat' dir='ltr'><strong>maxime</strong></span> <span class='ocrx_word' id='word_1_483' title='bbox 591 4922 765 4985; x_wconf 84' lang='lat' dir='ltr'><strong>decadem</strong></span> <span class='ocrx_word' id='word_1_484' title='bbox 781 4925 1050 5006; x_wconf 89' lang='lat' dir='ltr'><strong>congregacione,</strong></span> <span class='ocrx_word' id='word_1_485' title='bbox 1066 4925 1093 4987; x_wconf 91' lang='lat' dir='ltr'><strong>si</strong></span> <span class='ocrx_word' id='word_1_486' title='bbox 1109 4924 1246 4988; x_wconf 91' lang='lat' dir='ltr'><strong>idoneus</strong></span> <span class='ocrx_word' id='word_1_487' title='bbox 1262 4925 1411 4988; x_wconf 90' lang='lat' dir='ltr'><strong>inventus</strong></span> <span class='ocrx_word' id='word_1_488' title='bbox 1427 4924 1530 4988; x_wconf 86' lang='lat' dir='ltr'><strong>luerit.</strong></span> <span class='ocrx_word' id='word_1_489' title='bbox 1562 4925 1663 5006; x_wconf 89' lang='lat' dir='ltr'><strong>Quod</strong></span> <span class='ocrx_word' id='word_1_490' title='bbox 1678 4924 1705 4986; x_wconf 92' lang='lat' dir='ltr'><strong>si</strong></span> <span class='ocrx_word' id='word_1_491' title='bbox 1721 4920 1803 4998; x_wconf 88' lang='lat' dir='ltr'><strong>talis,</strong></span> <span class='ocrx_word' id='word_1_492' title='bbox 1820 4922 1875 5003; x_wconf 91' lang='lat' dir='ltr'><strong>qui</strong></span> <span class='ocrx_word' id='word_1_493' title='bbox 1892 4921 1970 4988; x_wconf 94' lang='lat' dir='ltr'><strong>huic</strong></span> 
     </span>
     <span class='ocr_line' id='line_1_48' title="bbox 294 5007 1971 5096; baseline 0.004 -27"><span class='ocrx_word' id='word_1_494' title='bbox 294 5009 440 5089; x_wconf 88' lang='lat' dir='ltr'><strong>regimini</strong></span> <span class='ocrx_word' id='word_1_495' title='bbox 450 5007 644 5094; x_wconf 86' lang='lat' dir='ltr'><strong>(congruat),</strong></span> <span class='ocrx_word' id='word_1_496' title='bbox 661 5012 745 5076; x_wconf 91' lang='lat' dir='ltr'><strong>inter</strong></span> <span class='ocrx_word' id='word_1_497' title='bbox 756 5031 813 5075; x_wconf 91' lang='lat' dir='ltr'><strong>eos</strong></span> <span class='ocrx_word' id='word_1_498' title='bbox 828 5013 963 5076; x_wconf 88' lang='lat' dir='ltr'><strong>inveniri</strong></span> <span class='ocrx_word' id='word_1_499' title='bbox 980 5034 1047 5076; x_wconf 93' lang='lat' dir='ltr'><strong>non</strong></span> <span class='ocrx_word' id='word_1_500' title='bbox 1063 5015 1176 5096; x_wconf 93' lang='lat' dir='ltr'><strong>possit,</strong></span> <span class='ocrx_word' id='word_1_501' title='bbox 1194 5013 1421 5078; x_wconf 91' lang='lat' dir='ltr'><strong>cumconsilio</strong></span> <span class='ocrx_word' id='word_1_502' title='bbox 1438 5014 1663 5096; x_wconf 90' lang='lat' dir='ltr'><strong>religiosorum</strong></span> <span class='ocrx_word' id='word_1_503' title='bbox 1678 5013 1820 5076; x_wconf 90' lang='lat' dir='ltr'><strong>virorum</strong></span> <span class='ocrx_word' id='word_1_504' title='bbox 1836 5010 1971 5076; x_wconf 90' lang='lat' dir='ltr'><strong>aliunde</strong></span> 
     </span>
     <span class='ocr_line' id='line_1_49' title="bbox 292 5096 1971 5186; baseline 0.004 -26"><span class='ocrx_word' id='word_1_505' title='bbox 292 5096 355 5160; x_wconf 91' lang='lat' dir='ltr'><strong>sibi</strong></span> <span class='ocrx_word' id='word_1_506' title='bbox 370 5108 498 5179; x_wconf 90' lang='lat' dir='ltr'><strong>patrem</strong></span> <span class='ocrx_word' id='word_1_507' title='bbox 514 5110 547 5164; x_wconf 93' lang='lat' dir='ltr'><strong>et</strong></span> <span class='ocrx_word' id='word_1_508' title='bbox 562 5101 754 5183; x_wconf 88' lang='lat' dir='ltr'><strong>magistrum</strong></span> <span class='ocrx_word' id='word_1_509' title='bbox 769 5111 937 5184; x_wconf 88' lang='lat' dir='ltr'><strong>expetant.</strong></span> <span class='ocrx_word' id='word_1_510' title='bbox 974 5103 1050 5166; x_wconf 91' lang='lat' dir='ltr'><strong>Hoc</strong></span> <span class='ocrx_word' id='word_1_511' title='bbox 1074 5123 1205 5184; x_wconf 91' lang='lat' dir='ltr'><strong>quoque</strong></span> <span class='ocrx_word' id='word_1_512' title='bbox 1220 5104 1364 5186; x_wconf 91' lang='lat' dir='ltr'><strong>presenti</strong></span> <span class='ocrx_word' id='word_1_513' title='bbox 1381 5103 1524 5184; x_wconf 87' lang='lat' dir='ltr'><strong>capitulo</strong></span> <span class='ocrx_word' id='word_1_514' title='bbox 1549 5103 1783 5185; x_wconf 88' lang='lat' dir='ltr'><strong>subiungimus,</strong></span> <span class='ocrx_word' id='word_1_515' title='bbox 1807 5110 1844 5163; x_wconf 90' lang='lat' dir='ltr'><strong>ut</strong></span> <span class='ocrx_word' id='word_1_516' title='bbox 1858 5101 1971 5183; x_wconf 90' lang='lat' dir='ltr'><strong>ipsum</strong></span> 
     </span>
     <span class='ocr_line' id='line_1_50' title="bbox 293 5189 1969 5257; baseline 0.004 -7"><span class='ocrx_word' id='word_1_517' title='bbox 293 5191 525 5252; x_wconf 91' lang='lat' dir='ltr'><strong>monasterium</strong></span> <span class='ocrx_word' id='word_1_518' title='bbox 549 5201 582 5254; x_wconf 94' lang='lat' dir='ltr'><strong>et</strong></span> <span class='ocrx_word' id='word_1_519' title='bbox 605 5191 743 5254; x_wconf 90' lang='lat' dir='ltr'><strong>abbates</strong></span> <span class='ocrx_word' id='word_1_520' title='bbox 774 5193 842 5256; x_wconf 91' lang='lat' dir='ltr'><strong>eius</strong></span> <span class='ocrx_word' id='word_1_521' title='bbox 864 5192 917 5255; x_wconf 89' lang='lat' dir='ltr'><strong>vel</strong></span> <span class='ocrx_word' id='word_1_522' title='bbox 941 5191 1092 5256; x_wconf 91' lang='lat' dir='ltr'><strong>monachi</strong></span> <span class='ocrx_word' id='word_1_523' title='bbox 1121 5192 1163 5256; x_wconf 92' lang='lat' dir='ltr'><strong>ab</strong></span> <span class='ocrx_word' id='word_1_524' title='bbox 1195 5193 1284 5256; x_wconf 91' lang='lat' dir='ltr'><strong>omni</strong></span> <span class='ocrx_word' id='word_1_525' title='bbox 1314 5193 1466 5256; x_wconf 91' lang='lat' dir='ltr'><strong>secularis</strong></span> <span class='ocrx_word' id='word_1_526' title='bbox 1497 5195 1622 5257; x_wconf 91' lang='lat' dir='ltr'><strong>servicii</strong></span> <span class='ocrx_word' id='word_1_527' title='bbox 1653 5193 1718 5257; x_wconf 92' lang='lat' dir='ltr'><strong>sint</strong></span> <span class='ocrx_word' id='word_1_528' title='bbox 1753 5189 1969 5256; x_wconf 80' lang='lat' dir='ltr'><strong>infestacione</strong></span> 
     </span>
     <span class='ocr_line' id='line_1_51' title="bbox 292 5278 1968 5364; baseline 0.004 -26"><span class='ocrx_word' id='word_1_529' title='bbox 292 5278 394 5340; x_wconf 90' lang='lat' dir='ltr'><strong>securi</strong></span> <span class='ocrx_word' id='word_1_530' title='bbox 418 5280 573 5361; x_wconf 91' lang='lat' dir='ltr'><strong>omnique</strong></span> <span class='ocrx_word' id='word_1_531' title='bbox 596 5282 785 5363; x_wconf 89' lang='lat' dir='ltr'><strong>gravamine</strong></span> <span class='ocrx_word' id='word_1_532' title='bbox 808 5282 974 5345; x_wconf 90' lang='lat' dir='ltr'><strong>mundane</strong></span> <span class='ocrx_word' id='word_1_533' title='bbox 1004 5279 1256 5364; x_wconf 88' lang='lat' dir='ltr'><strong>oppres(s)i0nis</strong></span> <span class='ocrx_word' id='word_1_534' title='bbox 1285 5281 1419 5358; x_wconf 90' lang='lat' dir='ltr'><strong>remoti,</strong></span> <span class='ocrx_word' id='word_1_535' title='bbox 1453 5283 1485 5346; x_wconf 93' lang='lat' dir='ltr'><strong>in</strong></span> <span class='ocrx_word' id='word_1_536' title='bbox 1517 5293 1629 5348; x_wconf 90' lang='lat' dir='ltr'><strong>sancte</strong></span> <span class='ocrx_word' id='word_1_537' title='bbox 1660 5280 1824 5363; x_wconf 86' lang='lat' dir='ltr'><strong>religionis</strong></span> <span class='ocrx_word' id='word_1_538' title='bbox 1855 5279 1968 5344; x_wconf 91' lang='lat' dir='ltr'><strong>obser·</strong></span> 
     </span>
     <span class='ocr_line' id='line_1_52' title="bbox 291 5367 1968 5454; baseline 0.004 -26"><span class='ocrx_word' id='word_1_539' title='bbox 291 5367 428 5431; x_wconf 92' lang='lat' dir='ltr'><strong>vacione</strong></span> <span class='ocrx_word' id='word_1_540' title='bbox 451 5370 554 5434; x_wconf 90' lang='lat' dir='ltr'><strong>seduli</strong></span> <span class='ocrx_word' id='word_1_541' title='bbox 579 5380 678 5452; x_wconf 88' lang='lat' dir='ltr'><strong>atque</strong></span> <span class='ocrx_word' id='word_1_542' title='bbox 702 5372 811 5453; x_wconf 89' lang='lat' dir='ltr'><strong>quieti,</strong></span> <span class='ocrx_word' id='word_1_543' title='bbox 845 5371 923 5436; x_wconf 93' lang='lat' dir='ltr'><strong>nulli</strong></span> <span class='ocrx_word' id='word_1_544' title='bbox 947 5372 1000 5434; x_wconf 91' lang='lat' dir='ltr'><strong>alii</strong></span> <span class='ocrx_word' id='word_1_545' title='bbox 1025 5372 1084 5434; x_wconf 92' lang='lat' dir='ltr'><strong>nisi</strong></span> <span class='ocrx_word' id='word_1_546' title='bbox 1108 5373 1259 5435; x_wconf 91' lang='lat' dir='ltr'><strong>Romane</strong></span> <span class='ocrx_word' id='word_1_547' title='bbox 1290 5381 1322 5435; x_wconf 91' lang='lat' dir='ltr'><strong>et</strong></span> <span class='ocrx_word' id='word_1_548' title='bbox 1353 5373 1534 5454; x_wconf 90' lang='lat' dir='ltr'><strong>apostolice</strong></span> <span class='ocrx_word' id='word_1_549' title='bbox 1566 5373 1646 5449; x_wconf 89' lang='lat' dir='ltr'><strong>sedi,</strong></span> <span class='ocrx_word' id='word_1_550' title='bbox 1680 5373 1770 5434; x_wconf 89' lang='lat' dir='ltr'><strong>cuius</strong></span> <span class='ocrx_word' id='word_1_551' title='bbox 1800 5370 1876 5433; x_wconf 92' lang='lat' dir='ltr'><strong>iuris</strong></span> <span class='ocrx_word' id='word_1_552' title='bbox 1907 5381 1968 5448; x_wconf 90' lang='lat' dir='ltr'><strong>est,</strong></span> 
     </span>
     <span class='ocr_line' id='line_1_53' title="bbox 291 5456 1969 5538; baseline 0.004 -20"><span class='ocrx_word' id='word_1_553' title='bbox 291 5456 401 5538; x_wconf 90' lang='lat' dir='ltr'><strong>aliqua</strong></span> <span class='ocrx_word' id='word_1_554' title='bbox 424 5468 594 5525; x_wconf 91' lang='lat' dir='ltr'><strong>teneantur</strong></span> <span class='ocrx_word' id='word_1_555' title='bbox 616 5461 791 5526; x_wconf 89' lang='lat' dir='ltr'><strong>occasione</strong></span> <span class='ocrx_word' id='word_1_556' title='bbox 814 5462 961 5525; x_wconf 90' lang='lat' dir='ltr'><strong>subiecti.</strong></span> <span class='ocrx_word' id='word_1_557' title='bbox 1007 5460 1284 5526; x_wconf 91' lang='lat' dir='ltr'><strong>Consecraciones</strong></span> <span class='ocrx_word' id='word_1_558' title='bbox 1307 5461 1407 5525; x_wconf 90' lang='lat' dir='ltr'><strong>etiam</strong></span> <span class='ocrx_word' id='word_1_559' title='bbox 1430 5463 1639 5526; x_wconf 89' lang='lat' dir='ltr'><strong>ecclesiarum</strong></span> <span class='ocrx_word' id='word_1_560' title='bbox 1671 5471 1704 5524; x_wconf 89' lang='lat' dir='ltr'><strong>et</strong></span> <span class='ocrx_word' id='word_1_561' title='bbox 1736 5459 1969 5524; x_wconf 89' lang='lat' dir='ltr'><strong>ordinaciones</strong></span> 
     </span>
     <span class='ocr_line' id='line_1_54' title="bbox 293 5548 1967 5635; baseline 0.002 -25"><span class='ocrx_word' id='word_1_562' title='bbox 293 5548 529 5612; x_wconf 92' lang='lat' dir='ltr'><strong>monachorum</strong></span> <span class='ocrx_word' id='word_1_563' title='bbox 560 5551 628 5613; x_wconf 92' lang='lat' dir='ltr'><strong>sive</strong></span> <span class='ocrx_word' id='word_1_564' title='bbox 659 5550 866 5627; x_wconf 89' lang='lat' dir='ltr'><strong>clericorum,</strong></span> <span class='ocrx_word' id='word_1_565' title='bbox 898 5550 1047 5633; x_wconf 83' lang='lat' dir='ltr'><strong>sepefato</strong></span> <span class='ocrx_word' id='word_1_566' title='bbox 1078 5552 1219 5616; x_wconf 92' lang='lat' dir='ltr'><strong>cenobio</strong></span> <span class='ocrx_word' id='word_1_567' title='bbox 1249 5551 1506 5635; x_wconf 90' lang='lat' dir='ltr'><strong>pertinencium,</strong></span> <span class='ocrx_word' id='word_1_568' title='bbox 1537 5552 1580 5615; x_wconf 90' lang='lat' dir='ltr'><strong>ab</strong></span> <span class='ocrx_word' id='word_1_569' title='bbox 1612 5550 1781 5633; x_wconf 92' lang='lat' dir='ltr'><strong>episcop0,</strong></span> <span class='ocrx_word' id='word_1_570' title='bbox 1813 5551 1846 5613; x_wconf 92' lang='lat' dir='ltr'><strong>in</strong></span> <span class='ocrx_word' id='word_1_571' title='bbox 1875 5550 1967 5614; x_wconf 92' lang='lat' dir='ltr'><strong>cuius</strong></span> 
     </span>
    </p>
   </div>
   <div class='ocr_carea' id='block_1_9' title="bbox 453 5743 1966 5814">
    <p class='ocr_par' dir='ltr' id='par_1_10' title="bbox 453 5743 1966 5814">
     <span class='ocr_line' id='line_1_55' title="bbox 453 5743 1966 5814; baseline -0.001 -19"><span class='ocrx_word' id='word_1_572' title='bbox 453 5745 478 5812; x_wconf 89' lang='lat'><strong>1)</strong></span> <span class='ocrx_word' id='word_1_573' title='bbox 502 5745 580 5811; x_wconf 82' lang='lat' dir='ltr'><strong>Vergl.</strong></span> <span class='ocrx_word' id='word_1_574' title='bbox 598 5745 636 5796; x_wconf 83' lang='lat' dir='ltr'><strong>die</strong></span> <span class='ocrx_word' id='word_1_575' title='bbox 656 5745 773 5796; x_wconf 79' lang='lat' dir='ltr'><strong>Urkrmde</strong></span> <span class='ocrx_word' id='word_1_576' title='bbox 789 5761 843 5794; x_wconf 85' lang='lat' dir='ltr'><strong>vom</strong></span> <span class='ocrx_word' id='word_1_577' title='bbox 858 5743 965 5812; x_wconf 84' lang='lat' dir='ltr'><strong>gleiclren</strong></span> <span class='ocrx_word' id='word_1_578' title='bbox 987 5745 1051 5813; x_wconf 80' lang='lat' dir='ltr'><strong>Tage</strong></span> <span class='ocrx_word' id='word_1_579' title='bbox 1068 5744 1114 5795; x_wconf 81' lang='lat' dir='ltr'><strong>mr&#39;t</strong></span> <span class='ocrx_word' id='word_1_580' title='bbox 1130 5745 1183 5796; x_wconf 80' lang='lat' dir='ltr'><strong>dem</strong></span> <span class='ocrx_word' id='word_1_581' title='bbox 1202 5744 1310 5812; x_wconf 80' lang='lat' dir='ltr'><strong>gleichm</strong></span> <span class='ocrx_word' id='word_1_582' title='bbox 1328 5745 1416 5812; x_wconf 74' lang='lat' dir='ltr'><strong>Incipit</strong></span> <span class='ocrx_word' id='word_1_583' title='bbox 1423 5747 1478 5813; x_wconf 80' lang='lat' dir='ltr'><strong>fiir</strong></span> <span class='ocrx_word' id='word_1_584' title='bbox 1495 5747 1566 5807; x_wconf 71' lang='lat' dir='ltr'><strong>Leito,</strong></span> <span class='ocrx_word' id='word_1_585' title='bbox 1598 5743 1676 5814; x_wconf 68' lang='lat' dir='ltr'><strong>Just,</strong></span> <span class='ocrx_word' id='word_1_586' title='bbox 1696 5747 1754 5812; x_wconf 80' lang='lat' dir='ltr'><strong>Reg.</strong></span> <span class='ocrx_word' id='word_1_587' title='bbox 1773 5745 1841 5795; x_wconf 72' lang='lat'><em>5069</em></span> <span class='ocrx_word' id='word_1_588' title='bbox 1861 5744 1966 5812; x_wconf 77' lang='lat'><strong>(380⁶).</strong></span> 
     </span>
    </p>
   </div>
   <div class='ocr_carea' id='block_1_10' title="bbox 0 0 2050 6358">
    <p class='ocr_par' dir='ltr' id='par_1_11' title="bbox 0 0 2050 6358">
     <span class='ocr_line' id='line_1_56' title="bbox 0 0 2050 6358; baseline 0 1"><span class='ocrx_word' id='word_1_589' title='bbox 0 0 2050 6358; x_wconf 95' lang='lat' dir='ltr'><strong> </strong></span> 
     </span>
    </p>
   </div>
  </div>
 </body>
</html>
