4126 6366
1684 323 1746 396 373

61 503 223 584 priorem,
255 503 389 584 plenam
420 501 627 584 indulgemus
657 501 851 564 auctoritate
883 501 1065 583 apostolica
1097 501 1294 566 facultatem.
1341 503 1555 569 Decemimus
1586 524 1683 587 ergo,
1714 514 1750 567 ut

61 593 146 656 nulli
170 595 307 656 omnino
331 592 502 655 hominum
527 591 631 666 liceat,
663 590 885 672 supradictam
916 591 1090 653 ecclesiam
1115 639 1122 653 .
1147 637 1153 653 .
1180 641 1186 654 .
1210 592 1322 655 usibus
1345 594 1546 658 omnimodis
1570 593 1747 676 profutura,

61 681 158 745 salva
179 683 267 746 sedis
290 679 473 764 apostolice
497 679 691 744 auctoritate
715 686 748 742 et
772 680 938 743 diocesani
962 681 1111 763 episcopi
1146 691 1180 743 et
1198 682 1227 758 ⁸)
1252 680 1406 748 Perusine
1430 684 1567 747 ecclesie
1589 684 1749 747 canonica

63 772 198 834 iusticia
213 782 248 835 et
264 771 453 834 reverentia
484 767 519 832 Si
537 791 602 851 qua
617 816 625 832 .
643 819 649 832 .
667 818 674 832 .
692 767 825 832 Cunctis
838 776 947 832 autem
965 818 971 832 .
989 818 995 831 .
1012 817 1018 830 .
1035 770 1211 833 inveniant.
1241 770 1359 835 Amen.
1373 809 1415 818 -
1428 772 1504 836 Am.
1517 809 1561 820 -
1572 773 1692 837 Amen.
1704 807 1748 818 -

285 857 340 945 (R)
363 861 437 942 Ego
461 860 614 924 Clemens
638 859 799 922 catholice
822 859 959 922 ecclesie
982 859 1158 941 episcopus
1181 879 1222 922 ss.
1246 855 1308 943 (Μ)

285 983 329 996 ·-
359 946 379 1031 †
410 950 483 1031 Ego
516 948 688 1012 Laborans
709 948 891 1122 (p)resbiter
929 949 1101 1011 cardinalis
1139 958 1253 1012 sancte
1287 951 1390 1014 Marie
1431 950 1666 1034 transtyberim
1700 951 1748 1014 tit.

499 1037 619 1102 Calixti
642 1059 684 1101 ss.
726 1055 737 1100 1

285 1125 306 1211 †
330 1127 403 1207 Ego
426 1127 585 1191 Albertus
608 1129 656 1190 rit,
679 1137 792 1190 sancte
815 1126 927 1189 Crucis
951 1123 1182 1190 inlerusalem
1204 1127 1366 1209 presbiter
1389 1129 1560 1193 cardinalis
1583 1150 1624 1192 ss.

285 1214 306 1299 †
329 1218 403 1298 Ego
427 1217 524 1280 Bobo
548 1218 597 1279 tit.
622 1225 735 1280 sancte
758 1214 934 1279 Anastasie
958 1214 1120 1296 presbiter
1143 1217 1315 1280 cardinalis
1338 1239 1378 1280 ss.

285 1341 330 1351 -
352 1304 372 1388 †
396 1307 470 1388 Ego
494 1301 683 1390 lac(inthus)
707 1306 866 1368 diaconus
890 1305 1063 1367 cardinalis
1086 1313 1199 1369 sancte
1224 1307 1326 1369 Marie
1349 1307 1381 1369 in
1406 1307 1588 1389 Cosmidyn
1611 1329 1652 1372 ss.

285 1393 306 1476 †
329 1397 403 1477 Ego
427 1396 602 1461 Gratianus
624 1405 813 1458 sanctorum
836 1393 956 1458 Cosme
980 1404 1013 1456 et
1037 1392 1189 1457 Damiani
1213 1396 1371 1459 diaconus
1395 1398 1567 1462 cardinalis
1590 1418 1630 1461 ss.

286 1481 306 1566 †
330 1485 403 1567 Ego
428 1484 592 1548 Gerardus
615 1485 719 1548 sancti
742 1484 881 1547 Adriani
907 1483 1066 1546 diaconus
1089 1483 1262 1547 cardinalis
1284 1507 1324 1548 ss.

285 1571 306 1655 †
329 1573 404 1656 Ego
428 1575 628 1638 Octavianus
650 1579 837 1636 sanctorum
860 1572 965 1654 Sergii
989 1582 1022 1634 et
1045 1571 1146 1635 Bachi
1172 1574 1329 1637 diaconus
1352 1575 1526 1638 cardinalis
1548 1597 1589 1638 ss.

285 1661 306 1744 †
329 1663 403 1745 Ego
427 1662 595 1726 Soffredus
618 1672 730 1726 sancte
755 1664 857 1726 Marie
881 1663 913 1725 in
937 1659 1002 1724 Via
1025 1662 1091 1724 lata
1115 1663 1272 1726 diaconus
1295 1665 1467 1727 cardinalis
1490 1686 1531 1728 ss.
1554 1659 1600 1748 (1)

286 1750 306 1835 †
330 1749 403 1834 Ego
426 1753 613 1816 Bernardus
636 1761 749 1816 sancte
773 1753 876 1815 Marie
900 1772 984 1814 nove
1008 1752 1167 1814 diaconus
1190 1753 1363 1817 cardinalis
1387 1775 1429 1817 ss.

232 1843 309 1903 Dat„
333 1841 499 1915 Laterani,
533 1863 593 1923 per
624 1862 757 1905 manum
788 1841 914 1924 Moysi,
946 1851 1058 1904 sancte
1081 1841 1229 1904 Romane
1259 1841 1395 1906 ecclesie
1417 1843 1621 1916 subdiaconi,
1644 1841 1750 1904 vicem

63 1930 198 2011 agentis
215 1931 406 1994 cancellarii.
438 1945 487 1994 xv
503 1931 556 1994 Kl.
572 1929 663 1994 lunii.
694 1930 875 1994 Indictione
890 1943 950 1993 vn.
981 1931 1217 1994 incarnationis
1233 1931 1399 1996 dominice
1413 1953 1499 1996 anno
1516 1943 1750 1995 MCLxxxvlllt.

63 2019 285 2084 Pontificatus
307 2041 385 2084 vero
410 2021 523 2083 domni
549 2020 754 2084 CLEMENTIS
777 2041 835 2102 pp.
859 2033 897 2083 111
921 2039 1008 2082 anno
1032 2020 1186 2084 secundo.
1210 2055 1254 2066 —-

236 2135 279 2184 Or.
298 2134 332 2184 e'm
350 2135 463 2185 Archivio
484 2133 618 2198 Capitolare
634 2151 665 2183 nu
685 2133 799 2201 Peragia.

235 2207 305 2271 Perg.
322 2206 383 2267 alal,
402 2207 439 2255 br.
459 2207 544 2266 0,565,
563 2208 625 2272 lang
641 2208 728 2267 0,697,
747 2213 822 2255 unlen
841 2205 903 2265 0,03
928 2207 1120 2271 unigesclrlagen,
1145 2205 1224 2256 durch
1241 2207 1257 2254 2
1276 2205 1370 2255 Lbeker
1391 2206 1450 2270 gele
1471 2205 1509 2255 die
1532 2221 1587 2254 resa
1610 2205 1667 2253 med
1685 2203 1752 2270 gelbe

63 2275 257 2337 seldenum,
276 2295 310 2328 an
328 2279 372 2328 der
389 2278 434 2327 das
452 2277 578 2343 Bleisregel
591 2280 674 2343 ltingt,
693 2277 802 2344 Faltrmg
818 2277 861 2326 der
878 2278 975 2326 Bullen.
1012 2277 1149 2342 ll'ingkreuz
1166 2277 1222 2326 und
1237 2276 1258 2325 E
1278 2277 1321 2326 der
1333 2277 1481 2340 plr'pstliclem
1502 2275 1666 2340 Unlerselmst
1681 2281 1753 2324 amer

62 2349 117 2398 sicle
136 2349 185 2400 nri!
206 2351 311 2416 gleicher
337 2349 413 2400 Dare
433 2351 551 2416 gemacht,
576 2350 705 2414 Dalirrmg
727 2365 781 2398 vom
805 2349 1097 2413 Hauptklrpersclrreiber,
1123 2349 1168 2396 das
1192 2349 1219 2398 M
1243 2348 1283 2397 des
1309 2348 1388 2398 Moses
1411 2348 1485 2397 darin
1510 2348 1554 2398 mit
1576 2347 1753 2397 abweiclrender

62 2421 207 2471 sckvnner
223 2422 299 2472 Dieuc
315 2423 474 2488 eingetragen.
512 2421 694 2487 Zeugenfienren
712 2420 836 2471 theilwer'se
853 2437 901 2470 von
918 2421 1097 2472 verschiedenm
1116 2420 1255 2470 Schreilern
1271 2419 1429 2470 henrilerenal

823 2705 889 2780 Nr.
916 2708 1004 2780 429.

73 2839 227 2904 Clemens
245 2838 309 2903 III
315 2838 465 2921 genuerbet
479 2837 552 2900 dem
567 2835 647 2900 Abte
661 2837 741 2912 Joel
751 2858 812 2901 von
824 2837 891 2900 San
912 2836 1071 2902 Clemente
1085 2837 1124 2902 di
1134 2839 1274 2902 Pescara
1289 2838 1348 2919 (D.
1367 2838 1498 2917 Penne),
1512 2837 1564 2901 bei
1575 2836 1636 2901 der
1646 2836 1754 2900 Messe

417 2926 487 2990 und
498 2928 569 3007 ans
578 2925 724 3009 Synnden
739 2928 845 2991 Mitra
860 2926 930 2991 und
944 2927 1038 3011 Ring
1051 2936 1165 3010 tragen
1180 2949 1220 2992 zu
1236 2927 1354 3008 drlrsen
1372 2930 1381 2966 ¹
1384 2929 1410 3006 ).
1509 2995 1511 3003 ,

703 3045 785 3105 1189
801 3041 943 3107 Maian.
976 3043 1127 3107 Lateran.

236 3158 387 3222 Clemens
417 3160 609 3242 episcopuS,
640 3179 752 3224 servus
782 3181 949 3223 servorum
980 3161 1050 3236 dei,
1084 3161 1204 3224 dilecto
1236 3160 1301 3224 filio
1326 3161 1422 3234 loeli,
1455 3158 1568 3222 abbati
1588 3155 1617 3242 b)
1648 3157 1751 3220 sancti

68 3249 255 3313 Clementis
287 3248 329 3310 de
351 3249 494 3312 Piscaria
511 3246 552 3334 l),
583 3249 721 3311 salutem
754 3259 788 3311 et
812 3244 818 3333 Ι
845 3251 1062 3332 apostolicam
1096 3251 1370 3314 benedictionem.
1417 3249 1625 3313 Conveniens
1648 3254 1697 3308 est
1720 3253 1753 3308 et

67 3340 260 3413 honestum,
285 3347 328 3412 ut,
353 3357 426 3400 cum
449 3339 555 3402 visum
579 3338 674 3401 suerit
697 3347 905 3419 oportunum,
930 3340 1020 3420 quod
1044 3341 1193 3420 personis
1217 3351 1250 3403 et
1281 3339 1360 3402 locis
1380 3335 1385 3422 l
1406 3339 1593 3401 aRomana
1616 3335 1753 3398 ecclesia

69 3427 241 3496 deseratur
263 3437 296 3490 et
318 3426 453 3490 honoris
476 3427 654 3510 prebeatur
676 3438 896 3508 augmentum,
920 3429 1015 3492 sedes
1040 3429 1316 3510 apostolicaque
1341 3429 1514 3510 diligenter
1534 3426 1566 3488 id
1584 3425 1753 3488 consuevit

68 3516 246 3580 attendere
269 3536 307 3579 ac
330 3517 470 3598 insignia
493 3515 707 3580 concedenda
730 3517 878 3580 conferre
909 3517 1055 3593 libenter,
1079 3539 1140 3599 pro
1165 3538 1377 3600 personarum
1401 3517 1524 3580 meritis
1548 3525 1581 3578 et
1604 3514 1752 3577 locorum

66 3607 209 3670 honoris
239 3605 351 3668 titulos
382 3605 545 3688 largiatur.
591 3607 794 3688 Eapropter,
827 3606 871 3669 fili
896 3606 1015 3682 abbas,
1049 3607 1261 3670 devotionem
1293 3618 1382 3670 tuam
1406 3617 1440 3669 et
1469 3599 1539 3690 tlui]
1564 3603 1751 3666 monasterii

67 3695 262 3778 diligentius
293 3695 510 3769 attendentes,
541 3716 634 3759 usum
666 3697 761 3758 mitre
784 3702 817 3757 et
840 3695 926 3758 anuli
951 3697 983 3758 in
1008 3695 1106 3759 missa
1129 3695 1360 3778 sollempnium
1385 3695 1597 3758 festivitatum
1620 3703 1653 3756 et
1676 3711 1751 3754 con·

66 3785 225 3848 ventibus
247 3784 451 3847 sinodalibus
475 3784 535 3847 tibi
559 3786 688 3866 tuisque
711 3785 954 3848 successoribus
978 3786 1130 3848 duximus
1153 3796 1313 3867 perpetuo
1338 3783 1598 3858 concedendum,
1626 3791 1751 3844 uttam

67 3885 120 3946 tu,
153 3894 254 3954 quam
278 3872 399 3954 abbas,
431 3875 486 3955 qui
510 3894 572 3956 pro
597 3885 747 3956 tempore
771 3874 881 3950 suerit,
913 3874 974 3938 hiis
998 3874 1180 3957 insignibus
1204 3869 1397 3960 decolretur.
1422 3908 1466 3918 -
1489 3872 1565 3935 Dat.
1588 3870 1751 3945 Laterani,

66 3977 109 4026 111
133 3963 188 4026 Kt
212 3962 303 4025 lunii.
328 3960 540 4026 Pontificatus
562 3965 664 4027 nostri
688 3983 775 4026 anno
798 3963 954 4026 secundo.

239 4076 292 4136 On,
310 4075 337 4124 E
358 4076 398 4125 VI.
418 4077 476 4136 182,
495 4076 522 4126 r'n
540 4076 584 4126 der
600 4077 663 4125 Bibl.
686 4075 803 4143 Cln'gr'nna
819 4093 850 4126 nn
868 4079 936 4126 Rom.

237 4147 307 4214 Perg.
325 4148 385 4206 ital,
404 4149 439 4198 br.
452 4149 653 4208 mlo-0322,
672 4150 733 4214 laeng
749 4151 835 4208 o‚ro7‚
854 4156 929 4199 unlen
947 4166 967 4200 c.
981 4151 1059 4210 0‚0·27
1078 4150 1269 4215 umgeschlngen,
1289 4149 1369 4197 durch
1382 4150 1398 4198 2
1412 4147 1505 4196 [ficher
1517 4146 1580 4212 ging
1595 4145 1633 4194 die
1645 4145 1751 4204 Schnnr,

68 4221 161 4269 welche
177 4219 223 4268 neit
238 4220 292 4269 dem
311 4219 434 4286 Bler'sr'egel
447 4221 563 4279 verleren,
581 4219 692 4286 Faleung
707 4220 750 4269 der
767 4221 869 4270 Breven.

821 4505 887 4580 Nr.
915 4509 1006 4581 430.

74 4635 228 4701 Clemens
251 4635 316 4700 III
333 4633 451 4700 enirrmt
469 4635 525 4699 die
542 4634 818 4721 Kollegiatleirclee
837 4637 905 4701 San
929 4637 1058 4718 Trisone
1078 4659 1119 4702 nu
1136 4637 1218 4701 Rom
1245 4638 1278 4701 in
1301 4636 1532 4722 apostolisclten
1547 4635 1666 4700 Schutn
1688 4633 1757 4699 und

670 4725 820 4810 bestle'tigt
833 4727 905 4790 ilzre
920 4726 1165 4792 Besitetlnlmer.

707 4845 790 4904 1189
806 4839 894 4916 Junr'
906 4845 935 4905 6.
969 4843 1121 4907 Laternn.

234 4957 386 5022 Clemens
410 4959 594 5040 episcopus
618 4980 729 5022 servus
752 4979 920 5022 servorum
937 4959 999 5035 dei,
1024 4960 1152 5022 dilectis
1172 4958 1254 5034 filiis,
1279 4958 1463 5022 Octaviano
1480 4957 1752 5039 archipresbitero

69 5056 105 5112 et
130 5047 285 5111 fratribus
309 5047 446 5112 ecclesie
469 5049 574 5111 sancti
597 5048 749 5126 Trisonis,
773 5062 811 5111 ΙΝ
835 5061 911 5112 ΡΡΜ.
936 5085 979 5094 -
999 5045 1004 5134 Ι
1026 5049 1108 5112 Cum
1133 5048 1175 5111 de
1199 5049 1355 5111 universis
1387 5046 1530 5110 ecclesiis
1553 5047 1752 5129 pastoralem

70 5157 185 5201 curam
208 5157 322 5218 gerere
345 5148 522 5213 teneamur,
550 5138 597 5200 eis
621 5149 740 5212 tamen,
774 5159 838 5219 que
862 5139 903 5201 ad
928 5158 988 5200 nos
1012 5149 1045 5201 et
1067 5138 1254 5200 Romanam
1277 5137 1449 5202 ecclesiam
1473 5135 1562 5199 nullo
1587 5136 1752 5199 mediante

70 5227 259 5309 respiciunt,
287 5223 291 5309 Ι
319 5235 412 5290 tanto
436 5227 632 5309 propensius
655 5227 804 5290 volumus
827 5237 861 5290 et
884 5227 1043 5291 debemus
1066 5228 1195 5302 adesse,
1228 5234 1352 5309 quanto
1384 5225 1482 5288 nobis
1508 5236 1558 5289 est
1580 5225 1753 5308 specialius

71 5335 187 5380 eorum
210 5335 288 5378 cura
310 5317 494 5379 commissa·
540 5316 734 5398 Eapropter,
767 5317 877 5380 dilecti
903 5319 934 5379 in
958 5317 1095 5379 domino
1119 5315 1190 5388 filii,
1223 5317 1337 5378 vestris
1360 5315 1452 5378 iustis
1475 5315 1752 5396 postulationibus

71 5406 254 5470 clementer
283 5406 456 5468 annuimus
480 5411 514 5468 et
536 5405 698 5487 prefatam
722 5407 892 5469 ecclesiam
916 5407 1020 5470 sancti
1044 5405 1196 5480 Trisonis,
1222 5425 1286 5486 que
1309 5405 1353 5468 ad
1372 5404 1557 5467 Romanam
1581 5403 1753 5468 ecclesiam

236 5671 262 5726 al
291 5667 411 5718 Gestrerkl
433 5669 485 5734 aus
505 5670 590 5717 Rasnr
677 5667 705 5730 b)
732 5668 777 5716 das
795 5668 803 5716 i
820 5668 899 5716 durclr
917 5667 1052 5717 Korreelur
1075 5668 1215 5733 hergestellt.
1235 5706 1287 5712 -
1307 5667 1344 5730 ,1)
1374 5667 1451 5731 Vergl.
1479 5663 1552 5731 Jaffe'
1579 5667 1751 5731 Reg,10305.

72 5741 102 5809 2)
123 5741 227 5790 Pescara
245 5740 301 5806 liegr
318 5741 373 5790 dor!
389 5757 426 5790 wo
443 5743 486 5791 der
502 5740 575 5790 Fluss
595 5738 706 5790 Pescan'a
724 5739 762 5790 ins
780 5738 930 5789 Adnbtische
949 5739 1016 5790 Meer
1032 5741 1138 5790 milndet.
1175 5741 1281 5790 ebrum
1303 5739 1393 5790 Ulterio
1411 5739 1432 5787 l.
