4090 6358
308 339 348 402 28

306 527 368 589 tuis
392 525 601 609 petitionibus
623 529 808 598 annuentes,
831 522 927 610 beate
950 519 1101 605 Agathes
1121 518 1126 607 Ι
1147 521 1329 596 ecclesiam,
1353 520 1404 584 cui
1427 519 1492 583 deo
1516 527 1650 582 auctore
1674 517 1828 601 presides,
1859 517 1903 581 ad
1925 519 1968 580 ius

307 623 418 702 sancte
450 614 538 678 sedis
567 611 748 699 apostolice
777 613 1004 696 pertinentem,
1035 611 1078 674 ad
1103 610 1273 694 exemplar
1302 611 1416 673 domni
1448 609 1692 693 predecessoris
1723 609 1835 683 nostri,
1866 615 1969 694 sancte

308 705 463 791 memorie
483 705 510 782 a)
539 704 731 766 PASCHALIS
755 721 850 788 pape,
873 703 1033 784 presentis
1055 700 1214 784 privilegii
1244 699 1434 762 auctoritate
1457 698 1627 764 munimus.
1673 697 1853 762 Statuimus
1884 696 1969 770 enim,

308 802 352 870 ut,
376 813 581 882 quecumque
603 791 699 866 bona,
728 809 951 875 quascumque
975 793 1201 872 possessiones
1224 797 1332 852 vestra
1355 789 1493 852 ecclesia
1516 791 1549 851 in
1564 788 1706 871 presenti
1720 785 1803 848 iuste
1820 785 1970 868 possidet,

308 886 376 947 sive
407 884 438 945 in
472 883 612 945 futurum
646 883 857 945 concessione
889 880 1091 963 pontificum,
1122 878 1315 943 liberalitate
1339 879 1531 962 principum,
1561 875 1728 942 oblatione
1758 875 1904 941 fidelium
1927 875 1971 939 vel

308 973 377 1036 aliis
400 973 489 1034 iustis
514 970 618 1034 modis
641 972 763 1053 poterit
786 970 931 1054 adipisci,
954 969 1047 1032 firma
1068 969 1127 1032 tibi
1150 971 1279 1050 tuisque
1301 969 1541 1033 successoribus
1565 977 1598 1032 et
1619 966 1740 1031 illibata
1756 974 1970 1050 permaneant.

308 1063 343 1124 ln
369 1061 486 1143 quibus
509 1059 569 1147 hec
594 1061 735 1143 propriis
759 1060 912 1123 duximus
936 1059 1119 1121 nominibus
1135 1060 1331 1132 annotanda,
1355 1057 1526 1124 ecclesiam
1543 1059 1692 1123 videlicet
1711 1069 1824 1148 sancte
1838 1061 1971 1150 Valens,

308 1154 402 1214 sitam
427 1153 459 1213 in
482 1149 566 1224 loc0,
598 1151 653 1231 qui
677 1149 786 1230 Augia
811 1155 1021 1232 nuncupatur,
1052 1157 1085 1211 et
1116 1147 1289 1211 ecclesiam
1321 1148 1422 1210 sancti
1446 1145 1638 1212 Christofori
1669 1150 1713 1213 de
1735 1149 1971 1234 Campomacro

308 1261 381 1304 cum
407 1239 557 1302 omnibus
580 1240 621 1301 ad
642 1259 697 1301 eas
714 1238 956 1321 pertinentibus.
995 1236 1081 1299 Nulli
1097 1256 1176 1318 ergo
1192 1239 1325 1300 omnino
1341 1235 1508 1300 hominum
1523 1237 1626 1312 liceat,
1650 1241 1789 1304 eandem
1806 1242 1970 1306 ecclesiam

308 1337 431 1392 temere
446 1328 638 1411 perturbare
653 1336 709 1391 aut
725 1329 793 1390 eius
809 1327 1032 1411 possessiones
1048 1327 1173 1389 auferre
1188 1324 1240 1388 vel
1254 1326 1380 1390 ablatas
1395 1325 1541 1402 retinere,
1566 1329 1711 1392 minuere
1727 1338 1782 1393 aut
1797 1334 1971 1395 temerariis

308 1418 536 1482 vexationibus
560 1417 705 1499 fatigare,
728 1417 787 1480 sed
812 1417 923 1480 omnia
946 1419 1070 1498 integra
1094 1423 1325 1479 conserventur
1348 1436 1470 1491 eorum,
1495 1437 1555 1498 pro
1579 1437 1718 1498 quorum
1741 1421 1972 1486 sustentatione

308 1518 341 1571 et
372 1507 609 1590 gubernatione
640 1525 795 1570 concessa
826 1515 917 1582 sunt,
952 1506 1064 1569 usibus
1094 1506 1293 1568 omnimodis
1324 1504 1500 1587 profutura
1555 1505 1788 1572 constituimus
1819 1518 1972 1592 preterea,

308 1607 343 1660 ut
362 1597 391 1674 b)
429 1604 543 1679 quarta
575 1615 649 1678 pars
681 1595 866 1659 reddituum
896 1604 1078 1659 vestrorum
1112 1597 1144 1657 in
1176 1615 1250 1657 usus
1282 1593 1449 1677 hospitum
1483 1597 1702 1678 expendatur,
1732 1599 1971 1662 xenodochium

308 1695 417 1750 autem
441 1687 474 1748 in
496 1693 604 1748 vestra
627 1692 792 1767 potestate
815 1691 1014 1768 permaneat.
1061 1681 1214 1746 Obeunte
1237 1693 1279 1759 te,
1303 1704 1388 1747 nunc
1411 1686 1480 1747 eius
1496 1685 1559 1749 loci
1576 1689 1756 1769 preposito,
1779 1688 1831 1752 vel
1846 1696 1970 1752 tuorum

309 1775 460 1858 quolibet
486 1794 720 1850 successorum,
752 1773 856 1838 nullus
881 1775 925 1838 ibi
948 1773 1092 1855 qualibet
1114 1773 1334 1857 subreptionis
1366 1776 1483 1838 astutia
1514 1794 1571 1838 seu
1595 1775 1745 1840 violentia
1768 1787 1972 1860 preponatur,

308 1867 368 1927 nisi
400 1884 497 1944 quem
526 1864 639 1927 fratres
670 1866 836 1928 communi
866 1883 1024 1928 consensu
1047 1862 1097 1926 vel
1129 1862 1262 1926 fratrum
1293 1883 1367 1945 pars
1397 1863 1524 1927 consilii
1554 1865 1689 1928 sanioris
1719 1867 1901 1930 secundum
1925 1868 1971 1931 dei

309 1955 461 2017 timorem
485 1953 676 2035 regulariter
698 1953 865 2035 elegerint,
898 1973 958 2016 nec
981 1954 1043 2035 ipsi
1070 1971 1149 2016 vero
1180 1972 1240 2016 nec
1271 1952 1365 2015 alicui
1396 1951 1459 2016 loci
1491 1953 1558 2017 eius
1589 1955 1732 2018 ministro
1763 1956 1901 2020 facultas
1927 1959 1972 2032 sit,

310 2043 445 2130 ecclesie
474 2042 564 2106 bona
593 2043 626 2105 in
656 2042 789 2107 feudum
821 2041 976 2106 militibus
1007 2041 1058 2105 vel
1089 2041 1252 2122 aliquibus
1282 2043 1431 2123 personis
1458 2043 1657 2107 secularibus
1680 2045 1846 2128 impertiri.
1894 2047 1972 2112 Con-

308 2134 507 2195 secrationes
539 2131 759 2207 ecclesiarum,
791 2131 1013 2195 ordinationes
1043 2131 1235 2194 clericorum
1267 2130 1309 2193 ab
1339 2131 1520 2214 episcopis,
1559 2135 1592 2195 in
1622 2154 1760 2215 quorum
1792 2135 1973 2198 diocesibus

309 2230 415 2308 vestre
438 2229 513 2284 sunt
536 2221 679 2309 ecclesie,
703 2221 880 2304 accipietis,
904 2220 1064 2301 siquidem
1089 2217 1240 2283 catholici
1260 2219 1379 2283 fuerint
1393 2228 1426 2283 et
1441 2222 1579 2303 gratiam
1596 2231 1696 2303 atque
1710 2226 1972 2288 communionem

309 2311 490 2396 apostolice
513 2310 600 2373 sedis
623 2309 795 2374 habuerint
822 2318 856 2374 et
885 2313 912 2373 si
944 2330 999 2372 eas
1029 2310 1127 2392 gratis
1158 2329 1196 2371 ac
1225 2311 1295 2372 sine
1328 2312 1487 2392 pravitate
1510 2311 1671 2376 voluerint
1701 2313 1875 2388 exhibere;
1899 2314 1972 2379 alias

309 2399 405 2462 liceat
437 2400 538 2477 vobis,
569 2398 783 2475 catholicum,
815 2420 914 2481 quem
938 2399 1114 2475 volueritis,
1145 2400 1236 2461 adire
1263 2400 1466 2483 episcopum,
1497 2409 1531 2462 et
1563 2400 1605 2464 ab
1638 2421 1678 2466 eo
1711 2403 1871 2466 eiusmodi
1901 2425 1973 2467 con·

309 2491 526 2552 secrationum
557 2499 762 2552 sacramenta
791 2489 963 2572 suscipere.
1020 2489 1072 2552 De
1104 2496 1213 2551 cetero
1244 2488 1362 2551 nullam
1395 2491 1571 2572 episcopus
1600 2491 1632 2552 in
1664 2492 1811 2575 predicta
1840 2493 1973 2557 ecclesia

309 2588 508 2662 potestatem
528 2586 682 2642 exerceat
701 2599 808 2661 neque
829 2578 1136 2642 excommunicandi
1152 2597 1258 2658 neque
1273 2577 1486 2642 interdicendi
1503 2588 1559 2642 aut
1574 2581 1617 2642 ad
1633 2581 1795 2662 synodum
1812 2584 1974 2650 iudiciaria

309 2677 475 2754 potestate
497 2668 644 2744 vocandi,
676 2687 717 2730 eo
741 2668 889 2731 nimirum
912 2677 1028 2730 tenore
1051 2675 1188 2740 servato,
1217 2675 1253 2729 ut
1276 2687 1389 2730 omnes
1412 2667 1547 2757 ecclesie
1578 2671 1679 2753 ipsius
1702 2671 1810 2737 clerici
1841 2673 1871 2735 in
1904 2675 1973 2738 loco

309 2762 382 2843 ipso
406 2758 643 2841 professionem
666 2757 803 2833 faciant,
835 2758 970 2841 proprio
1002 2779 1067 2820 non
1092 2765 1222 2819 utantur
1244 2764 1277 2820 et
1301 2757 1389 2820 omni
1411 2759 1477 2844 vite
1499 2777 1557 2845 sue
1579 2767 1730 2842 tempore
1744 2762 1806 2825 sub
1822 2765 1973 2845 regularis

308 2851 373 2936 vite
396 2849 597 2912 districtione
628 2853 850 2930 permaneant,
880 2847 965 2909 unde
995 2849 1094 2910 etiam
1127 2846 1333 2928 temporibus
1357 2848 1620 2928 competentibus
1654 2860 1764 2931 preter
1794 2852 1972 2916 emulorum

308 2939 600 3001 contradictionem
624 2936 667 2999 ad
689 2937 840 3016 synaxim
865 2935 1105 3010 celebrandam,
1135 2936 1195 2997 nisi
1219 2935 1377 3018 generalis
1400 2936 1584 2999 interdictio
1607 2936 1710 3015 fuerit,
1733 2940 1825 3022 signa
1847 2943 1973 3024 pulsare

308 3036 342 3090 et
372 3035 544 3090 consuetas
573 3026 800 3108 processiones
838 3025 1005 3088 celebrare
1036 3026 1255 3118 concedimus.
1309 3021 1515 3107 Sepulturam
1549 3046 1682 3107 quoque
1718 3028 1781 3093 loci
1821 3032 1972 3106 eiusdem,

307 3119 440 3180 remotis
464 3115 646 3180 emulorum
674 3113 982 3197 perturbationibus
1012 3114 1148 3177 liberam
1183 3133 1256 3177 esse
1287 3114 1500 3190 decernimus,
1531 3123 1575 3191 ut,
1604 3115 1647 3179 ab
1678 3119 1766 3182 omni
1789 3123 1973 3202 gravamine

308 3207 472 3293 mundane
502 3203 724 3289 oppressionis
754 3203 879 3278 remoti,
911 3203 942 3265 in
972 3212 1083 3291 sancte
1106 3202 1270 3285 religionis
1301 3203 1533 3268 observatione
1563 3208 1664 3288 quieti
1698 3216 1731 3271 et
1768 3209 1871 3272 seduli
1905 3231 1973 3294 per·

308 3303 486 3370 manentes
516 3293 593 3357 nulli
617 3292 679 3368 alii,
703 3294 764 3355 nisi
788 3293 937 3379 Romane
959 3301 994 3355 et
1016 3292 1197 3379 apostolice
1220 3293 1301 3365 sedi,
1333 3295 1422 3356 cuius
1455 3295 1532 3357 iuris
1555 3297 1642 3371 estis,
1673 3297 1781 3378 aliqua
1804 3299 1973 3364 teneamini

307 3385 479 3448 occasione
509 3384 655 3447 subiecti.
710 3382 744 3446 Si
775 3401 840 3462 qua
869 3383 965 3464 igitur
997 3383 1029 3444 in
1058 3380 1202 3445 futurum
1233 3381 1451 3446 ecclesiastica
1477 3383 1673 3449 secularisve
1712 3407 1862 3469 persona,
1893 3388 1974 3452 hanc

307 3484 417 3562 nostre
447 3472 684 3537 constitutionis
714 3473 868 3555 paginam
897 3473 1012 3547 sciens,
1041 3479 1154 3535 contra
1185 3491 1257 3534 eam
1280 3480 1404 3536 temere
1434 3474 1544 3536 venire
1575 3476 1791 3557 temptaverit,
1828 3480 1972 3541 secundo

306 3567 445 3628 tertiove
475 3562 692 3634 commonita,
723 3563 750 3624 si
782 3581 848 3623 non
878 3560 1100 3623 satisfactione
1131 3580 1275 3642 congrua
1307 3561 1540 3638 emendaverit,
1571 3567 1746 3645 potestatis
1777 3565 1972 3647 honorisque

305 3657 354 3718 sui
378 3653 532 3735 dignitate
555 3658 672 3726 careat,
696 3670 851 3732 reamque
874 3669 910 3714 se
925 3651 1036 3714 divino
1057 3650 1177 3713 iudicio
1193 3651 1332 3713 existere
1349 3651 1391 3713 de
1408 3659 1595 3734 perpetrata
1611 3653 1780 3737 iniquitate
1796 3665 1973 3738 cognoscat

305 3753 338 3807 et
361 3765 380 3806 a
403 3741 621 3806 sacratissimo
645 3759 784 3821 corpore
814 3758 852 3802 ac
874 3741 1031 3822 sanguine
1062 3739 1115 3804 dei
1147 3748 1180 3803 et
1211 3740 1344 3816 domini,
1376 3741 1593 3824 redemptoris
1625 3745 1727 3808 nostri
1750 3743 1822 3807 lesu
1848 3744 1972 3820 Christi,

304 3832 408 3896 aliena
430 3832 496 3906 frat,
518 3839 618 3913 atque
640 3829 671 3892 in
695 3838 844 3892 extremo
869 3829 1019 3892 examine
1042 3829 1188 3916 districte
1211 3829 1325 3893 ultioni
1349 3830 1526 3894 subiaceat.
1572 3830 1703 3896 Cunctis
1724 3841 1843 3909 autem,
1867 3835 1971 3899 eidem

305 3921 441 4009 ecclesie
464 3923 548 3984 iusta
571 3915 797 4004 servanltibus
829 3917 870 3980 sit
902 3939 968 4001 pax
991 3918 1114 3982 domini
1138 3919 1239 3982 nostri
1261 3918 1334 3982 Iesu
1358 3917 1485 3994 Christi,
1516 3929 1677 4002 quatenus
1700 3931 1734 3986 et
1757 3921 1811 3986 hic
1834 3923 1971 3988 fructum

304 4012 392 4098 bone
423 4011 559 4074 actionis
592 4007 773 4091 percipiant
802 4016 835 4071 et
867 4007 956 4091 apud
987 4008 1167 4071 districtum
1199 4008 1338 4072 iudicem
1376 4011 1502 4091 premia
1532 4018 1642 4098 eterne
1679 4015 1771 4095 pacis
1801 4015 1972 4077 inveniant.
2034 4045 2035 4080 l

304 4099 423 4164 Amen.
446 4100 564 4164 Amen.
587 4098 705 4162 Amen.
729 4133 773 4142 -
2034 4093 2035 4116 ¹

463 4189 519 4270 (R)
543 4189 616 4270 Ego
639 4187 788 4251 Calixtus
810 4184 969 4273 catholice
992 4187 1130 4250 ecclesie
1153 4188 1330 4269 episcopus
1354 4208 1394 4248 ss.
1419 4186 1482 4267 (M)

463 4279 536 4360 Ego
560 4277 653 4342 Cono
676 4277 883 4340 Prenestinus
907 4277 1083 4360 episcopus
1106 4297 1147 4339 ss.

462 4403 506 4414 -
529 4365 549 4450 †
573 4365 646 4448 Ego
670 4364 844 4447 Gregorius
868 4365 1041 4429 cardinalis
1064 4367 1167 4429 sancti
1190 4364 1354 4429 Laurentii
1369 4383 1411 4426 ss.

462 4454 482 4539 †
505 4457 578 4539 Ego
602 4456 770 4519 Romanus
794 4455 950 4518 diaconus
973 4455 1142 4518 cardinalis
1165 4462 1276 4541 sancte
1300 4453 1402 4541 Marie
1425 4455 1456 4516 in
1481 4455 1610 4518 Porticu
1634 4477 1675 4518 ss,

461 4543 481 4628 †
505 4543 578 4628 Ego
603 4543 758 4608 Girardus
781 4545 939 4608 diaconus
962 4545 1135 4609 cardinalis
1156 4551 1268 4631 sancte
1290 4543 1391 4632 Lucie
1412 4563 1454 4606 ss.

460 4634 537 4698 Dat
560 4635 666 4698 Rome
694 4635 783 4716 apud
813 4641 962 4698 sanctum
993 4636 1140 4710 Petrum,
1173 4654 1233 4716 per
1266 4654 1396 4696 manum
1427 4634 1644 4708 GRISOGONI,
1685 4641 1797 4721 sancte
1826 4635 1972 4721 Romane

303 4724 440 4813 ecclesie
463 4724 593 4788 diaconi
617 4723 785 4786 cardinalis
808 4743 846 4787 ac
862 4722 1110 4788 bibliothecarii.
1149 4737 1223 4788 xvll
1240 4722 1312 4787 Kal.
1329 4723 1412 4786 Maii.
1450 4723 1633 4785 Indictione
1648 4735 1704 4784 xv.
1742 4724 1972 4788 incarnationis

302 4814 464 4901 dominice
487 4834 571 4876 anno
594 4809 768 4897 Mcxxl11.l
817 4813 1027 4877 Pontificatus
1051 4822 1159 4877 autem
1184 4813 1297 4876 domni
1321 4811 1467 4876 CALIXTI
1489 4811 1622 4874 secundi
1645 4812 1703 4874 ΡΡ.
1727 4833 1813 4876 anno
1837 4829 1898 4878 1111.

464 4929 505 4978 Or.
524 4929 567 4978 der
588 4927 713 4977 Collectrhn
732 4927 836 4977 Morbios
852 4943 900 4977 von
919 4928 1041 4988 Mailand,
1060 4929 1194 4995 ongckaufl
1211 4929 1288 4976 durch
1307 4927 1391 4976 Hmn
1416 4926 1619 4992 Wllmersdorjcr
1636 4933 1677 4976 etr.
1696 4926 1723 4974 in
1742 4927 1874 4977 Miinchm

463 5001 531 5066 Perg.
551 4999 611 5060 ital,
637 5001 672 5048 br.
693 5002 779 5062 Ostia,
804 4999 864 5066 lasrg
880 5003 932 5061 0‚ri,
960 5007 1034 5049 unten
1052 5004 1131 5060 0,οΗ
1155 5001 1343 5066 umgerclrlagen,
1368 4997 1446 5046 durch
1464 4999 1480 5047 3
1498 4997 1591 5046 delrer
1608 4998 1666 5063 grid
1686 4999 1737 5048 eine
1758 5015 1813 5048 rosa
1836 5001 1892 5050 und
1910 5002 1972 5068 gelde

301 5071 489 5131 Seidenschmr,
514 5073 585 5121 deren
603 5071 727 5138 Bleisicgel
747 5072 862 5121 verloren.
900 5072 1008 5137 Fallung
1030 5073 1074 5122 der
1091 5073 1186 5121 Bullen.
1226 5071 1335 5119 Initiale:
1362 5070 1460 5118 balmes
1483 5069 1651 5134 doppcllim'ges
1670 5069 1691 5118 C
1711 5070 1755 5118 mit
1777 5071 1834 5121 dm'
1849 5073 1972 5122 Ambaci-

300 5151 390 5209 rungm
415 5144 478 5193 nach
505 5144 577 5194 imm
604 5143 655 5208 aus
678 5145 721 5193 der
744 5143 924 5209 Einbuchrung.
975 5145 1131 5209 Verewr'gung
1155 5143 1233 5208 wem'g
1259 5141 1449 5206 keworgehobcrn
1494 5140 1640 5204 Komm'pt:
1666 5141 1705 5190 die
1735 5141 1974 5211 Uelergangsscinfl

304 5215 412 5264 Calirt’s.
443 5215 586 5265 Zermeite
604 5231 623 5264 c.
643 5217 727 5277 0,014.
766 5215 829 5265 Drei
846 5217 926 5265 Amen
945 5215 1068 5264 schlr'essen
1092 5216 1129 5263 die
1150 5216 1214 5263 lerztc
1231 5213 1298 5262 Zeile.
1336 5215 1397 5262 Rota
1416 5212 1464 5264 Nr.
1486 5216 1524 5271 μ,
1544 5213 1720 5262 Durclcmrsscr
1736 5229 1757 5260 c.
1777 5217 1848 5274 0‚54,
1867 5232 1916 5265 von
1933 5217 1973 5266 dtr

300 5289 380 5338 letaten
399 5287 460 5337 Zer'le
478 5290 564 5349 0,032,
588 5302 635 5338 von
659 5288 703 5336 der
718 5288 798 5336 ltirken
825 5287 905 5336 Κακία
924 5289 994 5350 0,06,
1020 5303 1074 5336 vom
1100 5284 1280 5350 Idomgvamme
1298 5287 1385 5344 0,202‚
1409 5299 1457 5333 von
1481 5285 1524 5333 der
1541 5284 1670 5350 Datinmg
1694 5287 1764 5346 0,13.
1803 5285 1971 5354 Morwgramm

300 5359 347 5408 Nr.
367 5359 406 5419 ὑί,
425 5359 485 5409 breil
502 5361 569 5420 0,05,
588 5359 646 5408 koch
664 5361 750 5420 0,055,
769 5375 817 5408 von
842 5360 898 5408 oben
922 5361 1008 5418 0,032,
1035 5373 1083 5406 von
1101 5357 1144 5406 der
1160 5357 1253 5406 rechten
1272 5357 1354 5405 Kame
1372 5358 1460 5415 0,055.
1496 5356 1638 5421 lr'ingkreus,
1661 5356 1720 5405 Um-
1738 5358 1793 5406 und
1811 5358 1973 5425 Unterrchrr'st

300 5431 379 5479 Hand
394 5433 449 5481 rard
464 5431 540 5480 Dinte
550 5432 604 5496 fiir
620 5431 677 5480 sici.
714 5431 763 5480 Die
782 5431 963 5497 Zeugmfirmm
979 5430 1056 5495 stigen
1066 5431 1096 5495 je
1114 5427 1164 5478 eine
1182 5429 1270 5477 andere
1286 5427 1371 5487 Hand,
1394 5427 1456 5477 Com
1474 5435 1547 5476 uniter
1567 5428 1648 5477 Calirt
1662 5427 1765 5478 sicherad.

299 5550 302 5556 v
319 5551 390 5557 ———
410 5551 550 5557 --..--....
567 5549 723 5557 —-.—·-

459 5621 484 5677 a)
504 5625 571 5660 mem
589 5626 635 5659 aus
655 5611 721 5659 Rom
740 5608 851 5674 toringi!
922 5607 1087 5674 murdarch
1106 5607 1240 5658 xorrenur
1255 5606 1391 5672 hargesnllr.
