4090 6358
308 287 350 352 62

308 479 424 553 selena,
448 481 561 539 contra
583 493 656 537 eam
679 481 803 537 temere
824 473 935 536 venire
956 474 1176 555 temptaverit,
1198 473 1343 536 secundo
1367 473 1505 536 tertiove
1528 474 1737 552 commonita,
1761 477 1788 538 si
1809 497 1874 539 non
1888 476 1974 541 saris-

308 567 449 630 factione
481 584 623 646 congrua
652 563 882 638 emendaverit,
912 563 1084 644 potestatis
1114 562 1315 642 honorisque
1348 565 1397 625 sui
1428 563 1583 644 dignitate
1615 572 1725 626 careat
1757 586 1908 648 reamque
1936 587 1973 630 se

308 658 419 720 divino
444 656 562 718 iudicio
587 655 725 716 existere
749 653 791 716 de
815 660 1004 734 perpetrata
1028 653 1199 732 iniquitate
1223 660 1410 733 cognoscat,
1434 661 1468 714 et
1491 674 1511 715 a
1533 655 1753 717 sacratissimo
1778 676 1974 736 corporeae

308 746 462 829 sanguine
486 739 560 828 [dei]
585 750 618 805 et
640 743 774 816 domini,
798 742 1017 823 redemptoris
1041 745 1142 805 nostri
1166 740 1237 804 Iesu
1262 741 1390 816 Christi,
1421 743 1525 804 aliena
1553 741 1618 816 fiat,
1651 751 1750 823 atque
1774 745 1807 806 in
1832 754 1973 809 extremo

309 838 459 899 examine
482 833 628 895 districte
652 831 763 894 ultioni
786 830 964 894 subiaceat.
992 833 996 910 Ι
1023 830 1153 894 Cunctis
1176 839 1295 906 autem,
1328 831 1434 893 eidem
1466 832 1540 894 loco
1572 835 1656 894 iusta
1686 834 1903 910 servantibus,
1932 837 1975 897 sit

309 946 377 1008 pax
407 923 530 987 domini
562 921 661 984 nostri
691 922 763 984 lesu
788 919 917 995 Christi,
951 922 1103 1000 quatinus
1134 927 1168 983 et
1197 920 1250 983 hic
1281 919 1422 983 fructum
1453 919 1541 983 bone
1574 921 1708 984 actionis
1740 924 1916 1006 percipiant
1940 933 1975 987 et

307 1016 396 1098 apud
420 1015 603 1078 districtum
626 1010 767 1074 iudicem
791 1011 917 1092 premia
941 1017 1053 1098 eterne
1077 1010 1167 1092 pacis
1190 1009 1359 1073 inveniant.
1406 1006 1483 1073 Am.
1507 1007 1583 1072 Am.
1606 1011 1724 1076 Amen.

520 1097 576 1187 (R)
600 1098 674 1183 Ego
697 1100 815 1163 Lucius
840 1097 1002 1163 catholice
1025 1100 1164 1187 ecclesie
1188 1101 1366 1182 episcopus
1389 1119 1431 1162 ss.
1457 1097 1525 1183 (M)

520 1191 541 1270 †
564 1188 638 1271 Ego
662 1189 833 1254 Conradus
856 1186 1043 1251 Sabinensis
1067 1189 1244 1272 episcopus
1266 1208 1308 1252 ss

520 1281 541 1360 h
564 1281 637 1362 Ego
661 1278 901 1342 Theodewinus
924 1286 1036 1366 sancte
1057 1278 1174 1366 Rufine
1198 1278 1371 1360 episcopus
1394 1299 1436 1342 ss

520 1404 566 1414 —
587 1371 607 1448 †
631 1368 704 1450 Ego
729 1367 798 1432 GG.
823 1365 1027 1450 (Gregorius)
1051 1367 1214 1450 presbiter
1237 1367 1409 1431 cardinalis
1432 1369 1480 1432 tit.
1505 1365 1623 1432 Calixti
1643 1365 1674 1452 a)
1697 1389 1739 1432 ss.
1764 1367 1817 1452 (1)

520 1460 541 1538 h
564 1458 637 1540 Ego
662 1457 866 1522 Gislebertus
890 1457 1050 1539 presbiter
1073 1457 1247 1520 cardinalis
1269 1460 1318 1520 tit.
1342 1459 1447 1520 sancti
1471 1456 1574 1520 Marci
1596 1479 1638 1522 ss.

521 1548 541 1628 †
563 1545 637 1629 Ego
663 1546 772 1611 Guido
796 1546 956 1629 presbiter
979 1547 1152 1609 cardinalis
1174 1549 1223 1610 tit.
1246 1554 1432 1611 sanctorum
1457 1546 1623 1610 Laurentii
1651 1555 1685 1610 et
1706 1547 1842 1611 Damasi
1865 1568 1904 1609 ss.
1926 1544 1975 1630 (ι)

520 1638 541 1717 †
565 1637 638 1718 Ego
654 1638 823 1700 Rainerius
840 1635 1001 1720 presbiter
1016 1635 1187 1700 cardinalis
1209 1637 1258 1699 tit.
1282 1638 1387 1699 sancti
1405 1635 1563 1719 Stephani
1587 1639 1619 1698 in
1636 1636 1727 1701 Celio
1747 1645 1860 1701 monte
1875 1656 1913 1699 ss.
1930 1637 1977 1718 (1)

520 1724 540 1807 †
564 1727 636 1808 Ego
661 1726 834 1789 Aribertus
859 1726 1021 1808 presbiter
1045 1725 1217 1789 cardinalis
1239 1725 1286 1789 tit.
1310 1735 1425 1789 sancte
1447 1724 1623 1789 Anastasie
1646 1747 1688 1790 ss

520 1815 542 1892 †
565 1816 637 1898 Ego
661 1816 761 1898 Hugo
785 1815 945 1898 presbiter
967 1815 1013 1878 tit.
1036 1817 1142 1880 sancti
1165 1815 1331 1878 Laurentii
1354 1816 1385 1878 in
1408 1815 1533 1880 Lucina
1555 1836 1597 1878 ss.

521 1905 541 1984 'r
564 1906 638 1987 Ego
661 1905 760 1969 Iulius
783 1904 945 1988 presbiter
967 1905 1141 1968 cardinalis
1163 1907 1213 1968 tit.
1237 1905 1338 1968 sancti
1362 1903 1505 1969 Marcelli
1529 1925 1571 1968 ss

520 2027 564 2040 -
586 1994 607 2076 †
630 1995 703 2077 Ego
728 1992 904 2076 Gregorius
926 1995 1084 2058 diaconus
1108 1994 1278 2058 cardinalis
1301 2003 1487 2058 sanctorum
1512 1992 1615 2077 Sergii
1648 2001 1681 2056 et
1704 1988 1842 2079 Bachlili
1865 2013 1904 2055 ss.
1927 1989 1977 2076 (Ι)

519 2085 540 2162 †
563 2085 636 2166 Ego
661 2082 769 2148 Guido
793 2085 951 2147 diaconus
975 2084 1148 2147 cardinalis
1171 2091 1358 2147 sanctorum
1383 2084 1504 2170 Cosme
1527 2093 1560 2147 et
1583 2084 1734 2147 Damiani
1757 2103 1799 2146 ss

520 2174 541 2253 †
563 2172 636 2255 Ego
655 2171 853 2237 Octavianus
877 2174 1035 2237 diaconus
1059 2173 1231 2237 cardinalis
1255 2175 1357 2237 sancti
1372 2173 1497 2237 Nicolai
1514 2175 1546 2236 in
1562 2193 1693 2237 carcere
1709 2171 1850 2236 Tulliani
1869 2191 1908 2233 ss.
1925 2171 1976 2250 (3)

520 2261 541 2344 †
563 2263 637 2345 Ego
660 2261 823 2327 Iohannes
846 2263 1001 2327 diaconus
1026 2263 1195 2327 cardinalis
1219 2272 1332 2326 sancte
1356 2263 1460 2356 Marie
1482 2284 1568 2326 nove
1590 2284 1632 2326 ss.

520 2353 541 2431 t
563 2351 636 2435 Ego
659 2353 822 2416 Berardus
846 2354 1004 2416 diaconus
1028 2353 1202 2416 cardinalis
1225 2361 1338 2440 sancte
1360 2353 1509 2440 Romane
1533 2353 1670 2440 ecclesie
1692 2371 1734 2413 ss.
1758 2349 1807 2435 (2)

468 2439 543 2502 Dat.
558 2442 720 2518 Laterani,
744 2462 803 2524 per
819 2463 950 2505 manum
966 2443 1130 2519 BARONIS,
1146 2451 1259 2506 sancte
1273 2443 1424 2505 Romane
1440 2442 1577 2506 ecclesie
1593 2442 1796 2505 subdiaconi.
1827 2452 1890 2503 vm
1904 2438 1978 2501 Idus

309 2522 472 2590 Octobris
527 2531 707 2595 Indictione
737 2544 808 2596 v111.
861 2531 1094 2596 Incarnationis
1127 2532 1291 2596 dominice
1329 2552 1414 2595 anno
1445 2545 1604 2596 MCmel.
1659 2528 1873 2594 Pontificatus
1902 2548 1978 2591 vero

308 2615 422 2680 domni
444 2619 546 2684 LUOEI
567 2636 593 2684 11
615 2643 671 2704 pp.
694 2642 780 2685 anno
804 2623 922 2704 primo.
946 2656 990 2667 —

471 2735 513 2785 Or.
532 2737 575 2785 der
590 2735 723 2785 Idrllection
741 2736 846 2786 Morbies
863 2751 911 2785 von
929 2735 1052 2797 Malland,
1071 2737 1204 2802 augehaufl
1221 2736 1299 2786 durch
1316 2736 1401 2786 Herm
1426 2737 1635 2802 Willmersddrfer
1650 2752 1675 2785 u.
1695 2752 1718 2785 a.
1737 2734 1763 2784 in
1781 2733 1918 2783 Milncheu

283 2861 292 2882 ⁶
470 2806 537 2871 Perg.
566 2807 627 2866 e'teeh,
653 2809 688 2856 br.
709 2811 795 2868 0‚565,
824 2810 884 2874 long
901 2811 968 2868 0,57,
996 2816 1071 2858 umen
1090 2825 1109 2856 c.
1129 2811 1207 2868 0,024
1234 2807 1431 2874 umgeschlugeu,
1459 2810 1538 2858 durch
1556 2812 1572 2858 3
1591 2809 1684 2857 Liicher
1706 2806 1764 2872 geht
1788 2806 1825 2855 die
1851 2821 1905 2856 rosa
1929 2803 1982 2853 und

307 2875 472 2940 (grttnrgelbe
497 2879 680 2938 Seidrnschuur,
706 2897 791 2929 woran
809 2881 854 2928 das
871 2881 996 2945 Bleisiegel
1010 2881 1057 2930 Nr.
1076 2883 1092 2929 2
1111 2880 1194 2946 hdnge.
1229 2881 1338 2945 Faltung
1362 2881 1405 2930 der
1423 2882 1518 2931 Bullen.
1555 2882 1611 2930 Das
1630 2878 1748 2929 Indiae-L
1766 2877 1797 2926 hrt
1814 2878 1879 2927 liuks
1897 2878 1922 2926 r'n
1939 2877 1981 2925 der

308 2946 380 2996 rlhilte
398 2949 475 2998 durch
492 2951 541 3000 eine
558 2952 735 3018 Amhuchtung
750 2951 855 3011 vereirrt,
874 2952 918 2999 das
936 2969 950 3001 u
969 2952 1029 3001 steht
1048 2953 1159 3012 duneberr,
1178 2952 1244 3001 nicht
1261 2952 1342 3012 daun,
1361 2954 1391 3001 ist
1409 2953 1446 3001 ee'n
1460 2953 1621 3019 gescheveisles
1639 2950 1787 3000 Schenhel·u.
1829 2949 1978 3014 Wrewigung

307 3018 353 3068 Nr.
373 3023 390 3068 4
410 3019 501 3067 PsJlau
528 3023 611 3083 delent,
622 3025 693 3088 fiillt
710 3026 779 3082 0,08.
814 3024 863 3073 Die
880 3025 958 3072 Amen
968 3025 1055 3088 jiilleu
1080 3025 1116 3073 die
1139 3025 1202 3073 letale
1220 3023 1288 3073 Zeile.
1325 3027 1388 3073 Rota
1405 3025 1453 3073 Nr.
1475 3030 1498 3084 1,
1517 3041 1571 3073 veru
1590 3023 1772 3088 Menogramrree
1790 3021 1852 3082 0,3a
1871 3021 1979 3086 entsemt.

308 3089 478 3155 Merrogramm
496 3093 542 3142 Nr.
565 3099 601 3153 1¹¹,
621 3095 680 3144 dreit
696 3097 783 3155 0,031,
801 3095 861 3144 hoch
879 3098 966 3157 0,054.
1004 3096 1154 3161 ll'ingkreru‚
1180 3096 1225 3144 das
1242 3096 1300 3159 Ego
1323 3097 1379 3144 und
1395 3111 1419 3144 ss
1437 3097 1482 3145 der
1503 3096 1667 3160 Uruerschrrfl
1688 3109 1736 3143 vem
1761 3093 1893 3142 dunhlerer
1909 3093 1979 3142 Dieuc

306 3163 344 3210 uls
367 3163 404 3211 die
425 3163 484 3212 Um-
508 3167 564 3214 und
587 3166 670 3232 hhrr'ge
690 3167 856 3231 Unlerschrest.
893 3167 943 3215 Die
967 3167 1147 3233 Zeugeufirmen
1170 3168 1280 3216 scher'nen
1301 3167 1329 3217 iu
1351 3168 1418 3217 ihrer
1436 3167 1565 3216 llsehrzahl
1584 3183 1633 3217 von
1651 3166 1715 3216 einer
1731 3165 1812 3215 Haud
1832 3165 1890 3214 und
1911 3165 1980 3213 Dina

306 3233 482 3296 hernuhhrem
507 3237 543 3286 die
568 3238 618 3286 sich
637 3237 846 3304 hhuteevorlagen
873 3239 1002 3288 areschloss.
1041 3240 1088 3290 Die
1105 3239 1233 3305 Datimng
1250 3238 1308 3306 eeigt
1323 3239 1442 3290 vielleicht
1467 3240 1581 3290 dunhlere
1598 3239 1673 3288 Dinte
1691 3240 1729 3288 als
1746 3237 1790 3287 der
1806 3236 1978 3302 Haupthiirter,

306 3307 411 3356 Batonis
429 3309 515 3358 wurdt
533 3309 607 3359 dorin
623 3309 805 3376 uachgrtragen.

1063 3596 1132 3671 Nr.
1164 3600 1225 3672 61.

308 3749 427 3812 Lucius
443 3747 488 3811 II
507 3749 625 3812 nimmt
645 3747 699 3812 die
715 3746 894 3810 Beroolrreer
910 3769 970 3812 von
997 3747 1027 3811 C
1025 3749 1084 3811 ittet
1105 3747 1145 3811 di
1171 3747 1309 3813 Castello
1330 3751 1392 3813 mit
1415 3747 1508 3811 ihren
1523 3746 1783 3810 Besiutleumem
1806 3746 1841 3808 r'n
1863 3754 1978 3829 aposto·

381 3838 502 3902 lischen
517 3836 654 3917 Schretr,
684 3838 792 3918 wrefie'r
804 3837 852 3900 sie
858 3836 1009 3922 jc'e'hrle'ch
1023 3839 1115 3902 einen
1129 3839 1246 3902 Denar
1258 3860 1302 3902 an
1317 3839 1372 3903 die
1389 3836 1493 3902 Kurie
1507 3859 1548 3902 zu
1563 3835 1738 3901 eutrichteu
1752 3834 1856 3899 haben
1875 3838 1911 3917 ¹).

877 3972 961 4034 1144
977 3971 1165 4036 November
1178 3976 1228 4036 13.
1259 3973 1412 4037 Lateran.

465 4105 584 4170 Lucius
607 4107 793 4189 episcopus,
817 4125 929 4169 servus
952 4125 1120 4171 servorum
1144 4108 1208 4184 del,
1231 4107 1355 4171 dilectis
1370 4107 1451 4183 filiis,
1471 4105 1568 4169 bonis
1583 4104 1780 4181 hominibus
1803 4105 1979 4168 maioribus

307 4203 341 4258 et
363 4196 552 4271 minoribus,
578 4197 622 4260 de
638 4194 778 4259 Ciuitate
800 4215 865 4276 que
888 4196 1003 4258 dicitur
1018 4194 1178 4260 Castellus
1196 4197 1238 4278 b),
1261 4206 1328 4260 tam
1354 4195 1560 4280 presentibus
1584 4214 1683 4274 quam
1706 4194 1831 4270 luturiS,
1855 4197 1889 4257 in
1912 4216 1978 4278 per·

307 4294 451 4368 petuum.
498 4284 580 4350 Cum
603 4306 646 4348 ex
669 4287 814 4348 iniuncto
837 4285 933 4349 nobis
955 4305 975 4346 a
998 4285 1063 4348 deo
1086 4289 1289 4369 apostolatus
1310 4291 1335 4369 c)
1359 4286 1463 4350 offitio
1485 4285 1639 4348 universis
1663 4283 1824 4348 catholice
1848 4284 1979 4348 ecclesie

307 4375 377 4438 filiis
409 4375 577 4439 debitores
609 4377 804 4450 existamus,
834 4374 896 4436 illis
926 4383 1054 4450 tamen,
1086 4376 1141 4456 qui
1164 4378 1207 4440 ad
1230 4378 1342 4440 sedem
1369 4374 1583 4459 apostolicam
1615 4374 1790 4457 specialius
1821 4375 1979 4457 pertinere

308 4473 493 4540 noscuntur,
524 4486 585 4528 nos
607 4465 762 4528 convenit
784 4464 936 4526 attentius
961 4467 1139 4528 imminere.
1186 4464 1272 4547 Quia
1301 4467 1406 4548 igitur,
1439 4466 1528 4529 beati
1551 4465 1638 4527 Petri
1661 4463 1819 4527 iusticiam
1844 4483 1978 4546 cognos-

307 4562 435 4629 centeS,
473 4555 572 4636 ipsius
605 4555 823 4637 patrocinium
854 4574 913 4636 per
942 4554 1161 4618 venerabilem
1194 4556 1328 4618 fratrem
1361 4565 1524 4630 nostrum,
1564 4555 1759 4637 episcopum
1789 4561 1934 4616 vestrum
1950 4553 1977 4632 ²),

307 4643 497 4726 suppliciter
529 4643 724 4727 postulastis
754 4643 838 4706 votis
862 4646 977 4706 vestris
1001 4652 1137 4726 patema
1167 4644 1368 4726 benignitate
1392 4647 1572 4718 annuimus
1603 4650 1703 4725 atque
1732 4643 1841 4706 locum
1876 4645 1976 4726 ipsum

307 4754 382 4796 cum
407 4733 558 4797 omnibus
582 4734 647 4796 suis
670 4733 884 4815 pertinentiis,
908 4735 964 4813 qui
988 4753 1031 4796 ex
1054 4736 1189 4814 antiquo
1213 4736 1300 4797 sedis
1327 4735 1509 4817 apostolice
1533 4734 1610 4795 iuris
1633 4753 1705 4796 esse
1736 4732 1929 4808 dinoscitur,
1950 4739 1978 4794 et

308 4843 466 4906 personas
488 4831 612 4886 vestras
644 4843 717 4886 cum
750 4822 844 4884 bonis
868 4831 901 4886 et
932 4823 1206 4904 possessionibus,
1237 4844 1301 4904 que
1332 4825 1364 4887 in
1394 4823 1629 4906 presentiarum
1661 4822 1743 4884 iuste
1773 4829 1807 4884 et
1837 4821 1977 4903 legitime

308 4913 501 4996 possidetiS,
534 4915 645 4974 autin
668 4913 811 4975 futurum
842 4912 1081 4976 rationabiliter
1113 4916 1264 4996 poteritis
1295 4914 1451 4996 adipisci,
1483 4912 1543 4975 sub
1575 4912 1721 4974 eiusdem
1757 4911 1977 4993 apostolorum

238 5061 242 5072 ,
309 5003 462 5085 principis
494 5009 528 5064 et
559 5010 705 5065 nostram
737 5003 975 5084 protectionem
1008 5003 1203 5083 suscipimus
1240 5012 1272 5066 et
1304 5005 1464 5084 presentis
1487 5000 1599 5084 scripti
1630 5002 1813 5083 patrocinio
1832 5000 1861 5081 d)
1895 5021 1977 5064 com·

308 5092 479 5154 munimus.
525 5089 723 5174 Apostolica
746 5093 940 5154 auctoritate
963 5089 1186 5173 prohibentes
1216 5101 1251 5154 ut
1275 5092 1330 5153 ulli
1354 5094 1487 5155 omnino
1510 5091 1681 5154 hominum
1704 5090 1809 5164 liceat,
1840 5091 1976 5153 eundem

308 5181 417 5244 locum
446 5189 488 5258 et,
517 5201 581 5261 que
611 5181 653 5244 ad
685 5184 791 5262 ipsum
816 5182 989 5263 pertinent,
1019 5181 1071 5242 vel
1104 5201 1262 5262 personas
1285 5189 1409 5244 vestras
1439 5189 1563 5244 temere
1596 5179 1787 5261 perturbare
1816 5188 1873 5241 aut
1896 5181 1977 5243 bona

308 5273 376 5334 sive
407 5272 631 5354 possessiones
658 5280 782 5333 vestras
814 5269 947 5345 aulerre,
978 5271 1125 5345 retinere,
1155 5271 1301 5333 minuere
1330 5291 1387 5334 seu
1415 5270 1616 5351 quibuslibet
1647 5268 1805 5331 molestiis
1837 5269 1969 5351 fatigare

308 5359 371 5423 Ad·
388 5360 541 5425 indicium
566 5368 684 5438 autem,
707 5359 797 5440 quod
823 5360 911 5422 idem
927 5359 1017 5422 locus
1040 5359 1129 5423 beati
1144 5360 1230 5422 Petri
1254 5361 1329 5423 iuris
1353 5363 1480 5436 existat,
1505 5367 1539 5422 et
1561 5359 1656 5422 huius
1671 5379 1690 5422 a
1706 5358 1785 5422 sede
1801 5360 1976 5441 apostolica

308 5499 372 5506 ,ψ-
396 5499 435 5503 .—
458 5499 497 5503 —
533 5498 608 5504 -.-

467 5557 493 5614 a)
512 5555 591 5605 sancti
607 5571 653 5604 uer
665 5554 755 5605 Calixti
772 5555 904 5620 wegradirt
973 5554 1001 5620 b)
1021 5554 1144 5604 Castellus
1162 5570 1210 5620 que
1230 5555 1318 5604 dicitur
1376 5554 1400 5617 c)
1420 5554 1597 5619 apostolicatus
1670 5554 1697 5616 d)
1716 5553 1891 5618 patrocinium.
1911 5588 1975 5603 .-..

311 5629 336 5690 1)
354 5625 402 5677 Die
413 5626 539 5692 Abschrr'st
561 5627 637 5678 dieser
658 5627 718 5676 Urk.
737 5626 857 5676 verdanhe
874 5625 912 5674 ich
930 5625 1015 5676 Herrn
1037 5627 1130 5676 Uheldo
1150 5626 1265 5691 Parqur'
1282 5643 1311 5675 eu
1329 5628 1422 5676 Arenae.
1505 5626 1532 5690 2)
1551 5627 1659 5675 Domals
1676 5627 1794 5686 Davum,
1821 5627 1928 5692 Birthas
1938 5641 1976 5676 ure

311 5696 373 5750 eitra
391 5699 418 5749 di
438 5700 545 5760 Castello,
565 5701 741 5750 1137-1145.
785 5699 834 5748 Vere
852 5698 902 5747 ihm
919 5699 950 5748 ist
967 5701 1071 5749 hurserst
1088 5697 1166 5764 wenig
1181 5700 1290 5748 bekannt.
1328 5697 1440 5748 Niiheres
1455 5698 1598 5762 Coppelletti‚
1621 5697 1700 5748 Chiese
1718 5697 1818 5748 d'Itnliu
1831 5698 1876 5748 IV
1883 5707 1912 5764 p.
1926 5699 1975 5749 261.
