4090 6358
1055 479 1121 554 Nr.
1152 484 1214 556 84.

304 629 421 713 Eugen
442 629 508 692 III
531 629 709 712 verwillgt
733 629 805 693 dem
831 626 963 693 Kloster
990 630 1092 694 Santa
1115 632 1229 695 Maria
1252 632 1290 695 di
1319 631 1470 694 Montano
1492 627 1552 710 (D.
1581 627 1709 708 Come),
1740 628 1819 692 dass
1848 649 1882 691 es
1914 649 1971 690 von

303 719 364 782 den
386 717 448 783 mit
468 719 597 802 eigenen
621 717 739 782 Kosten
761 719 1397 892 arcsgesr'c'lzrtenerzfiegrbsstebnchqclieseinem
1428 718 1626 799 Thierfutter
1651 717 1743 781 keine
1768 718 1914 782 Zehnten
1935 739 1972 780 au

905 943 991 1004 1147
1012 943 1111 1007 Mdrz
1132 947 1165 1006 2.
1223 940 1366 1007 Vercellz'.

462 1075 630 1157 Eugenius
654 1077 837 1158 episcopus
871 1097 981 1140 servus
1003 1099 1170 1141 servorum
1195 1078 1256 1152 dei,
1287 1078 1413 1140 dilectis
1437 1077 1470 1139 in
1494 1075 1624 1140 Christo
1648 1076 1785 1152 filiabus,
1809 1073 1972 1160 Zacharie,

211 1211 216 1222 .
303 1165 468 1251 abbatisse
493 1167 680 1228 monasterii
697 1165 793 1248 beate
810 1165 913 1253 Marie
934 1165 938 1249 Ι
961 1167 1001 1230 de
1018 1169 1188 1243 Montan0,
1214 1168 1348 1248 eiusque
1368 1165 1534 1228 sororibus
1550 1166 1688 1229 salutem
1706 1176 1740 1229 et
1756 1164 1973 1246 apostolicam

303 1254 577 1317 benedictionem.
623 1254 757 1335 Quanto
775 1254 933 1318 femineus
948 1277 1045 1319 sexus
1062 1265 1154 1319 extat
1177 1256 1327 1339 fragilior,
1352 1263 1445 1318 tanto
1466 1257 1471 1336 Ι
1492 1255 1577 1317 circa
1599 1275 1659 1318 vos
1683 1256 1841 1318 maiorem
1856 1252 1972 1314 sollici-

303 1343 447 1405 tudinem
473 1354 505 1406 et
527 1345 768 1425 providentiam
791 1364 852 1407 nos
876 1347 1028 1409 convenit
1051 1346 1215 1410 exhibere.
1263 1345 1427 1427 Quocirca
1450 1345 1538 1408 beati
1559 1345 1707 1426 Gregorii
1731 1345 1974 1423 multorumque

302 1433 526 1496 Romanorum
542 1433 734 1514 pontificum
752 1434 1004 1516 auctoritate(m)
1027 1447 1201 1517 sequentes
1217 1445 1316 1517 atque
1331 1435 1405 1516 paci
1422 1445 1454 1497 et
1470 1434 1694 1515 tranquillitati
1709 1443 1818 1519 vestre
1836 1441 1974 1514 patema

302 1521 519 1584 sollicitudine
551 1522 723 1604 providere
752 1523 907 1600 volentes
938 1527 1122 1600 statuimus,
1154 1545 1194 1587 ne
1226 1524 1267 1588 de
1291 1524 1465 1597 laboribus,
1501 1543 1583 1604 quos
1616 1523 1756 1605 propriis
1788 1521 1973 1601 sumptibus

302 1610 416 1686 colitis,
440 1612 508 1674 sive
532 1612 573 1674 de
597 1612 800 1674 nutrimentis
822 1620 1003 1676 vestrorum
1027 1613 1215 1677 animalium
1238 1614 1321 1676 ullus
1344 1615 1479 1677 omnino
1496 1613 1665 1675 hominum
1682 1633 1701 1674 a
1716 1613 1812 1675 vobis
1829 1610 1973 1672 decimas

302 1701 432 1781 exigere
465 1710 640 1782 presumat.
686 1701 802 1781 Quod,
842 1703 867 1764 si
900 1703 971 1785 quis
1002 1705 1173 1766 temerario
1206 1724 1283 1766 ausu
1316 1712 1511 1784 attemptare
1542 1701 1794 1783 presumpserit,
1827 1698 1972 1786 secundo

300 1791 438 1852 tertiove
461 1791 688 1866 commonitus,
711 1792 737 1853 si
760 1811 828 1854 non
852 1801 976 1854 reatum
991 1813 1084 1855 suum
1101 1813 1245 1874 congrua
1260 1793 1483 1855 satisfactione
1504 1792 1688 1866 correxerit,
1712 1790 1972 1872 indignationem

301 1879 536 1960 omnipotentis
551 1880 603 1942 dei
621 1889 654 1942 et
674 1875 678 1963 Ι
698 1881 870 1943 beatorum
885 1881 970 1943 Petri
988 1892 1020 1945 et
1035 1883 1134 1958 Pauli,
1160 1881 1383 1964 apostolorum
1401 1882 1477 1958 cius,
1502 1900 1537 1944 se
1552 1881 1681 1943 noverit
1701 1881 1914 1942 incursurum.
1933 1910 1971 1923 -

303 1968 379 2029 Dat.
401 1968 566 2045 Vercellis
590 1981 627 2032 Vl
649 1970 735 2032 Non.
757 1967 762 2052 Ι
784 1971 901 2033 Martii.
924 2005 968 2015 -

465 2083 507 2131 Or.
526 2083 559 2131 im
577 2081 690 2132 Archivr‘o
709 2083 735 2132 di
752 2083 819 2132 State
835 2100 865 2132 au
885 2083 1006 2134 Mat'lond.

463 2153 531 2221 Perg.
550 2154 611 2214 ital,
629 2155 663 2204 br.
684 2157 768 2216 0,175,
787 2157 848 2222 lang
865 2157 932 2216 0,13,
950 2164 1024 2206 unlm
1042 2157 1119 2218 0‚018
1136 2155 1324 2222 umgesclrlagen‚
1344 2154 1422 2204 durch
1440 2153 1497 2204 cavei
1513 2154 1608 2204 delm
1620 2153 1682 2219 ging
1702 2152 1739 2202 dic
1757 2152 1861 2210 Sciam,
1888 2149 1974 2200 welche

302 2223 347 2273 mit
362 2224 414 2274 dem
433 2225 511 2291 Sicgel
523 2228 638 2276 verlorm.
675 2227 782 2293 Faltung
806 2228 850 2276 der
868 2228 971 2279 Brevm.
1012 2228 1078 2277 Olme
1095 2227 1184 2277 Linien
1203 2226 1358 2294 geschrieben.
1395 2227 1524 2292 Datis-ung
1547 2243 1596 2275 von
1620 2225 1723 2274 andem
1739 2225 1816 2274 Dr'nle
1840 2223 1896 2271 und
1912 2221 1977 2272 mk!

301 2296 364 2344 auch
381 2295 461 2346 Hand
475 2299 512 2346 als
529 2299 572 2347 der
589 2298 765 2363 Ifauplkdrper.
801 2301 858 2348 Mar
929 2300 947 2348 ti
1017 2301 1033 2353 i.
1054 2327 1087 2336 -
1107 2299 1180 2349 istro
1197 2298 1459 2364 mocinandergeaogm,
1479 2300 1536 2348 dass
1553 2313 1576 2348 es
1593 2297 1643 2347 eine
1656 2311 1732 2363 gome
1751 2296 1813 2346 Zeile
1821 2295 1898 2360 fitllr.

1055 2600 1122 2675 Nr.
1154 2603 1216 2676 85.

303 2732 415 2815 Eugen
441 2732 506 2796 III
527 2733 644 2796 nirnmt
668 2732 730 2796 das
754 2731 886 2796 Kloster
907 2730 1303 2797 St.-Maurice-en—Valaz's
1334 2733 1393 2813 (D.
1418 2731 1511 2818 Szbn)
1544 2735 1578 2797 in
1606 2731 1835 2818 apostolisclzen
1858 2729 1973 2794 Schuls

702 2822 772 2885 und
791 2822 940 2905 bestdtrgt
961 2821 1030 2886 ihm
1053 2821 1289 2886 Besc'tztlnfmer
1310 2823 1379 2886 und
1400 2823 1517 2888 Rechte
1534 2825 1572 2910 ¹).

929 2957 1016 3018 1147
1037 2955 1135 3019 Mdra
1151 2959 1208 3019 22.
1245 2957 1341 3038 Lyon.

460 3089 625 3169 Eugenius
641 3090 825 3172 episcopus
847 3110 957 3154 servus
972 3111 1139 3154 servorum
1160 3091 1221 3168 dei,
1247 3091 1372 3153 dilectis
1388 3089 1461 3153 filiis
1477 3091 1619 3173 Hugoni,
1636 3091 1749 3155 abbati
1766 3089 1972 3172 Agaunensis

302 3176 437 3238 ecclesie
452 3177 540 3240 beati
558 3179 705 3241 Mauricii
722 3180 868 3254 martiris,
893 3181 1026 3262 eiusque
1048 3180 1208 3256 fratribus
1232 3192 1299 3243 tam
1316 3180 1523 3262 presentibus
1540 3201 1638 3263 quam
1655 3181 1777 3256 futuris,
1794 3179 1972 3261 regularem

302 3266 402 3327 vitam
426 3266 589 3346 professis,
621 3269 653 3330 in
681 3278 884 3350 perpetuum.
931 3269 1095 3350 Quoniam
1119 3271 1188 3334 sine
1211 3289 1287 3333 vere
1310 3270 1397 3332 cultu
1427 3270 1592 3352 religionis
1616 3291 1678 3333 nec
1701 3271 1844 3332 caritatis
1868 3271 1972 3332 unitas

300 3364 411 3436 potest
441 3355 615 3420 subsistere
647 3378 708 3419 nec
742 3357 806 3420 deo
837 3369 966 3439 gratum
997 3359 1144 3422 exhiberi
1174 3360 1360 3435 servicium,
1401 3360 1536 3441 expedit
1566 3359 1748 3441 apostolice
1778 3359 1971 3433 auctoritati,

301 3444 467 3525 religiosas
490 3466 647 3526 personas
671 3447 805 3528 diligere
828 3456 861 3510 et
888 3469 998 3511 earum
1030 3450 1139 3530 quieti,
1172 3449 1349 3511 auxiliante
1373 3449 1518 3524 domino,
1551 3450 1733 3531 providere.
1778 3449 1971 3530 Eapropter‚

301 3533 409 3595 dilecti
438 3534 470 3596 in
504 3535 639 3597 domino
668 3535 734 3612 filii,
765 3537 879 3599 vestris
910 3538 1000 3601 iustis
1030 3537 1306 3620 postulationibus
1338 3537 1515 3600 clementer
1544 3539 1715 3601 annuimus
1746 3548 1779 3600 et
1811 3537 1971 3618 prefatam

300 3621 479 3698 ecclesiam,
502 3625 535 3686 in
559 3643 624 3704 qua
646 3625 756 3688 divino
780 3627 952 3708 mancipati
975 3629 1052 3690 estis
1076 3626 1249 3707 obsequio,
1280 3625 1341 3688 sub
1365 3625 1453 3689 beati
1471 3625 1558 3690 Petri
1582 3636 1615 3689 et
1638 3634 1748 3688 nostra
1765 3629 1971 3708 protectione

301 3714 502 3794 suscepimus
525 3723 559 3776 et
586 3715 744 3796 presentis
773 3715 884 3797 scripti
907 3715 1077 3798 privilegio
1101 3717 1347 3779 communimus.
1392 3715 1429 3778 In
1454 3717 1565 3797 primis
1589 3716 1751 3797 siquidem
1782 3723 1968 3791 statuentes,

303 3808 338 3862 ut
367 3802 450 3865 ordo
481 3804 654 3866 canonicus
686 3805 864 3868 secundum
896 3806 984 3869 beati
1007 3804 1181 3886 Augustini
1212 3804 1357 3886 regulam
1381 3807 1549 3887 perpetuis
1573 3805 1617 3868 ibi
1642 3805 1847 3887 temporibus
1871 3806 1967 3868 invio·

302 3889 437 3953 labiliter
460 3902 678 3956 conservetur.
722 3894 859 3976 Insuper
882 3893 1103 3976 prohibentes,
1127 3903 1163 3958 ut
1186 3893 1290 3957 nullus
1314 3897 1554 3976 preposituram
1578 3895 1678 3976 ipsius
1701 3893 1846 3968 ecclesie,
1871 3913 1967 3974 quam

301 3979 419 4042 nobilis
448 3981 498 4043 vir
520 3981 689 4046 Amedeus
720 4003 831 4046 comes
861 4004 922 4066 pro
952 3983 1187 4066 redempcione
1217 3985 1325 4048 anime
1357 4003 1415 4046 sue
1438 3984 1530 4047 vobis
1558 3983 1709 4057 reddidit,
1740 3984 1896 4046 invadere
1919 3983 1967 4046 vel

301 4067 425 4132 auferre
448 4071 517 4134 sive
540 4073 677 4135 retinere
700 4080 874 4155 presumat,
903 4081 954 4135 set
977 4093 1050 4136 cum
1076 4074 1224 4137 omnibus
1248 4074 1290 4136 ad
1315 4093 1386 4136 eam
1411 4075 1479 4135 iure
1503 4071 1741 4156 pertinentibus
1768 4073 1811 4135 ad
1835 4093 1915 4135 usus
1938 4080 1968 4134 et

301 4161 574 4224 sustentationem
594 4165 621 4238 a)
645 4161 779 4225 fratrum
803 4160 1005 4243 regularium,
1033 4162 1156 4225 ibidem
1180 4163 1313 4226 domino
1336 4161 1556 4237 servientium,
1588 4182 1719 4244 semper
1749 4160 1874 4224 illibata
1899 4181 1967 4244 per·

302 4257 461 4311 maneant.
506 4251 665 4325 Preterea,
695 4271 917 4332 quascumque
947 4252 1177 4333 possessiones,
1209 4271 1416 4331 quecumque
1444 4252 1533 4315 bona
1564 4253 1595 4314 in
1618 4253 1860 4334 presenciarum
1887 4251 1967 4314 iuste

302 4344 336 4398 et
365 4339 521 4402 canonice
551 4341 733 4421 possidetis,
763 4349 819 4403 aut
849 4343 881 4402 in
913 4340 1055 4404 futurum
1087 4343 1300 4404 concessione
1332 4341 1540 4422 pontificum,
1572 4341 1750 4422 largicione
1780 4361 1895 4422 regum
1919 4340 1967 4403 vel

301 4427 494 4508 principum,
518 4427 689 4492 oblacione
712 4428 854 4493 fidelium
878 4449 935 4493 seu
959 4429 1025 4493 aliis
1048 4431 1137 4492 iustis
1162 4431 1269 4492 modis
1293 4430 1358 4494 deo
1375 4433 1526 4512 propicio
1543 4432 1693 4513 poteritis
1709 4430 1853 4512 adipisci,
1877 4429 1966 4493 firma

301 4515 394 4577 vobis
416 4518 595 4599 vestrisque
617 4519 859 4582 successoribus
883 4527 916 4583 et
938 4518 1125 4582 inconvulsa
1149 4527 1324 4582 serventur.
1369 4521 1403 4582 ln
1428 4521 1545 4601 quibus
1567 4519 1630 4582 hec
1652 4521 1793 4603 propriis
1814 4520 1966 4582 duximus

303 4606 516 4686 exprimenda
538 4607 720 4670 vocabulis:
759 4609 930 4672 ecclesiam
955 4610 1057 4672 sancti
1081 4607 1252 4671 Michaelis
1282 4628 1355 4671 cum
1388 4609 1595 4691 pertinenciis
1625 4611 1699 4684 suis,
1733 4617 1766 4671 et
1796 4607 1964 4672 ecclesiam

302 4694 344 4755 de
367 4691 485 4757 Salmis
508 4698 540 4757 in
564 4697 751 4773 Daredasia,
783 4698 953 4762 ecclesiam
985 4698 1027 4761 de
1051 4699 1252 4774 Montinac0,
1285 4698 1455 4761 ecclesiam
1479 4699 1522 4761 de
1545 4697 1701 4772 Fensons,
1732 4696 1904 4761 ecclesiam
1928 4698 1966 4759 de

301 4780 479 4859 Sinemuro,
511 4787 543 4846 in
576 4784 701 4850 honore
730 4787 819 4850 beati
844 4788 990 4851 Mauricii
1014 4795 1246 4864 consecratam,
1280 4807 1352 4851 cum
1378 4789 1587 4870 pertinenciis
1618 4787 1691 4862 suiS,
1725 4787 1897 4850 ecclesiam
1927 4787 1965 4848 de

302 4871 403 4935 Plano
428 4875 580 4956 contegio
610 4895 684 4938 cum
716 4876 842 4959 capella
871 4877 915 4940 de
937 4875 1075 4950 VertieS,
1108 4873 1284 4954 Silvanum,
1316 4875 1529 4941 Othonellum
1561 4897 1635 4940 cum
1667 4876 1792 4959 capella
1824 4877 1870 4940 ibi
1902 4877 1965 4938 sita.

302 4959 455 5025 Obeunte
477 4984 555 5026 vero
586 4972 629 5043 te,
659 4986 744 5028 nunc
775 4967 920 5030 eiusdem
944 4965 1008 5028 loci
1031 4965 1163 5042 abbate,
1194 4966 1399 5030 veltuorum
1423 4967 1571 5047 quolibet
1597 4985 1832 5042 successorum,
1863 4966 1965 5028 nullus

302 5051 345 5114 ibi
369 5052 514 5131 qualibet
544 5056 759 5137 surrepcionis
790 5058 913 5119 astucia
935 5054 988 5118 vel
1010 5054 1170 5118 violencia
1197 5065 1404 5137 preponatur,
1436 5058 1494 5118 nisi
1525 5076 1623 5137 quem
1657 5055 1772 5118 fratres
1803 5055 1965 5118 communi

301 5161 432 5203 assensu
457 5141 534 5227 (vel)
559 5143 690 5207 fratrum
715 5166 790 5226 pars
821 5146 947 5209 consilii
979 5147 1114 5207 sanioris
1138 5146 1318 5207 secundum
1350 5146 1403 5208 dei
1434 5146 1585 5209 timorem
1617 5152 1650 5207 et
1680 5145 1768 5209 beati
1792 5143 1964 5226 Augustini

301 5229 447 5312 regulam
469 5234 670 5315 providerint
692 5233 886 5317 eligendum.
932 5234 1018 5299 Sane
1046 5234 1196 5297 laborum
1220 5242 1411 5309 vestrorum,
1445 5255 1528 5317 quos
1560 5235 1700 5316 propriis
1731 5234 1884 5297 manibus
1915 5239 1965 5297 aut

300 5320 485 5402 sumptibus
517 5323 637 5399 colitis,
676 5325 745 5387 sive
779 5325 822 5387 de
853 5323 1053 5387 nutrimentis
1084 5331 1265 5386 vestrorum
1296 5325 1481 5388 animalium
1516 5323 1620 5387 nullus
1658 5325 1792 5386 omnino
1825 5344 1844 5386 a
1874 5324 1963 5387 vobis

301 5409 443 5473 decimas
466 5411 583 5496 exigat.
629 5413 842 5477 Decernimus
865 5433 952 5495 ergo,
977 5421 1013 5475 ut
1035 5411 1111 5475 nulli
1135 5414 1268 5475 omnino
1291 5409 1458 5477 hominum
1484 5414 1587 5488 liceat,
1610 5413 1775 5495 prefatam
1797 5412 1963 5477 ecelesiam

300 5509 423 5564 temere
445 5503 635 5585 perturbare
658 5513 713 5568 aut
728 5505 797 5566 eius
811 5504 1037 5586 possessiones
1054 5501 1179 5565 auferre
1194 5501 1246 5564 vel
1263 5501 1386 5567 ablatas
1403 5506 1550 5579 retinere,
1574 5505 1721 5566 minuere
1737 5511 1794 5566 aut
1808 5501 1963 5585 aliquibus

458 5701 483 5766 a)
501 5699 690 5750 stentacionem.
736 5739 760 5743 -
780 5699 817 5766 ,1)
841 5698 917 5764 Vergl.
942 5697 980 5747 die
1007 5697 1066 5747 Urk.
1084 5712 1139 5746 vom
1158 5700 1192 5748 22
1214 5697 1265 5748 Oct.
1289 5699 1353 5747 1136
1376 5698 1432 5745 und
1448 5700 1480 5746 14
1498 5697 1574 5746 Mein
1596 5701 1662 5748 1179
1682 5695 1774 5763 (Jaffe,
1800 5701 1860 5764 Reg.
1879 5695 1962 5761 8675).
