4126 6366
1684 371 1748 438 359

63 539 106 600 de
130 539 336 619 plenitudine
367 541 551 621 potestatis,
583 561 681 622 quam
710 555 920 606 sacrosancta
950 544 1101 606 Romana
1132 543 1282 618 ecclesia,
1314 543 1471 628 largiente
1501 547 1652 620 domino,
1684 549 1746 610 sibi

62 628 220 703 vindicat,
250 629 447 710 singularem
477 628 614 692 ecclesie
640 630 808 693 inferiores
824 632 988 714 accipiant
1011 643 1044 694 et
1061 633 1102 695 ab
1119 652 1159 695 ea
1174 633 1270 695 velud
1287 653 1306 695 a
1322 637 1431 718 capite
1448 635 1480 697 in
1505 635 1747 700 subserviencia

63 718 216 781 membra
245 718 480 781 beneficiorum
511 737 645 780 munera
679 720 955 783 transfundantur.
1011 719 1093 784 Cum
1131 722 1227 803 igitur
1263 724 1305 785 ad
1342 745 1455 807 preces
1488 732 1521 786 et
1551 725 1746 788 instanciam

62 806 228 870 karissimi
253 807 284 869 in
310 806 440 870 Christo
464 806 521 869 filii
553 808 656 869 nostri
681 808 857 884 Wilhelmi,
882 809 1012 872 illustris
1046 811 1130 891 regis
1155 810 1280 887 Sicilie,
1312 814 1484 876 ecclesiam
1509 812 1745 889 Siracusanam,

63 916 129 976 que
161 896 347 977 specialiter
365 893 393 979 ²)
425 905 559 958 actenus
590 897 632 958 ad
663 897 712 958 ius
742 898 879 960 ecclesie
909 899 1060 961 Romane
1089 900 1260 981 pertinuit,
1296 902 1434 965 ecclesie
1465 901 1590 964 Montis
1628 904 1746 984 regalis

60 994 224 1065 tanquam
248 1006 306 1048 sue
329 985 505 1067 metropoli
530 995 689 1067 perpetuo
713 988 956 1062 subiecerimus‚
980 989 1181 1052 universitati
1205 999 1312 1052 vestre
1335 1012 1394 1073 per
1418 991 1601 1073 apostolica
1624 993 1747 1074 scripta

62 1074 261 1136 mandamus
286 1083 385 1156 atque
408 1075 616 1157 precipimus,
641 1086 801 1156 quatenus
824 1077 1000 1139 venerabili
1025 1076 1114 1139 fratri
1138 1087 1252 1140 nostro
1269 1079 1455 1154 Wilhelmo,
1480 1080 1604 1143 Montis
1629 1081 1746 1162 regalis

62 1163 327 1245 archiepiscopo,
352 1163 488 1244 aliisque
512 1165 755 1228 successoribus
778 1167 856 1240 eius,
888 1166 942 1246 qui
971 1186 1031 1246 pro
1061 1176 1211 1249 tempore
1241 1167 1359 1230 fuerint
1388 1171 1546 1232 canonice
1568 1168 1745 1251 subrogati,

62 1252 149 1314 sicut
165 1253 306 1334 propriis
323 1253 585 1334 metropolitanis
603 1251 632 1336 b)
656 1254 688 1315 in
712 1255 875 1329 omnibus
899 1274 962 1335 que
986 1254 1028 1317 ad
1045 1255 1093 1318 ius
1110 1256 1386 1338 metropoliticum
1402 1268 1562 1341 spectant,
1586 1259 1745 1321 honorem

62 1350 98 1402 et
122 1342 353 1405 obedienciam
383 1342 529 1404 debitam
563 1344 721 1405 reverenti
752 1354 785 1406 et
808 1343 931 1405 devoto
955 1345 1065 1406 animo
1090 1345 1254 1408 humiliter
1276 1347 1483 1429 impendatis.
1507 1383 1549 1390 -—
1574 1349 1662 1410 Data
1685 1348 1745 1410 La-

61 1431 179 1505 terani,
203 1444 241 1492 111
266 1431 343 1494 ldus
366 1429 471 1513 April.
517 1431 730 1494 Pontificatus
755 1453 842 1495 anno
865 1435 981 1514 primo

225 1544 349 1608 Abschn‘sl
365 1561 420 1593 vom
440 1548 471 1594 Η
493 1545 594 1608 Jahrb,
614 1545 655 1593 des
675 1545 732 1594 cod.
756 1545 809 1595 Val.
827 1546 899 1596 3880
915 1553 941 1610 p.
954 1548 1010 1606 Mb,
1030 1547 1056 1596 in
1073 1548 1117 1596 der
1129 1549 1190 1598 Br'bl.
1215 1549 1331 1598 Vaticana
1348 1565 1378 1598 zu
1396 1551 1465 1599 Rom.

813 1830 879 1906 ΝΥ.
902 1837 992 1908 413.

66 1961 217 2027 Clemens
232 1962 298 2026 III
309 1963 507 2026 beurkuna'et
520 1963 592 2026 dem
609 1961 821 2044 Erzbischose
845 1963 993 2028 Wz'llzelm
1007 1986 1068 2029 von
1084 1965 1259 2045 Manuale,
1273 1967 1352 2030 dass
1366 1967 1421 2031 die
1439 1965 1561 2031 Kirclze
1575 1989 1636 2030 von
1647 1966 1745 2051 Syra·
1801 1943 1803 1946 V

317 2053 377 2116 kus
391 2053 512 2116 seinem
530 2050 710 2133 Hochstz'ste
722 2054 776 2118 als
791 2053 1109 2138 Suffraganbzstlzum
1125 2056 1313 2137 untergeben
1328 2057 1397 2120 sein
1411 2057 1499 2120 solle.

685 2172 769 2232 1188
784 2169 886 2254 April
898 2174 947 2233 11.
979 2171 1128 2236 Lateran.

227 2285 379 2350 Clemens
409 2287 601 2368 episcopus,
640 2308 750 2350 servus
781 2307 947 2350 servorum
978 2287 1040 2364 dei,
1072 2288 1249 2351 venerabili
1280 2290 1369 2352 fratri
1393 2289 1585 2364 Wilhelmo,
1620 2289 1743 2353 Montis

61 2376 183 2457 regalis
207 2377 466 2456 archiepiscopo
498 2376 637 2438 salutem
661 2387 694 2439 et
718 2376 935 2458 apostolicam
959 2377 1233 2440 benedictionem.
1278 2379 1355 2441 Non
1379 2389 1429 2441 est
1459 2399 1580 2441 novum
1611 2399 1670 2442 nec
1701 2381 1743 2442 ab

61 2467 201 2547 antique
225 2465 439 2527 observancia
462 2465 709 2527 consuetudinis
734 2465 883 2540 alienum,
909 2475 943 2528 ut
978 2466 1049 2542 hiis,
1082 2487 1164 2548 quos
1197 2477 1405 2530 sacrosancta
1429 2468 1581 2530 Romana
1605 2468 1743 2530 ecclesia

61 2555 162 2617 certis
186 2575 229 2616 ex
253 2553 359 2616 causis
382 2553 585 2634 benignitate
616 2555 780 2631 confovet,
804 2555 970 2636 amplioris
1001 2556 1140 2636 insignia
1171 2556 1305 2619 honoris
1336 2557 1498 2638 adaugeat
1526 2568 1559 2619 et
1588 2555 1743 2637 plenioris

60 2643 214 2706 conferat
238 2643 397 2706 beneficia
421 2643 598 2724 dignitatis.
645 2644 831 2726 Eapropter
869 2654 925 2707 tue
958 2644 1143 2707 devotionis
1175 2646 1408 2722 sinceritatem,
1443 2665 1542 2726 quam
1573 2647 1658 2708 circa
1682 2667 1743 2708 nos

59 2743 94 2796 et
117 2731 293 2796 ecclesiam
317 2752 423 2794 rerum
446 2733 673 2812 experimento
697 2734 920 2815 cognovimus,
953 2733 1145 2815 diligencius
1176 2734 1392 2808 attendentes,
1424 2734 1466 2797 ad
1497 2755 1611 2817 preces
1642 2744 1675 2797 et
1699 2737 1743 2798 in·

59 2823 225 2885 stantiam
248 2822 408 2884 karissimi
441 2821 474 2883 in
498 2819 628 2884 Christo
659 2821 714 2884 filii
748 2824 850 2885 nostri
884 2821 1063 2898 Wilhelmi,
1095 2823 1225 2885 illustris
1256 2824 1340 2905 regis
1364 2823 1491 2899 Sicilie,
1524 2835 1744 2906 prosequente

58 2911 242 2973 venerabili
266 2910 363 2972 fratre
379 2919 493 2972 nostro
510 2909 660 2985 Nicola0,
685 2910 891 2974 Salernitano
907 2911 1156 2994 archiepiscopo
1176 2909 1208 2996 ¹),
1234 2913 1288 2993 qui
1305 2913 1346 2975 ad
1363 2913 1590 2994 promovenda
1606 2915 1744 2995 negocia

58 2999 202 3062 ecclesie
225 3009 280 3062 tue
303 3018 378 3064 cum
402 2999 504 3062 multa
527 2999 676 3063 sollercia
699 3008 731 3062 et
755 3000 975 3063 sollicitudine
1005 3001 1173 3077 laboravit,
1205 3000 1375 3064 ecclesiam
1400 3000 1636 3077 Siracusanam,
1670 3022 1743 3083 que,

59 3089 151 3151 nullo
177 3088 343 3151 mediante
367 3089 551 3169 specialiter
575 3099 709 3152 actenus
734 3089 775 3151 ad
799 3090 848 3151 ius
876 3089 1013 3153 ecclesie
1035 3091 1186 3153 Romane
1216 3091 1378 3172 pertinuit,
1410 3101 1442 3154 et
1475 3090 1516 3153 de
1548 3090 1686 3153 consilio
1710 3102 1743 3153 et

58 3199 200 3241 assensu
225 3178 358 3240 fratrum
382 3187 570 3240 nostrorum
593 3179 653 3241 tibi
677 3187 710 3241 et
733 3197 793 3260 per
818 3189 852 3241 te
875 3179 1011 3242 ecclesie
1041 3189 1096 3242 tue
1121 3179 1272 3242 duximus
1303 3189 1462 3263 perpetuo
1494 3181 1741 3243 concedendam

58 3277 92 3330 et
125 3267 213 3330 sicut
244 3267 377 3349 proprio
411 3267 667 3350 metropolitano
698 3268 899 3331 decrevimus
930 3269 961 3330 in
992 3279 1161 3351 posterum
1193 3270 1370 3332 subiacere.
1423 3269 1470 3333 Ut
1504 3279 1612 3332 autem
1647 3269 1742 3331 huius

57 3366 175 3419 nostre
200 3356 422 3419 concessionis
445 3355 622 3420 liberalitas
646 3357 812 3439 perpetuis
835 3358 1039 3439 temporibus
1057 3357 1181 3420 illibata
1197 3368 1395 3439 permaneat,
1420 3359 1526 3441 ipsam
1549 3360 1742 3421 auctoritate

58 3445 250 3528 apostolica
273 3445 503 3509 confirmamus
527 3455 559 3508 et
583 3447 743 3528 presentis
774 3446 886 3528 scripti
917 3447 1038 3529 pagina
1068 3447 1316 3510 communimus.
1362 3447 1567 3522 Statuentes,
1599 3457 1634 3509 ut
1665 3447 1742 3509 nulli

58 3536 201 3598 omnino
225 3535 395 3598 hominum
418 3533 523 3610 liccat,
554 3536 638 3598 hanc
661 3535 816 3616 paginam
841 3545 952 3599 nostre
976 3535 1198 3598 concessionis
1222 3545 1255 3598 et
1279 3535 1537 3599 confirmationis
1569 3537 1743 3617 infringere

54 3623 107 3687 vel
124 3625 155 3687 ei
174 3644 255 3686 ausu
270 3624 444 3687 temerario
461 3625 630 3687 contraire.
662 3623 783 3705 Siquis
800 3634 908 3688 autem
926 3626 990 3688 hoc
1007 3633 1203 3706 attemptare
1219 3629 1462 3707 presumpserit,
1484 3626 1743 3707 indignationem

55 3713 300 3796 omnipotentis
325 3713 378 3776 dei
401 3723 434 3776 et
457 3713 629 3776 beatorum
645 3714 731 3775 Petri
755 3722 787 3775 et
803 3713 901 3790 Pauli,
926 3713 1153 3796 apostolorum
1170 3712 1247 3790 eius,
1272 3735 1308 3776 se
1331 3715 1457 3777 noverit
1474 3715 1684 3778 incursurum.
1701 3751 1744 3759 —

55 3804 147 3866 Data
172 3803 336 3877 Laterani,
360 3801 499 3865 1111dus
523 3802 629 3884 April.
674 3801 887 3865 Pontificatus
911 3804 1013 3866 nostri
1037 3823 1124 3866 anno
1148 3816 1169 3865 Ι.

220 3916 346 3980 Absrhrr'sl
362 3931 417 3966 vom
438 3919 471 3965 14
491 3915 585 3980 Jahrb.
605 3916 644 3965 daes
664 3916 721 3965 cod.
745 3915 798 3966 Vat.
817 3917 886 3968 3880
900 3925 928 3982 p.
947 3921 989 3978 29,
1008 3917 1035 3966 ln
1053 3918 1098 3967 der
1113 3917 1177 3966 Bibl.
1201 3916 1317 3966 Vaticana
1334 3933 1364 3964 zu
1383 3918 1452 3966 Rom.

1672 4133 1679 4167 l

808 4204 875 4280 Nr.
905 4208 995 4280 414.

58 4333 213 4399 Clemens
229 4334 295 4399 III
313 4331 464 4418 bestdtrgt
485 4336 559 4400 dem
585 4334 736 4415 Biscltofe
760 4336 924 4417 Walfrr'ed
944 4358 1004 4401 von
1023 4336 1173 4401 Grosseto
1197 4335 1252 4399 die
1276 4335 1515 4400 Besr'tztluimer
1536 4336 1605 4400 und
1627 4335 1743 4400 Redite

395 4427 504 4488 seiner
520 4423 650 4506 Kirclre‚
665 4425 783 4489 welche
797 4447 835 4489 er
851 4427 885 4490 in
899 4425 1131 4510 apostolisclzen
1147 4425 1266 4490 Schutz
1282 4426 1406 4489 m'mmt.

679 4543 764 4605 1188
779 4540 882 4624 April
893 4545 946 4606 12.
977 4542 1133 4605 Lateran.

222 4657 374 4721 Clemens
397 4659 583 4740 episcopus,
612 4678 723 4722 servus
746 4678 914 4722 servorum
938 4659 998 4732 dei,
1021 4658 1199 4721 venerabili
1223 4656 1312 4720 fratri
1329 4656 1520 4732 Gualfred0,
1537 4655 1741 4720 Grossetano

54 4749 238 4830 episcop0,
270 4751 405 4830 eiusque
443 4748 686 4812 successoribus
727 4749 886 4811 canonice
918 4747 1169 4822 substituendis,
1200 4761 1239 4810 IN
1262 4761 1339 4809 ΡΡΜ.
1367 4745 1371 4830 Ι
1397 4747 1434 4809 ln
1467 4746 1622 4808 eminenti
1654 4746 1741 4808 sedis

53 4838 245 4920 apostolice
267 4839 410 4920 specula,
440 4839 639 4920 disponente
664 4839 809 4913 domino,
843 4837 1020 4910 constituti,
1053 4837 1166 4900 fratres
1198 4847 1328 4899 nostros
1358 4837 1536 4916 episcopos
1566 4845 1634 4896 tam
1665 4854 1741 4915 pro·

53 4927 221 5009 pinquos,
254 4947 353 5008 quam
377 4927 476 5009 longe
498 4928 643 5009 positos,
675 4927 817 4990 fraterna
840 4926 999 4990 debemus
1024 4927 1159 4989 caritate
1183 4925 1318 5007 diligere
1357 4936 1390 4987 et
1429 4923 1590 4999 ecclesiis,
1622 4923 1740 5005 quibus

54 5018 199 5079 domino
223 5017 363 5080 militare
386 5027 572 5092 noscuntur,
594 5013 599 5100 Ι
619 5035 712 5079 suam
737 5016 931 5098 dignitatem
956 5027 989 5078 et
1012 5015 1168 5079 iustitiam
1184 5033 1387 5078 conservare.
1427 5012 1621 5096 Eapropter,
1645 5032 1740 5075 vene-

54 5107 173 5168 rabilis
206 5106 238 5168 in
271 5104 401 5169 Christo
433 5107 539 5184 frater,
571 5106 747 5170 Gualsrede
767 5103 795 5190 ο)
826 5106 1000 5187 episcope,
1037 5105 1101 5168 tuis
1131 5105 1223 5167 iustis
1255 5102 1534 5186 postulationibus
1565 5103 1742 5165 clementer

53 5196 236 5258 annuimus
259 5206 293 5259 et
315 5195 552 5260 Grossetanam
575 5195 756 5271 ecclesiam,
781 5196 832 5258 cui
857 5193 921 5256 deo
946 5203 1080 5257 auctore
1103 5213 1235 5275 preesse
1258 5192 1447 5268 dinosceris,
1471 5193 1532 5256 sub
1549 5191 1638 5254 beati
1654 5191 1739 5253 Petri

53 5295 87 5347 et
111 5295 231 5348 nostra
253 5286 461 5367 protectione
484 5286 679 5366 suscipimus
691 5294 724 5348 et
746 5284 908 5366 presentis
930 5283 1043 5365 scripti
1060 5283 1231 5364 privilegio
1252 5283 1502 5345 communimus.
1541 5278 1739 5356 Statuentes,

53 5385 89 5437 ut
114 5393 343 5456 quascumque
367 5374 602 5456 possessiones,
635 5393 842 5455 quecumque
865 5373 956 5434 bona
979 5373 1095 5436 eadem
1119 5371 1258 5435 ecclesia
1281 5372 1313 5433 in
1341 5371 1578 5452 presentiarum
1602 5371 1685 5432 iuste
1708 5381 1742 5432 et

53 5465 220 5527 canonice
239 5464 389 5546 possidet
412 5473 469 5526 aut
492 5464 524 5526 in
547 5463 689 5527 futurum
705 5463 919 5526 concessione
934 5460 1137 5544 pontificum,
1159 5461 1331 5542 largitione
1348 5479 1461 5541 regum
1476 5459 1528 5522 vel
1544 5459 1739 5556 principum,

55 5760 69 5807 ¹
73 5760 86 5804 ¹
87 5759 122 5807 31
180 5690 246 5806 233)
266 5685 426 5750 sperneret
525 5685 552 5751 b)
571 5685 764 5750 metropolitane
872 5681 1360 5750 c)auf1ramr.„„.1)rvraaus,
1389 5679 1604 5746 anascaofvon
1631 5679 1739 5739 salerno,

124 5761 243 5808 ...Ι-Ι
