4126 6356
298 299 360 380 164

295 499 329 553 et
351 506 463 552 amore
486 482 613 548 celestis
636 479 738 566 patrie
762 477 886 542 mundo
913 475 1188 553 abrenuntiantes,
1219 475 1343 541 ibidem
1373 475 1415 540 ad
1446 477 1660 540 monasticam
1683 478 1784 541 vitam
1817 477 1977 562 legaliter

293 599 330 642 se
353 575 502 641 conferre
525 571 694 648 voluerint,
723 569 792 632 sine
822 570 912 632 omni
936 567 1193 631 contradictione
1217 566 1389 630 cuiuslibet
1412 586 1553 649 persone
1575 565 1764 648 regulariter
1786 568 1976 652 recipiendi

295 667 482 732 facultatem
513 662 647 726 liberam
679 656 836 723 habeatis.
890 655 1098 740 Sepulturam
1139 674 1274 737 quoque
1304 656 1451 719 eiusdem
1492 659 1677 720 monasterii
1715 656 1851 721 liberam
1893 677 1976 722 esse

294 755 510 830 concedimus,
534 759 570 816 ut
592 769 705 814 eorum
728 748 897 812 devotioni
920 753 954 810 et
976 752 1123 809 extreme
1137 744 1306 824 voluntati,
1330 746 1385 826 qui
1407 765 1442 808 se
1465 744 1530 809 illic
1544 744 1689 828 sepelliri
1704 746 1976 824 deliberaverint,

294 847 352 910 nisi
368 847 455 909 sorte
471 840 747 906 excommunicati
762 836 814 901 vel
832 836 994 900 interdicti
1016 835 1088 912 sint,
1112 833 1218 898 nullus
1242 834 1390 911 obsistat,
1412 834 1500 898 salva
1522 837 1555 898 in
1577 838 1783 899 testamentis
1807 839 1975 901 canonica

293 936 412 1000 iustitia
435 928 646 1018 parrochialis
669 927 814 993 ecclesie.
858 923 1072 990 Decernimus
1096 943 1185 1006 ergo,
1218 929 1253 986 ut
1282 923 1358 987 nulli
1382 925 1516 988 omnino
1545 923 1713 988 hominurn
1740 925 1847 1002 liceat,
1877 927 1976 991 idem

295 1024 525 1089 monasterium
551 1071 557 1085 .
581 1068 589 1082 .
612 1067 619 1082 .
643 1015 840 1082 omnimodis
863 1014 1043 1100 profutura,
1072 1013 1162 1076 salva
1184 1012 1271 1076 sedis
1294 1013 1477 1096 apostolice
1506 1015 1697 1078 auctoritate
1728 1022 1761 1080 et
1791 1017 1824 1080 in
1854 1035 1977 1098 supra·

294 1114 389 1178 dictis
412 1111 557 1178 ecclesiis
581 1109 831 1172 diocesanorum
855 1105 1087 1188 episcoporum
1111 1103 1266 1167 canonica
1286 1103 1414 1166 iustitia.
1459 1101 1494 1168 Si
1519 1124 1584 1186 qua
1615 1105 1742 1188 igitur.
1767 1153 1774 1168 .
1800 1154 1808 1169 .
1833 1105 1976 1171 Cunctis

295 1211 405 1269 autem
429 1253 436 1267 .
460 1251 468 1267 .
493 1254 500 1268 .
523 1197 694 1263 inveniant.
739 1196 858 1260 Amen.
882 1193 1000 1257 Amen.
1023 1193 1143 1256 Amen.

507 1290 562 1372 (R)
586 1286 658 1370 Ego
682 1285 847 1348 Adrianus
870 1281 1031 1348 catholice
1054 1281 1190 1346 ecclesie
1213 1281 1388 1365 episcopus
1411 1301 1452 1344 ss.
1476 1281 1537 1365 (M)

508 1379 581 1462 Ego
604 1378 729 1440 lmarus
752 1372 954 1438 Tusculanus
978 1373 1155 1455 episcopus
1177 1391 1220 1435 ss.

507 1468 581 1551 Ego
605 1465 704 1548 Hugo
729 1462 889 1527 Ostiensis
912 1462 1087 1545 episcopus
1108 1482 1150 1524 ss.

508 1557 581 1640 Ego
605 1553 782 1637 Gregorius
805 1550 991 1616 Sabinensis
1014 1552 1190 1634 episcopus
1212 1569 1254 1613 ss.

507 1645 648 1727 -Ego
672 1643 782 1707 Guido
805 1642 967 1725 presbiter
989 1640 1162 1703 cardinalis
1186 1635 1259 1724 (tit.)
1281 1640 1382 1701 sancti
1407 1634 1601 1702 Grisochoni
1623 1658 1664 1701 ss.

508 1734 581 1818 Ego
604 1733 779 1796 Hubaldus
802 1731 962 1816 presbiter
984 1729 1154 1793 cardinalis
1177 1731 1225 1793 tit
1248 1735 1360 1791 sancte
1383 1728 1538 1791 Praxedis
1560 1747 1603 1789 ss.

508 1823 582 1907 Ego
606 1821 795 1887 Maniredus
818 1820 981 1902 presbiter
1002 1819 1173 1883 cardinalis
1196 1820 1245 1882 tit.
1266 1825 1379 1880 sancte
1401 1815 1522 1881 Saviue
1544 1837 1586 1881 ss.

509 1913 582 1996 Ego
605 1911 777 1975 Aribertus
800 1909 960 1993 presbiter
983 1909 1154 1972 cardinalis
1177 1910 1226 1972 tit.
1249 1915 1362 1970 sancte
1385 1905 1559 1970 Anastasie
1582 1925 1624 1969 ss.

508 2003 582 2085 Ego
605 1999 714 2065 Guido
738 1999 899 2082 presbiter
921 1997 1093 2063 cardinalis
1115 1999 1164 2062 tit.
1189 1997 1330 2061 Pastoris
1354 2015 1393 2058 ss.

509 2093 583 2174 Ego
606 2088 772 2154 Gerardus
795 2088 956 2172 presbiter
978 2085 1147 2151 cardinalis
1169 2088 1218 2150 tit.
1240 2085 1343 2148 sancti
1366 2083 1489 2150 Stelani
1513 2087 1544 2150 in
1568 2085 1661 2150 Celio
1685 2091 1798 2148 monte
1820 2105 1863 2148 ss.

509 2180 582 2264 Ego
605 2179 765 2243 lohannes
787 2177 948 2261 presbiter
971 2176 1143 2240 cardinalis
1165 2176 1211 2240 tit.
1235 2183 1420 2239 sanctorum
1443 2173 1589 2239 Silvestri
1611 2185 1645 2239 et
1669 2175 1799 2239 Martini
1821 2195 1864 2240 ss,

509 2306 553 2316 -
575 2268 648 2352 Ego
672 2264 779 2332 Guido
803 2269 960 2330 diaconus
982 2265 1152 2329 cardinalis
1174 2272 1285 2328 sancte
1308 2266 1412 2328 Marie
1433 2267 1466 2328 in
1490 2265 1618 2329 Porticu
1641 2285 1684 2328 ss.

509 2358 583 2443 Ego
606 2355 767 2421 lohannes
791 2357 948 2420 diaconus
970 2353 1139 2419 cardinalis
1162 2362 1349 2418 sanctorum
1371 2351 1476 2438 Sergii
1499 2362 1533 2418 et
1553 2353 1655 2418 Bachi
1676 2375 1718 2418 ss

509 2448 583 2531 Ego
598 2447 814 2511 ildebrandus
829 2446 986 2509 diaconus
1002 2444 1171 2509 cardinalis
1187 2445 1290 2507 sancti
1306 2440 1472 2508 Eustachii
1489 2446 1580 2508 iuxta
1594 2444 1754 2526 templum
1766 2443 1920 2526 Agrippe
1931 2464 1975 2506 ss.

509 2537 582 2620 Ego
605 2535 683 2600 Odo
706 2537 863 2600 diaconus
885 2534 1058 2599 cardinalis
1079 2535 1183 2598 sancti
1205 2532 1346 2615 Nicolay
1368 2536 1401 2597 in
1423 2553 1553 2597 carcere
1580 2533 1731 2597 Tulliano
1754 2552 1796 2596 ss.

457 2623 580 2690 Datum
611 2625 718 2690 Rome
750 2627 839 2709 apud
869 2634 1016 2688 sanctum
1048 2625 1195 2698 Petrum,
1231 2643 1291 2706 per
1320 2644 1452 2686 manum
1483 2623 1639 2700 Rolandi,
1678 2629 1789 2686 sancte
1820 2623 1976 2687 Romane

298 2711 435 2777 ecclesie
452 2715 623 2797 presbiteri
639 2715 810 2779 cardinalis
825 2722 858 2779 et
873 2714 1063 2778 cancellarii.
1100 2727 1151 2776 ΧΠ
1166 2711 1220 2775 Kl.
1235 2711 1413 2778 Februarii.
1451 2712 1696 2776 indictionem.
1734 2713 1975 2777 lncamationis

297 2802 463 2868 dominice
486 2824 572 2870 anno
596 2817 729 2867 MCL1111.
774 2803 984 2868 Pontificatus
1007 2823 1086 2867 vero
1109 2803 1222 2866 domni
1244 2802 1383 2866 Adriani
1405 2817 1457 2866 1111
1480 2822 1568 2886 pape
1591 2823 1677 2866 anno
1701 2803 1819 2884 primo.

455 2917 578 2984 Absebrifl
589 2919 619 2968 G.
634 2919 703 2970 VIII.
721 2921 805 2983 243p.
815 2921 871 2981 117,
890 2920 934 2969 der
950 2919 1014 2974 Bibl.
1028 2917 1146 2983 Cbr'giana
1164 2933 1194 2968 au
1207 2919 1285 2978 Rem;
1303 2920 1393 2984 Regest.
1412 2917 1460 2967 Nr.
1473 2919 1495 2978 1,
1514 2915 1540 2965 in
1557 2917 1601 2966 der
1617 2915 1680 2966 Br'bl.
1699 2915 1814 2966 I'ubblr'ca
1832 2931 1862 2965 are
1880 2917 1973 2966 Lucra.

452 2987 510 3055 (Ex
526 2989 642 3040 Moerico
659 2990 806 3058 exemplari.)

1038 3274 1105 3349 Nr.
1133 3276 1218 3349 153.

296 3423 451 3490 Hadrian
473 3425 534 3490 IV
552 3425 701 3510 bestbte‘gt
724 3425 798 3491 dem
815 3424 1151 3580 Kanmiberkmevfnte
1179 3447 1240 3594 blm
1263 3425 1366 3489 lucca
1386 3426 1473 3490 seine
1506 3425 1732 3490 Gerechtsame
1757 3423 1829 3489 und
1848 3425 1971 3490 Besita·

1031 3525 1046 3579 t
1069 3537 1165 3581 temer
1211 3564 1219 3580 .

798 3652 881 3715 1155
902 3649 1004 3735 April
1023 3653 1073 3713 16.
1106 3647 1140 3714 S.
1166 3649 1262 3713 Peter
1280 3670 1341 3712 von
1365 3647 1457 3712 Rom.

454 3763 619 3829 Adrianus
651 3767 834 3850 episcopus,
866 3787 978 3832 servus
1008 3785 1174 3829 servorum
1205 3765 1269 3841 dei,
1301 3765 1428 3828 dilectis
1458 3763 1530 3828 filiis
1552 3765 1659 3839 Petro,
1690 3763 1967 3848 archipresbitero

295 3852 428 3942 Lucane
444 3854 589 3940 ecclesie,
613 3856 748 3938 eiusque
770 3856 932 3933 iratribus,
955 3862 1023 3920 tarn
1046 3853 1251 3938 presentibus
1275 3875 1373 3936 quam
1397 3853 1518 3931 suturis,
1542 3855 1699 3918 canonice
1722 3854 1968 3931 substituendis,

295 3955 334 4006 IN
357 3955 434 4007 PPM.
458 3979 502 3990 -
521 3946 527 4026 Ι
546 3943 708 4008 Effectum
739 3947 823 4009 iusta
853 3943 1093 4028 postulantibus
1123 3944 1302 4026 indulgere,
1332 3952 1366 4008 et
1394 3946 1487 4026 vigor
1518 3943 1669 4026 equitatis
1701 3951 1735 4007 et
1759 3945 1842 4007 ordo
1867 3945 1969 4027 exigit

295 4031 436 4109 rationis,
475 4036 655 4117 presertim,
694 4035 827 4116 quando
867 4035 1048 4117 petentium
1088 4033 1290 4098 voluntatem
1323 4041 1357 4096 et
1387 4033 1491 4115 pietas
1522 4032 1653 4096 adiuvat
1685 4040 1719 4096 et
1750 4035 1869 4097 veritas
1902 4055 1968 4098 non

296 4121 456 4204 relinquit.
511 4119 683 4205 Quocirca,
724 4124 833 4188 dilecti
871 4126 903 4187 in
934 4123 1068 4188 domino
1090 4120 1095 4209 Ι
1114 4122 1178 4199 filii,
1212 4125 1326 4186 vestris
1357 4124 1449 4186 iustis
1480 4121 1756 4206 postulationibus
1787 4123 1968 4188 clementer

295 4213 467 4274 annuimus
498 4221 532 4276 et
568 4214 838 4295 predecessorum
876 4221 1080 4290 nostrorum,
1125 4211 1224 4275 felicis
1255 4213 1412 4300 memorie
1450 4209 1594 4276 GELASH
1621 4209 1662 4297 ¹),
1694 4211 1849 4276 EUGENII
1877 4211 1902 4298 Ι)
1933 4220 1968 4276 et

295 4297 489 4365 ANASTASH
504 4298 540 4387 ⁴),
570 4304 795 4365 Romanorum
827 4301 1029 4385 pontificum,
1062 4303 1207 4384 vestigiis
1237 4300 1434 4379 inherentes,
1467 4304 1615 4384 antiquas
1647 4301 1784 4390 ecclesie
1822 4304 1966 4366 matricis

295 4395 394 4469 atque
409 4389 618 4454 rationabiles
634 4390 887 4456 consuetudines
910 4391 1002 4455 vobis
1024 4393 1207 4471 vestrisque
1229 4391 1470 4456 successoribus
1493 4392 1731 4467 confirmamus,
1756 4399 1791 4454 ut
1813 4391 1967 4455 videlicet

294 4479 464 4542 unctiones
486 4479 686 4544 infirmorum
717 4500 755 4544 ac
786 4480 951 4568 sepulture
982 4481 1118 4545 civitatis
1148 4481 1288 4564 proprie,
1319 4482 1361 4545 ad
1385 4481 1523 4544 eandem
1553 4480 1724 4544 ecclesiam
1757 4481 1965 4564 pertinentes,

296 4573 330 4630 et
359 4567 504 4632 officium
535 4577 634 4652 atque
657 4571 866 4653 participatio
889 4569 1037 4634 beneficii
1068 4570 1225 4646 funerum,
1255 4571 1298 4634 ad
1321 4570 1398 4634 alias
1428 4571 1582 4635 ecclesias
1605 4570 1842 4653 pertinentium,
1872 4571 1965 4635 vobis

295 4655 382 4720 nulla
397 4656 587 4723 clericorum
603 4659 778 4723 calliditate
797 4667 853 4723 aut
869 4658 1026 4723 laicorum
1041 4658 1262 4742 quorumlibet
1281 4662 1344 4742 ipsi
1360 4659 1494 4749 ecclesie
1509 4658 1747 4724 subtrahantur.
1779 4659 1965 4724 Electiones

295 4754 404 4810 autem
434 4748 580 4830 priorum
611 4757 644 4812 et
674 4748 907 4813 collocationes
938 4748 1127 4813 clericorum
1150 4749 1180 4813 in
1203 4747 1308 4830 aliqua
1332 4750 1471 4814 ecclesia
1495 4749 1576 4813 infra
1599 4750 1714 4813 urbem
1738 4748 1790 4812 vel
1814 4759 1910 4813 extra
1933 4753 1965 4813 in

294 4835 456 4900 suburbiis
478 4838 547 4900 sine
567 4858 729 4902 consensu
753 4841 902 4922 episcopi
925 4845 959 4903 et
982 4840 1135 4922 priorum,
1158 4840 1213 4919 qui
1237 4838 1412 4923 locopositi
1428 4841 1636 4903 nominantur
1660 4839 1800 4903 matricis
1816 4839 1963 4928 ecclesie,

295 4943 361 4987 non
387 4923 466 4989 fiant
489 4946 548 4990 nec
575 4927 731 4992 laicorum
762 4927 913 4992 violentia
937 4929 968 4990 in
993 4928 1100 5008 aliqua
1124 4928 1332 4992 ecclesiarum
1357 4927 1422 4992 ulla
1444 4930 1589 5012 priorum
1613 4937 1670 4991 aut
1693 4928 1884 4991 clericorum
1909 4928 1964 4992 fiat

294 5013 422 5090 electio,
444 5025 478 5079 et
493 5015 580 5080 nulla
596 5016 802 5082 ecclesiarum
819 5019 1029 5100 episcopatus
1043 5019 1141 5081 vestri
1158 5026 1268 5101 preter
1290 5038 1402 5081 eorum
1426 5015 1646 5104 consensu(m)
1669 5017 1763 5081 alicui
1787 5018 1963 5082 subiciatur

294 5102 441 5190 ecclesie,
470 5124 531 5168 nec
560 5106 692 5188 publica
721 5115 755 5170 et
785 5109 907 5171 maiora
936 5109 1069 5189 negotia
1098 5107 1208 5187 aliqua
1234 5107 1295 5170 sibi
1320 5107 1538 5182 ecclesiarum,
1570 5109 1650 5190 ipsis
1679 5107 1799 5183 invitis,
1831 5107 1965 5190 arripiat

294 5199 350 5256 aut
380 5193 530 5277 publicas
556 5197 750 5278 penitentias
773 5197 895 5261 tribuat
925 5216 986 5260 nec
1008 5197 1181 5260 sententias
1205 5205 1239 5260 et
1265 5198 1474 5261 interdictum
1502 5197 1642 5261 matricis
1665 5197 1799 5284 ecclesie
1822 5204 1963 5279 temptet

293 5281 476 5366 infringere.
516 5283 615 5348 Nulla
639 5288 737 5349 etiam
761 5289 860 5350 vestri
884 5288 1093 5369 episcopatus
1120 5305 1260 5369 persona
1283 5287 1353 5350 sine
1376 5306 1535 5350 consensu
1559 5288 1707 5370 episcopi
1734 5286 1787 5348 vel
1810 5286 1962 5368 priorum,

294 5373 350 5452 qui
380 5370 556 5456 locopositi
579 5375 782 5439 nominantur
813 5377 956 5440 matricis
978 5376 1123 5461 ecclesie,
1146 5379 1447 5440 excommunicetur
1470 5383 1512 5451 et,
1544 5377 1635 5456 quod
1658 5375 1701 5440 ab
1725 5375 1885 5458 episcopo
1908 5383 1963 5438 aut

294 5479 314 5523 a
345 5461 436 5525 vobis
468 5460 605 5545 ligatum
636 5464 740 5542 suerit,
770 5486 790 5529 a
820 5467 950 5530 nemine
974 5467 1098 5529 irritum
1122 5464 1198 5529 duci
1221 5473 1407 5548 temptetur.
1453 5466 1540 5531 Sane
1563 5465 1701 5530 civitatis
1723 5471 1833 5554 vestre
1855 5463 1962 5529 clerici

455 5623 481 5691 1)
505 5623 581 5690 Vergl.
608 5623 645 5673 die
673 5623 733 5675 Ure.
758 5639 813 5676 vem
836 5627 872 5676 26
889 5623 1022 5675 November
1041 5627 1108 5676 1163
1130 5625 1186 5675 und
1202 5639 1256 5675 vom
1281 5627 1317 5676 23
1343 5626 1419 5676 Men
1445 5627 1521 5677 1173.
1562 5625 1605 5676 Or.
1624 5625 1658 5675 im
1683 5625 1756 5676 ArcIt
1782 5622 1918 5690 Capitolme
1933 5641 1963 5676 au

292 5695 384 5746 Lacca.
457 5697 484 5764 2)
508 5691 586 5762 Jaffe‘,
604 5697 662 5764 Reg.
681 5698 759 5748 4896.
832 5695 860 5763 3)
884 5697 943 5747 Ure.
962 5712 1018 5747 vom
1038 5700 1071 5746 16
1089 5697 1223 5762 September
1241 5699 1319 5751 1150.
1391 5701 1418 5768 4)
1441 5699 1501 5750 Urb.
1520 5713 1575 5748 vem
1593 5699 1628 5748 26
1645 5697 1779 5748 November
1798 5697 1872 5749 1163.
