4142 6366
1691 340 1751 407 25¹

73 506 121 568 ad
155 503 389 580 Cannetolum,
424 511 457 567 et
487 522 591 583 usque
620 503 662 566 ad
694 505 796 567 rivum
828 504 1023 582 Iumentelli,
1060 514 1093 569 et
1123 528 1226 589 usque
1255 510 1298 572 ad
1321 509 1484 587 Arlatem,
1516 518 1549 576 et
1581 532 1683 593 usque
1711 516 1754 578 ad

73 595 301 669 Confredum‚
340 601 373 655 et
411 611 514 672 usque
551 594 592 656 ad
629 591 753 656 Aream
793 592 836 656 de
875 594 1022 670 Persico,
1063 599 1242 660 secundum
1283 600 1372 678 quod
1412 601 1643 665 rationabiliter
1679 624 1754 667 con·

73 705 211 749 cessum
236 691 287 746 est
308 682 401 745 vobis
424 703 443 744 a
467 682 554 745 bone
584 685 740 745 memorie
766 683 919 747 Guidone
938 682 969 768 Ι),
993 683 1181 749 Hermanno
1197 685 1230 771 ²),
1253 686 1398 770 Rugerio
1416 687 1450 775 ³),
1473 691 1702 756 Crescentione
1718 690 1753 779 ι),

73 775 250 855 quondam
281 772 481 835 Vulterranis
513 773 687 854 episcopis.
740 769 905 852 Quicquid
945 774 1070 837 habetis
1107 777 1194 856 apud
1224 785 1365 840 castrum
1403 779 1446 840 de
1476 779 1688 844 Wardistallo
1720 784 1752 846 in

73 862 285 936 hominibus,
318 860 596 944 possessionibus,
634 861 772 924 decimis
802 868 835 924 et
865 862 1077 944 pensionibus
1097 862 1140 949 a),
1179 865 1332 947 quicquid
1363 865 1492 932 habetis
1523 869 1553 931 in
1586 868 1689 934 Casali
1721 873 1753 934 in

72 955 228 1025 decimis,
258 953 290 1014 in
313 951 525 1032 pensionibus
556 961 589 1013 et
617 949 685 1012 aliis
717 952 988 1033 proprietatibuS,
1019 954 1174 1033 quicquid
1206 953 1332 1038 habetis
1364 957 1394 1018 in
1422 957 1623 1040 Punpiniano
1657 966 1691 1022 et
1720 963 1752 1024 in

74 1051 173 1106 curte
204 1042 248 1103 de
278 1040 421 1115 Bibone‚
452 1041 484 1102 in
515 1040 775 1122 possessionibus
799 1049 832 1103 et
862 1042 1006 1118 decimis,
1043 1044 1199 1124 quicquid
1229 1043 1358 1107 habetis
1387 1046 1419 1108 in
1452 1056 1542 1110 curte
1572 1048 1615 1110 de
1645 1049 1753 1112 Turri-

73 1132 163 1195 cella
195 1138 229 1194 et
258 1130 287 1192 in
318 1149 392 1192 casa
415 1128 537 1192 Veccla
560 1139 593 1191 et
626 1130 657 1190 in
680 1128 806 1203 Vivaio,
836 1131 992 1210 quicquid
1022 1130 1151 1194 habetis
1181 1133 1213 1195 in
1244 1135 1345 1197 masia
1376 1134 1419 1198 de
1446 1135 1554 1213 Colle,
1586 1139 1617 1200 in
1649 1141 1751 1202 masia

72 1222 119 1284 de
145 1219 301 1303 Trapula,
332 1227 364 1280 et
396 1218 495 1281 masia
524 1220 566 1281 de
590 1217 763 1294 Ribattula‚
787 1227 820 1282 et
852 1222 883 1282 in
908 1221 1008 1283 masia
1039 1221 1082 1284 de
1112 1221 1206 1284 sonte
1230 1221 1331 1299 Petri,
1364 1227 1499 1288 masiam
1531 1227 1573 1288 de
1601 1224 1751 1304 Guardia,

73 1310 239 1392 quicquid
274 1307 402 1370 habetis
434 1308 465 1370 in
496 1309 640 1381 Pastina,
669 1308 878 1372 medietatem
904 1311 998 1372 unius
1021 1310 1162 1373 hominis
1186 1311 1229 1374 de
1253 1313 1438 1378 Montecclo
1468 1335 1542 1378 cum
1575 1316 1751 1380 medietate

73 1401 236 1473 omnium,
260 1417 324 1478 que
347 1396 457 1460 habet.
504 1396 664 1473 Preterea,
697 1417 904 1480 quecumque
934 1400 1190 1482 aquadraginta
1219 1403 1310 1463 annis
1343 1421 1446 1483 usque
1475 1412 1509 1466 et
1530 1425 1616 1466 nunc
1643 1406 1751 1487 quiete

73 1509 114 1552 ac
131 1489 274 1573 pacifice
297 1486 497 1568 possedistis,
520 1486 614 1549 vobis
638 1495 671 1549 et
695 1487 801 1550 eidem
825 1487 962 1550 ecclesie
977 1495 1085 1552 vestre
1100 1491 1294 1553 auctoritate
1314 1491 1496 1573 apostolica
1512 1493 1750 1558 confirmamus.

74 1575 237 1641 Obeunte
261 1596 339 1639 vero
363 1585 404 1650 te,
436 1596 521 1639 nunc
549 1576 694 1638 eiusdem
719 1575 784 1639 loci
812 1579 929 1660 priore,
963 1578 1014 1641 vel
1043 1586 1172 1641 tuorum
1203 1579 1352 1659 quolibet
1381 1601 1615 1658 successorum,
1647 1583 1750 1647 nullus

73 1667 119 1730 ibi
146 1668 297 1747 qualibet
319 1665 537 1748 subreptionis
561 1667 678 1728 astutia
701 1685 757 1728 seu
782 1666 936 1730 violentia
966 1675 1183 1749 preponatur,
1214 1670 1272 1731 nisi
1306 1688 1404 1749 quem
1436 1670 1551 1735 fratres
1583 1674 1749 1736 communi

73 1776 241 1819 consensu
264 1755 315 1819 vel
345 1755 479 1817 fratrum
511 1775 585 1836 pars
609 1754 732 1819 consilii
756 1755 890 1818 sanioris
912 1757 1090 1820 secundum
1119 1757 1217 1820 deum
1241 1767 1275 1820 et
1297 1759 1384 1822 beati
1408 1758 1582 1843 Augustini
1606 1761 1748 1843 regulam

74 1847 262 1927 providerit
289 1845 486 1927 eligendum.
532 1844 749 1906 Decernimus
781 1865 874 1926 erge,
909 1852 945 1908 ut
974 1845 1050 1908 nulli
1083 1849 1216 1909 omnino
1247 1846 1416 1912 hominum
1446 1850 1557 1925 liceat,
1588 1850 1748 1933 prefatam

74 1935 252 1998 ecclesiam
277 1983 284 1996 .
309 1983 315 1998 .
340 1981 346 1995 .
370 1934 481 1997 usibus
506 1934 704 1996 omnimodis
725 1933 903 2015 profutura,
927 1934 1017 1998 salva
1032 1934 1118 1997 sedis
1134 1935 1316 2017 apostolice
1331 1939 1522 2003 auctoritate
1538 1947 1572 2001 et
1586 1939 1750 2003 diocesani

71 2026 226 2108 episcopi
247 2023 276 2109 b)
292 2025 449 2086 canonica
464 2023 589 2085 iustitia.
621 2021 655 2085 Si
671 2042 735 2103 qua
752 2023 848 2106 igitur
870 2072 877 2086 .
902 2073 909 2087 .
934 2072 941 2086 .
967 2074 972 2087 .
998 2024 1129 2089 Cunctis
1143 2033 1252 2088 autem
1276 2073 1283 2086 .
1307 2071 1314 2087 .
1339 2075 1346 2088 .
1369 2029 1542 2093 inveniant.
1572 2028 1690 2092 Amen.
1704 2063 1749 2076 -

71 2111 168 2176 A-m.
191 2151 227 2162 -
246 2113 367 2177 Amen.
391 2147 435 2158 —

290 2199 346 2287 (R)
368 2202 442 2284 Ego
465 2199 658 2264 Alexander
681 2200 840 2264 catholice
863 2201 1000 2266 ecclesie
1023 2203 1196 2285 episcopus
1218 2224 1260 2267 ss.
1283 2201 1346 2291 (M)

291 2295 312 2371 †
335 2290 407 2373 Ego
431 2289 602 2353 Hubaldus
626 2287 788 2353 Ostiensis
812 2292 986 2374 episcopus
1009 2312 1050 2354 ss.

290 2381 311 2461 †
332 2382 405 2462 Ego
429 2381 612 2442 Bernardus
628 2375 847 2466 'P(ortuensis)
870 2389 903 2444 et
925 2388 1037 2444 sancte
1059 2381 1175 2445 Rufine
1199 2383 1374 2466 episcopus
1396 2404 1438 2446 ss.
1461 2381 1507 2469 (7)

288 2507 333 2518 -—
357 2468 376 2555 †
399 2473 472 2553 Ego
495 2468 656 2532 lohannes
680 2471 843 2551 presbiter
864 2471 1037 2534 cardinalis
1060 2480 1244 2535 sanctorum
1274 2473 1403 2536 Ioannis
1434 2482 1468 2536 et
1489 2475 1579 2538 Pauli
1608 2477 1656 2538 tit.
1689 2476 1747 2541 Pa·

504 2558 619 2621 machii
644 2579 686 2620 ss.

289 2647 310 2732 †
333 2650 406 2732 Ego
430 2647 589 2711 Albertus
613 2646 775 2730 presbiter
797 2648 969 2712 cardinalis
993 2651 1041 2712 tit.
1065 2651 1168 2713 sancti
1190 2648 1355 2714 Laurentii
1379 2651 1411 2714 in
1432 2651 1559 2715 Lucina
1579 2674 1621 2716 ss.

288 2739 308 2821 †
332 2737 405 2822 Ego
429 2739 609 2804 Guilelmus
632 2736 794 2818 presbiter
816 2739 987 2802 cardinalis
1011 2740 1058 2802 tit.
1082 2741 1184 2803 sancti
1207 2741 1293 2803 Petri
1318 2741 1360 2803 ad
1383 2742 1523 2805 Vincula
1545 2763 1587 2806 ss.

289 2825 310 2910 †
333 2828 406 2910 Ego
429 2830 518 2891 Boso
541 2825 703 2908 presbiter
725 2825 895 2889 cardinalis
917 2836 1028 2912 sancte
1051 2829 1254 2892 Pudentiane
1278 2830 1324 2892 tit.
1346 2831 1488 2893 Pastoris
1512 2851 1552 2894 ss.

288 2915 308 2999 †
332 2918 405 3000 Ego
429 2915 591 2979 lohannes
614 2915 776 2997 presbiter
799 2915 969 2980 cardinalis
992 2919 1039 2979 tit.
1064 2920 1166 2980 sancti
1191 2919 1294 2982 Marci
1317 2939 1358 2982 ss.

331 3008 403 3090 Ego
428 3005 620 3069 Theodinus
644 3005 806 3086 presbiter
829 3007 1001 3069 cardinalis
1024 3008 1127 3070 sancti
1151 3008 1269 3072 Vitalis
1292 3008 1340 3072 tie
1363 3007 1499 3073 Vestine
1521 3031 1563 3074 ss.

332 3095 405 3178 Ego
430 3093 619 3157 Maniredus
643 3093 803 3176 presbiter
827 3095 996 3158 cardinalis
1020 3098 1068 3158 tit.
1093 3105 1204 3160 sancte
1228 3095 1348 3160 Cecilie
1371 3117 1413 3160 ss.

331 3186 404 3267 Ego
429 3184 543 3247 Petrus
567 3183 727 3267 presbiter
750 3183 920 3247 cardinalis
944 3187 993 3247 tit.
1018 3193 1130 3248 sancte
1154 3184 1302 3249 Susanne
1325 3207 1366 3249 ss.
1390 3183 1436 3272 (1)

288 3310 327 3320 —
354 3272 374 3356 'r
398 3274 470 3357 Ego
494 3271 658 3337 lacinthus
680 3274 840 3336 diaconus
864 3274 1034 3338 cardinalis
1057 3282 1169 3338 sancte
1193 3276 1295 3339 Marie
1318 3278 1351 3339 in
1375 3276 1556 3360 Cosmidyn
1578 3301 1620 3344 ss.

285 3365 307 3444 †
330 3361 404 3446 Ego
428 3361 575 3428 Cinthius
599 3363 755 3426 diaconus
779 3363 951 3427 cardinalis
973 3365 1075 3427 sancti
1097 3362 1236 3428 Adriani
1260 3385 1301 3428 ss.
1325 3361 1371 3450 (ι)

286 3450 306 3536 †
329 3455 403 3536 Ego
426 3451 593 3516 Laborans
615 3453 774 3516 diaconus
797 3453 968 3516 cardinalis
991 3460 1103 3517 sancte
1127 3453 1230 3518 Marie
1253 3456 1285 3518 in
1309 3455 1440 3519 Porticu
1463 3475 1506 3520 ss.

285 3539 306 3624 ’r
329 3544 402 3625 Ego
425 3543 594 3605 Rainerius
618 3541 772 3605 diaconus
796 3541 968 3606 cardinalis
991 3543 1094 3606 sancti
1118 3541 1251 3626 Georgii
1275 3545 1318 3607 ad
1340 3544 1459 3608 Velum
1482 3567 1614 3611 aureum
1638 3569 1679 3613 ss.

230 3626 307 3696 Dat.
323 3630 486 3714 Anagnie‚
511 3651 569 3713 per
586 3651 715 3694 manum
733 3629 889 3707 Gratiani,
911 3640 1024 3694 sancte
1039 3633 1187 3696 Romane
1208 3632 1347 3696 ecclesie
1362 3633 1553 3700 subdiaconi
1571 3645 1604 3700 et
1619 3639 1742 3702 notarii.

70 3729 119 3780 ΧΠ
142 3715 197 3779 Kl.
222 3716 301 3783 Maii
322 3721 358 3807 c).
405 3721 586 3785 Indictione
609 3735 696 3784 vim.
741 3721 976 3784 Incarnationis
1000 3721 1162 3784 dominice
1193 3742 1278 3786 anno
1309 3735 1477 3788 MCLXXVI.
1532 3725 1743 3791 Pontificatus

70 3825 149 3870 vero
172 3807 288 3874 domni
311 3810 528 3874 ALEXANDRI
552 3830 639 3894 pape
662 3825 700 3874 111
723 3830 808 3874 anno
831 3823 915 3874 xvn.
939 3846 983 3856 -

234 3926 278 3976 Or.
297 3927 352 3974 rard
366 3925 489 3991 Absclerr’si
505 3926 544 3974 des
566 3926 622 3976 Cod.
641 3926 710 3990 Dipt.
730 3925 751 3985 I,
770 3925 804 3974 e'm
821 3926 933 3976 Arehivia
955 3925 1070 3975 Vesceve'le
1086 3941 1115 3976 ne
1138 3926 1252 3977 Valtma.

235 3996 287 4058 Or„
309 3997 377 4064 Perg.
396 3999 565 4058 1'tal.‚br.0‚5,
584 3999 647 4062 lang
654 4000 722 4058 0,69,
742 4003 816 4047 unten
831 4014 850 4046 c.
862 4000 942 4058 0‚036
960 3999 1148 4064 umgescltlagen,
1167 3999 1245 4050 durch
1260 4000 1277 4048 2
1291 3999 1383 4050 Licleer
1396 3999 1460 4066 ging
1475 3999 1513 4050 die
1530 4001 1636 4063 Scirem,
1658 4005 1744 4054 welche

71 4067 113 4116 nel
129 4067 184 4116 dene
205 4067 330 4133 Bleisiegel
344 4072 460 4121 verlaren.
495 4067 604 4134 Faltung
621 4070 664 4118 der
685 4069 781 4118 Ballen.
819 4068 955 4134 liingkreue
972 4070 1028 4119 und
1037 4070 1058 4118 E
1072 4071 1115 4119 der
1129 4070 1293 4137 Untersckrr'ft
1307 4087 1356 4120 van
1371 4071 1477 4137 gleicher
1493 4072 1574 4122 Hand
1588 4074 1644 4124 und
1652 4075 1742 4134 Dr'nte;

75 4137 211 4203 cfmcanyr
227 4143 294 4191 wohl
308 4141 384 4190 Dinte
400 4142 456 4190 and
471 4140 552 4190 Hand
557 4141 611 4205 su'r
627 4140 684 4190 ricla.
712 4141 842 4206 Datinmg
856 4156 912 4190 aare
929 4140 1222 4206 Hauptkr'trperschm'ber,
1241 4143 1321 4193 dasG
1344 4142 1461 4194 Gratiam
1477 4147 1545 4194 wohl
1558 4147 1741 4211 nachgetragen.

73 4209 253 4276 Zeugmstrnren
271 4229 326 4261 aram
340 4219 447 4278 gra‘sstm
470 4213 495 4260 Τ
491 4213 548 4262 heile
566 4228 613 4262 ven
628 4211 734 4277 gleicieer
750 4212 830 4261 Hand
845 4213 901 4262 iered
916 4213 991 4262 Dinte
1012 4215 1168 4279 aeargeflihrt,
1193 4218 1208 4278 †
1226 4215 1283 4280 Ego
1302 4215 1448 4265 Theodinus
1466 4216 1582 4266 drmklere
1598 4217 1673 4266 Dr'nte
1690 4219 1746 4268 tend

71 4283 198 4332 κάνησι
223 4283 307 4344 Hand,
335 4285 378 4333 der
394 4287 452 4333 ll'est
468 4299 516 4333 vora
538 4285 581 4332 der
601 4285 677 4333 Dinte
700 4285 744 4332 der
762 4283 890 4334 Mekrrald
912 4285 968 4333 und
988 4285 1031 4334 der
1055 4286 1098 4334 der
1120 4286 1178 4335 arari
1191 4287 1327 4353 folgenden
1346 4287 1474 4354 Presbyter,
1500 4287 1545 4337 mit
1561 4289 1636 4338 denen
1652 4288 1685 4338 sr‘e
1708 4290 1742 4339 im

73 4353 168 4404 Ductus
185 4355 262 4420 vallrg
277 4356 383 4414 stimant,·
404 4371 486 4422 genau
512 4355 557 4404 das
578 4355 671 4405 Gleiclre
695 4356 732 4405 bei
753 4356 886 4407 [ahmans
925 4358 996 4406 Auch
1014 4357 1069 4419 †E
1093 4358 1134 4407 der
1160 4358 1295 4422 Jace'ntlms
1318 4374 1366 4408 ven
1388 4359 1433 4408 der
1457 4359 1565 4410 dueeklen
1588 4361 1664 4411 Dinte
1690 4361 1745 4411 med

71 4427 188 4475 sctwerm
206 4426 291 4487 Hand,
309 4428 424 4492 ebensalls
440 4435 513 4476 eneas
531 4428 604 4477 hiber
621 4429 658 4476 als
676 4427 713 4478 die
729 4427 810 4494 atinga
827 4427 971 4495 Sigeee'rrmg,
990 4428 1029 4478 die
1045 4429 1090 4479 mit
1106 4429 1150 4479 der
1166 4431 1243 4481 hellen
1258 4429 1333 4480 Dr'nte
1350 4429 1394 4480 der
1409 4432 1528 4492 anderen,
1553 4433 1664 4482 Albertus
1677 4449 1742 4500 gana

71 4511 115 4546 ven
133 4499 178 4547 der
195 4498 301 4549 duseklen
318 4499 393 4549 Dr'rrte
409 4499 560 4565 ausgefie'irt.

814 4733 880 4808 Nr.
906 4736 995 4809 256.

73 4861 255 4928 Alexander
276 4864 342 4928 III
360 4865 476 4929 nimmt
496 4867 558 4930 das
579 4864 734 4950 Hospr'tal
755 4887 815 4930 van
842 4865 1048 4950 Pontepapala
1075 4865 1134 4946 (D.
1159 4867 1280 4946 Lucra)
1308 4869 1342 4932 in
1364 4869 1599 4953 apastoliscleen
1622 4871 1741 4938 Scleuta

74 4954 137 5018 und
153 4953 307 5037 bestdtigt
326 4955 394 5018 ilem
417 4957 504 5018 seiae
523 4955 1181 5110 Besitatlplriz'pnppupzdmlcieecnltttpiphapeplfezues
1194 4957 1342 5042 ja‘hrliclr
1363 4959 1417 5022 ein
1431 4958 1549 5040 Pfund
1572 4960 1683 5026 Waclrs
1696 4984 1740 5028 arr

699 5164 782 5224 1176
797 5161 873 5225 Mar
886 5163 937 5226 31.
974 5161 1113 5247 araga:

229 5275 422 5339 Alexander
449 5279 640 5360 episcopus,
669 5298 782 5341 servus
811 5297 980 5343 servorum
1003 5279 1065 5356 dei,
1095 5279 1223 5344 dilectis
1254 5278 1324 5343 filiis
1349 5281 1528 5356 Masaucio,
1559 5283 1676 5347 rectori
1705 5291 1739 5348 et

75 5363 221 5430 iratribus
245 5365 417 5449 hospitalis
441 5367 483 5430 de
506 5368 610 5430 Ponte
638 5367 762 5451 populi,
793 5375 860 5431 tam
890 5368 1095 5451 presentibus
1126 5389 1224 5450 quarn
1255 5368 1376 5446 futuris,
1407 5390 1614 5436 communem
1638 5374 1738 5438 vitam

227 5510 253 5574 a)
278 5507 328 5557 Van
346 5507 487 5559 ensionibus
510 5526 544 5560 an
558 5509 681 5575 gedrdngt
703 5509 756 5573 auf
768 5511 853 5558 Raner
958 5508 985 5573 b)
1003 5515 1044 5560 ate
1064 5515 1088 5560 et
1107 5510 1253 5560 diocensani
1277 5510 1391 5576 episcopi
1407 5512 1460 5577 anf
1473 5515 1558 5562 Rasur
1573 5529 1621 5563 von
1637 5514 1741 5565 anderer

11 5621 13 5628 ,
75 5577 142 5628 Dr'nte
240 5583 265 5646 c)
283 5577 334 5628 xn
352 5579 394 5629 Kl.
412 5581 464 5630 lllai
482 5582 535 5647 aeas
547 5583 638 5630 Rasur.
728 5579 765 5644 .1)
787 5580 866 5630 Guida
884 5581 920 5640 II,
944 5582 1049 5645 Birthas
1064 5597 1113 5632 van
1136 5582 1250 5643 tenena,
1277 5584 1459 5634 1039-1061.
1555 5587 1583 5652 2)
1601 5585 1738 5648 Hermam,

11 5645 13 5668 ³
76 5651 250 5700 toea-1077.
325 5655 353 5717 3)
370 5653 455 5718 Rager,
476 5653 654 5703 1099-1131.
724 5657 753 5719 4)
775 5652 928 5714 crescentius,
950 5655 1132 5706 1134-1136.
1172 5654 1248 5705 Uebcr
1264 5657 1312 5705 alle
1327 5657 1402 5724 veegl.
1422 5655 1568 5718 Amnirata,
1602 5657 1698 5708 tascovt
1714 5659 1741 5709 di

11 5749 12 5776 ς
80 5719 186 5784 l'elterra,
205 5722 263 5772 und
281 5723 311 5775 G.
331 5723 450 5785 Lambri,
470 5723 634 5775 Hlmtraar'one
652 5721 679 5772 di
700 5723 813 5774 taeterra.

1473 5805 1529 5872 ³2¹
