4090 6358
1692 323 1734 404 39

47 505 251 594 persolvatis
276 521 376 594 atque
405 519 564 595 tanquam
593 510 730 596 proprio
761 509 920 598 episcopo
953 509 1118 577 humiliter
1139 511 1291 596 pareatis.
1335 511 1497 594 Alioquin
1526 512 1732 589 sententiam,

49 620 152 681 quarn
180 602 252 684 ipse
275 611 343 665 tarn
368 603 401 665 in
424 602 567 679 clericos,
593 623 691 684 quam
715 604 748 666 in
773 603 874 668 laicos
896 604 1034 669 rebelles
1058 612 1091 668 et
1113 604 1294 667 monachos
1319 602 1477 666 canonice
1503 601 1733 686 promulgavit,

48 710 110 752 uos
136 701 275 754 auctore
300 692 436 755 domino
460 703 564 756 ratam
587 692 792 756 habebimus.
816 729 858 742 —
882 694 958 758 Dat.
982 695 1142 770 Laterani,
1166 707 1203 756 vi
1226 693 1302 756 Idus
1326 691 1412 756 Maii.

214 807 340 872 Abscknst
355 821 411 856 vom
430 810 463 858 17
485 807 578 873 Jahrb.
597 807 637 856 des
654 808 727 858 Liber
743 807 824 875 Niger
833 817 862 874 p.
882 811 924 871 ta,
943 810 969 860 in
989 808 1142 860 &mathesis
1159 823 1188 858 ru
1208 807 1293 860 Nirea.

816 1097 883 1174 Nc.
914 1100 976 1173 45.

54 1239 198 1307 Citlestin
215 1243 261 1308 II
277 1243 428 1326 bestrtigr
448 1244 522 1309 dem
545 1245 626 1310 Abte
647 1246 760 1313 Albert
779 1267 840 1311 ven
855 1246 923 1311 San
943 1247 1083 1310 Lorenre
1098 1243 1213 1309 elAsso
1234 1244 1294 1326 (D.
1311 1241 1657 1326 Piensa-Montalcino)
1678 1241 1733 1305 die

50 1330 298 1398 Berrizthri'mer
310 1333 381 1396 und
384 1335 492 1414 sreies
506 1334 788 1417 Aufnahmereclet
804 1339 909 1402 seines
926 1336 1083 1413 Klosters,
1109 1334 1244 1400 welches
1268 1334 1354 1398 erin
1369 1331 1599 1416 apostolisclren
1616 1329 1733 1396 Sclrutz

329 1425 455 1504 nimmt,
481 1424 725 1510 beijdlerliclter
738 1426 891 1511 Zalrlung
904 1448 964 1490 von
979 1425 1064 1492 swei
1077 1424 1187 1490 Solidr'
1200 1423 1408 1489 Lrecclzesisclr
1428 1425 1461 1504 ¹).
1528 1459 1537 1476 ε

626 1563 712 1625 1143
729 1560 912 1626 November
925 1564 981 1625 23.
1013 1561 1165 1624 Lateran.

216 1689 399 1756 Celestinus
415 1694 600 1778 episcopus
623 1716 735 1762 servus
750 1717 918 1762 servorum
935 1697 998 1773 dei,
1021 1698 1144 1761 dilecto
1161 1694 1225 1758 tilio
1241 1692 1392 1768 Albert0,
1415 1690 1526 1778 abbati
1542 1690 1732 1752 monasterii

51 1781 153 1842 sancti
175 1779 345 1844 Laurentii
368 1785 460 1848 iuxta
482 1783 624 1861 fluvium,
649 1787 739 1866 quod
755 1785 852 1850 Anso
876 1788 1003 1863 dicitur,
1027 1789 1089 1862 siti,
1112 1786 1247 1868 eiusque
1269 1781 1520 1855 successoribus,
1544 1777 1733 1861 regulariter

51 1867 290 1933 substituendis
313 1883 352 1934 ΙΝ
375 1885 451 1936 ΡΡΜ.
476 1910 520 1920 -
539 1873 545 1959 Ι
565 1874 621 1963 Pie
644 1877 824 1958 postulatio
846 1876 1022 1940 voluntatis
1045 1875 1162 1940 effectu
1186 1873 1289 1938 debet
1318 1877 1540 1955 prosequente
1564 1866 1732 1950 compleri,

53 1966 86 2020 ut
108 1967 142 2022 et
167 1961 357 2024 devotionis
381 1963 547 2028 sinceritas
570 1964 779 2029 laudabiliter
809 1967 969 2029 enitescat
1000 1974 1034 2029 et
1064 1966 1184 2030 utilitas
1214 1961 1379 2047 postulata
1401 1961 1486 2023 vires
1510 1957 1733 2022 indubitanter

51 2059 206 2112 assumat.
228 2046 234 2135 Ι
254 2049 451 2135 Eapropter,
482 2053 601 2117 dilecte
631 2055 663 2117 in
695 2055 832 2118 domino
868 2054 922 2131 fili,
954 2055 1093 2120 Alberte
1116 2055 1228 2130 abbas,
1258 2052 1321 2116 tuis
1351 2047 1597 2114 rationabilibus
1620 2055 1733 2130 postu·

53 2137 231 2202 lationibus
255 2137 433 2205 clementer
454 2143 633 2220 annuimus,
657 2153 689 2207 et
710 2145 872 2228 prefatum
889 2146 977 2209 beati
992 2144 1156 2208 Laurentii
1179 2142 1424 2216 monasterium,
1447 2140 1499 2202 cui
1516 2138 1581 2200 deo
1598 2145 1733 2200 auctore

53 2228 212 2310 presideS,
235 2230 298 2293 sub
322 2230 409 2294 beati
424 2231 511 2296 Petri
534 2241 568 2296 et
590 2242 700 2297 nostra
716 2235 922 2318 protectione
937 2236 1131 2319 suscipimus
1152 2233 1187 2316 a),
1212 2240 1245 2297 et
1260 2230 1419 2316 presentis
1435 2229 1547 2311 scripti
1564 2225 1732 2309 privilegio

55 2319 303 2382 communimus.
348 2318 547 2398 Statuentes,
577 2331 622 2400 ut,
647 2343 870 2405 quascumque
893 2325 1126 2408 possessiones,
1159 2340 1366 2411 quecumque
1389 2320 1477 2383 bona
1507 2317 1595 2381 idem
1620 2335 1733 2379 mona·

55 2409 187 2472 sterium
212 2409 246 2471 in
267 2411 506 2492 presentiarum
529 2414 613 2476 iuste
637 2421 670 2476 et
693 2415 849 2478 canonice
873 2415 1031 2497 possidet,
1064 2422 1120 2478 aut
1150 2415 1182 2476 in
1214 2412 1357 2476 futurum
1389 2408 1602 2473 concessione
1625 2405 1733 2488 ponti·

57 2494 158 2574 ficum,
189 2497 365 2582 largitione
387 2521 501 2584 regum
525 2501 577 2567 vel
607 2504 803 2586 principum,
835 2503 1004 2568 oblatione
1036 2503 1181 2567 fidelium
1210 2521 1268 2566 seu
1298 2500 1370 2565 aliis
1398 2499 1490 2562 iustis
1524 2495 1632 2559 modis
1666 2495 1732 2558 deo

57 2589 202 2669 propitio
236 2591 360 2671 poterit
391 2590 539 2674 adipisci,
571 2591 665 2657 firma
694 2592 755 2657 tibi
785 2593 914 2676 tuisque
940 2594 1185 2658 successoribus
1216 2601 1251 2657 et
1273 2589 1397 2655 illibata
1427 2590 1649 2673 permaneant.
1695 2585 1731 2646 ln

59 2676 172 2758 quibus
203 2675 268 2766 hec
297 2680 438 2762 propriis
468 2681 621 2745 duximus
652 2683 868 2765 exprimenda
899 2683 1083 2747 vocabulis:
1123 2681 1294 2746 ecclesiam
1337 2685 1451 2744 sancte
1481 2675 1651 2740 Trinitatis
1688 2673 1731 2737 de

59 2763 163 2848 Orgia,
188 2777 226 2830 et
247 2766 445 2852 hospitalem
468 2771 604 2836 domum
629 2773 776 2836 eiusdem
799 2771 865 2836 loci
889 2793 964 2837 cum
987 2773 1137 2837 omnibus
1159 2773 1226 2835 suis
1250 2767 1463 2854 pertinentiis,
1493 2764 1665 2830 ecclesiam
1688 2764 1732 2827 de

59 2864 165 2921 monte
181 2854 259 2934 Siai,
283 2857 454 2923 ecclesiam
471 2861 514 2924 de
531 2859 667 2925 Modani
690 2881 765 2925 cum
789 2861 942 2926 omnibus
965 2882 1076 2926 earum
1100 2861 1313 2945 pertinentiis,
1337 2867 1371 2923 et
1394 2856 1484 2938 quod
1506 2856 1590 2918 iuste
1613 2854 1731 2917 tenetis

60 2944 89 3006 in
110 2944 249 3011 ecclesia
278 2948 323 3011 de
345 2945 493 3026 Stiliano,
517 2958 657 3015 castrum
682 2952 725 3015 de
750 2951 898 3016 Civitella
921 2973 996 3016 cum
1023 2952 1150 3016 duabus
1182 2951 1326 3015 ecclesiis
1359 2951 1392 3012 iu
1423 2948 1497 3029 ipso
1527 2943 1731 3017 constructis,

60 3033 227 3100 ecclesiam
247 3035 403 3102 videlicet
424 3041 527 3103 sancti
551 3037 736 3105 Sebastiani
764 3041 846 3106 inira
876 3041 1045 3106 castellum
1077 3043 1230 3127 positam,
1260 3038 1430 3104 ecclesiam
1454 3034 1559 3098 sancti
1590 3032 1730 3096 Materni

8 3143 9 3188 ὲ
60 3133 145 3188 extra
176 3125 349 3192 castellum
379 3127 484 3206 sitam,
514 3130 596 3193 duas
627 3130 794 3214 portiones
825 3132 868 3195 de
899 3130 1033 3195 castello
1065 3140 1099 3196 et
1133 3139 1223 3218 curtq
1246 3130 1368 3193 montis
1389 3125 1525 3199 Viridis,
1556 3121 1731 3186 ecclesiam

9 3257 10 3290 3
60 3212 97 3276 de
125 3211 291 3298 Signano,
328 3225 362 3280 et
399 3226 465 3282 tres
496 3219 665 3302 portiones
695 3222 797 3302 ipsius
827 3219 919 3309 ville,
957 3221 1128 3285 ecclesiam
1158 3221 1262 3283 sancti
1293 3217 1417 3281 Donati
1448 3234 1523 3278 cum
1554 3212 1652 3275 rebus
1687 3211 1730 3274 ad

9 3309 10 3388 j
60 3302 155 3384 ipsam
172 3307 420 3388 pertinentibus,
441 3307 611 3373 ecclesiam
627 3310 729 3373 sancti
751 3309 977 3375 Bartholomei
1002 3312 1045 3376 de
1067 3310 1308 3394 Lampognano
1331 3325 1406 3371 curn
1431 3305 1503 3387 ipsa
1518 3301 1604 3377 villa,
1628 3300 1731 3389 eccle·

60 3393 139 3458 siam
154 3395 260 3460 sancti
275 3395 441 3460 Anastasii
465 3405 498 3460 et
520 3399 620 3481 ipsius
636 3401 733 3463 castri
757 3399 838 3463 duas
862 3409 981 3484 partes,
1005 3399 1176 3464 ecclesiam
1200 3400 1302 3462 sancti
1326 3395 1463 3481 Andree
1487 3393 1529 3457 de
1553 3389 1731 3465 Suverella‚

62 3481 224 3548 ecclesiam
262 3488 365 3548 sancti
395 3485 560 3551 Laurentii
598 3498 632 3553 et
671 3489 818 3552 eiusdem
855 3490 979 3554 castelli
1018 3491 1100 3554 duas
1141 3498 1260 3573 partes.
1314 3483 1580 3550 Decimationem
1620 3479 1730 3543 allodii

62 3572 199 3637 eiusdem
231 3577 420 3639 monasterii
455 3577 547 3658 quod
578 3579 611 3641 in
643 3579 780 3642 Senensi
803 3581 998 3662 episcopatu
1029 3581 1127 3642 situm
1159 3587 1217 3654 est,
1249 3574 1528 3658 quemadmodum
1560 3591 1580 3634 a
1610 3566 1733 3632 Senen-

62 3660 140 3724 sibus
177 3664 360 3747 episcopis,
397 3665 485 3728 bone
523 3669 681 3730 memorie
718 3666 864 3731 Iohanne
884 3667 910 3749 ¹)
940 3668 1091 3732 videlicet
1127 3675 1161 3730 et
1198 3666 1342 3730 Radulso
1359 3661 1402 3749 ⁸),
1439 3660 1535 3726 vobis
1576 3660 1733 3722 canonice

63 3769 210 3816 concessa
241 3763 310 3830 est,
348 3754 497 3818 similiter
529 3756 767 3820 confirmamus.
823 3757 1043 3823 Concedimus
1073 3758 1172 3820 etiam
1203 3756 1315 3830 vobis,
1345 3761 1395 3829 ut,
1433 3753 1459 3814 si
1492 3748 1600 3829 aliqua
1629 3747 1733 3811 libera

12 3891 13 3896 1
64 3859 200 3920 persona,
231 3844 357 3906 sivein
379 3845 454 3920 vita,
477 3846 547 3908 sive
575 3847 606 3908 in
631 3855 747 3922 morte,
778 3855 888 3911 vestro
911 3848 1110 3911 monasterio
1138 3865 1174 3909 se
1202 3845 1354 3908 conferre
1376 3839 1522 3911 voluerit,
1553 3837 1732 3920 recipiendi

64 3946 126 3992 eam
155 3931 285 4012 absque
316 3932 451 3997 alicuius
482 3936 742 3999 contradictione
782 3936 917 4000 liberam
955 3935 1103 4000 habeatis
1137 3934 1340 4008 facultatem,
1381 3930 1474 3994 salvo
1512 3936 1624 3991 tamen
1663 3926 1732 3990 iure

64 4021 193 4084 matricis
227 4022 372 4086 ecclesie.
418 4022 475 4086 Ad
506 4024 662 4088 indicium
692 4034 803 4089 autem
833 4026 927 4090 huius
955 4047 975 4089 a
1006 4025 1085 4089 sede
1116 4022 1301 4107 apostolica
1330 4029 1486 4107 percepte
1517 4017 1733 4100 protectionis

64 4106 207 4173 Lucensis
248 4122 382 4200 monete
418 4113 544 4177 solidos
583 4113 667 4178 duos
698 4117 795 4180 nobis
825 4117 1010 4197 nostrisque
1044 4114 1286 4179 successoribus
1316 4110 1499 4176 annualiter
1528 4106 1731 4189 persolvetis.

64 4195 269 4264 Decernimus
291 4222 379 4284 ergo,
403 4213 439 4266 ut
463 4203 541 4267 nulli
562 4205 698 4268 omnino
722 4204 893 4269 hominum
915 4206 1021 4282 liceat,
1046 4205 1134 4269 idem
1151 4203 1385 4267 monasterium
1401 4211 1524 4263 temere
1540 4195 1732 4278 perturbare

66 4297 112 4349 aut
132 4291 198 4353 eius
222 4292 449 4373 possessiones
473 4292 609 4357 aufferre
630 4294 683 4358 vel
707 4294 834 4358 ablatas
857 4296 1004 4371 retinere,
1029 4295 1174 4358 minuere
1197 4313 1254 4356 seu
1276 4290 1478 4374 quibuslibet
1500 4285 1732 4350 vexationibus

66 4372 197 4458 fatigare,
213 4381 274 4443 sed
290 4381 402 4444 omnia
417 4383 545 4466 integra
560 4395 793 4448 conserventur
808 4404 930 4461 eorum,
955 4405 1016 4466 pro
1034 4404 1173 4466 quorum
1189 4382 1429 4464 gubernatione
1445 4388 1478 4441 et
1494 4375 1732 4440 sustentatione

67 4483 208 4532 concessa
237 4480 322 4547 sunt,
355 4471 466 4535 usibus
498 4473 698 4537 omnimodis
728 4474 908 4556 profutura.
963 4474 997 4537 Si
1030 4494 1096 4556 qua
1138 4474 1235 4556 igitur
1265 4473 1298 4534 in
1331 4471 1474 4533 futurum
1511 4464 1732 4529 ecclesiastica

67 4556 247 4622 secularisve
269 4580 419 4641 persona,
442 4561 529 4626 hanc
551 4573 662 4627 nostre
685 4565 927 4628 constitutionis
943 4562 1099 4645 paginam
1123 4565 1238 4639 sciens,
1262 4570 1379 4625 contra
1394 4577 1468 4622 eam
1483 4565 1606 4619 temere
1620 4553 1732 4618 venire

68 4649 278 4726 temptaverit,
318 4652 464 4714 secundo
495 4653 634 4715 tertiove
664 4655 875 4730 commonita,
906 4654 932 4716 si
965 4672 1032 4715 non
1064 4653 1288 4716 satisfactione
1319 4668 1464 4731 congrua
1499 4643 1731 4718 emendaverit,

68 4739 227 4811 potestatis
249 4738 450 4821 honorisque
465 4743 513 4804 sui
538 4742 699 4824 dignitate
714 4754 823 4806 careat
839 4762 994 4824 reamque
1009 4763 1045 4805 se
1062 4742 1173 4804 divino
1190 4741 1311 4804 iudicio
1328 4739 1468 4802 existere
1485 4736 1527 4797 de
1543 4741 1732 4815 perpetrata

70 4821 225 4904 iniquitate
248 4839 438 4910 cognoscat,
463 4840 497 4892 et
519 4851 539 4893 a
561 4833 781 4895 sacratissimo
804 4853 944 4914 corpore
969 4852 1007 4894 ac
1028 4833 1187 4913 sanguine
1212 4831 1264 4893 dei
1288 4840 1322 4893 et
1345 4827 1480 4901 domini,
1512 4821 1732 4903 redemptoris

70 4917 156 4977 nostri
184 4916 256 4980 lesu
288 4917 416 4996 Christi,
446 4919 553 4982 aliena
581 4919 647 4998 fiat,
679 4931 778 5002 atque
809 4923 842 4985 in
872 4931 1021 4984 extremo
1054 4921 1206 4983 examine
1239 4918 1384 4982 districte
1415 4914 1528 4980 ultioni
1553 4911 1730 4975 subiaceat.

70 4997 186 5068 Cunctis
208 5015 328 5084 autem,
352 5008 460 5071 eidem
484 5008 557 5072 loco
578 5011 662 5074 iusta
677 5012 890 5087 servantibus,
914 5011 956 5074 sit
978 5031 1047 5093 pax
1063 5010 1188 5073 domini
1212 5009 1314 5072 nostri
1338 5008 1409 5070 Iesu
1426 5003 1554 5079 Christi,
1579 5001 1731 5083 quatinus

70 5090 170 5156 ethic
201 5096 342 5159 fructum
372 5097 462 5184 bone
492 5099 630 5162 actionis
660 5101 854 5182 percipiant,
885 5111 919 5164 et
948 5101 1037 5183 apud
1072 5101 1254 5163 districtum
1284 5097 1426 5160 iudicem
1463 5093 1590 5178 premia
1619 5101 1731 5178 eterne

71 5181 147 5256 pacis
165 5180 171 5268 Ι
190 5179 368 5249 inveniant.
415 5187 535 5250 Amen.
560 5188 679 5252 Amen.
703 5189 823 5253 Amen.
848 5223 891 5235 —-

265 5275 322 5354 (R)
345 5275 420 5358 Ego
445 5276 626 5341 Celestinus
650 5277 812 5366 catholice
835 5279 973 5367 ecclesip
996 5279 1173 5361 episcopus
1196 5298 1238 5341 ss.
1264 5274 1337 5363 (M).

266 5360 286 5446 †
309 5365 383 5447 Ego
407 5365 579 5431 Conradus
601 5367 792 5432 Sabinensis
817 5370 993 5451 episcopus
1016 5389 1057 5432 ss.
1081 5371 1128 5450 (ι)

266 5447 287 5534 †
310 5454 384 5537 Ego
407 5453 596 5540 Stephanus
615 5455 643 5542 b)
666 5459 875 5522 Penestrinus
899 5459 1075 5540 episcopus
1098 5479 1139 5521 ss.

77 5583 311 5601 ''Qu—..—

314 5597 362 5602 ——
366 5598 401 5604 --
405 5599 415 5604 -
419 5599 478 5608 ᾕ-

212 5665 238 5730 a)
257 5663 314 5712 Das
330 5671 389 5715 erite
407 5667 415 5715 i
432 5683 479 5717 aur
496 5682 510 5717 e
528 5667 642 5734 corrr'gr'rt
711 5670 739 5735 b)
757 5672 801 5721 das
819 5677 893 5722 taus
909 5688 927 5736 p
945 5670 1064 5737 eorrrgirt.
1083 5709 1137 5715 -
1156 5671 1192 5734 ,1)
1218 5669 1295 5734 Vergl.
1314 5666 1351 5716 dr'e
1372 5665 1432 5715 Urk.
1451 5679 1505 5713 vom
1523 5665 1560 5714 26
1578 5661 1634 5712 Mai
1651 5665 1728 5713 1144.

76 5726 96 5788 ²>
115 5727 213 5793 iotam
232 5733 337 5801 escas
349 5753 397 5788 vm
417 5739 496 5800 sena,
515 5757 535 5790 c.
557 5741 624 5790 1037
639 5769 671 5778 -
685 5759 705 5796 c.
721 5745 797 5794 roae.
870 5745 898 5812 3)
917 5742 1019 5809 arteris,
1039 5742 1143 5808 sacros
1156 5757 1203 5791 von
1221 5739 1302 5801 sema,
1321 5753 1341 5792 c.
1360 5737 1429 5788 roes
1442 5763 1473 5774 -
1488 5751 1508 5784 c.
1529 5735 1606 5786 ross.
