4126 6356
318 513 356 565 IN
379 513 457 564 PPM.
479 538 523 546 -
547 493 640 562 Sicut
661 517 780 578 equum
807 505 857 561 est
884 508 918 561 et
941 495 1051 560 officio
1083 496 1237 580 religioso
1261 496 1464 570 conveniens
1490 515 1546 570 ea,
1580 511 1643 579 que
1674 493 1705 556 in
1738 491 1994 555 controversiam

317 593 530 664 deducuntur,
548 590 669 652 iudicio
685 587 735 650 vel
753 589 930 650 concordia
946 591 1130 662 terminare,
1147 591 1190 650 ita
1206 589 1370 670 siquidem
1388 587 1608 648 consideratio
1625 581 1815 664 expostulat
1832 582 1995 662 equitatis,

318 689 362 754 ut,
386 699 459 741 cum
484 677 721 741 rationabiliter
744 677 863 740 fuerint
885 679 1066 751 terminata,
1091 680 1132 739 ad
1163 680 1355 740 memoriam
1379 695 1491 738 eorum
1516 673 1704 736 habendam
1726 674 1889 752 scripture
1912 671 1995 732 sen'e

319 770 517 843 muniantur,
556 776 716 846 quatenus
754 769 785 828 in
827 767 949 848 scripto
982 767 1122 828 inveniat
1151 775 1301 828 secutura
1332 767 1524 848 posteritas,
1564 765 1641 844 quid
1673 762 1841 842 perpetuis
1873 761 1996 822 debeat

317 858 523 938 temporibus
557 857 742 918 observare.
790 856 985 937 Eapropter,
1018 857 1129 918 dilecti
1161 859 1192 917 in
1224 855 1358 918 domino
1390 853 1458 930 filii,
1490 853 1630 932 qualiter
1660 851 1899 922 controversia,
1930 867 1993 930 que

319 967 416 1027 supra
447 949 573 1028 integra
596 946 672 1008 villa
701 946 744 1007 de
769 944 941 1007 Montione
961 943 984 1028 ¹)
1015 966 1088 1007 cum
1114 954 1203 1007 curte
1228 966 1286 1007 sua
1310 947 1393 1006 inter
1416 963 1476 1005 vos
1499 951 1532 1004 et
1556 939 1738 1004 monachos
1761 947 1874 1022 sancte
1897 937 1995 999 Flore

318 1036 522 1110 vertebatur,
559 1037 592 1096 in
626 1037 792 1115 presentia
824 1034 1019 1096 dilectorum
1053 1035 1194 1097 filiorum
1233 1044 1419 1096 nostrorum
1450 1031 1580 1102 Cencii,
1617 1029 1803 1092 Portuensis
1836 1029 1994 1108 episcopi,

319 1123 471 1198 Rolandi,
505 1124 677 1206 presbiteri
710 1131 743 1184 et
774 1123 965 1198 cancellarii,
998 1133 1030 1185 et
1054 1125 1224 1198 oddonis,
1257 1125 1387 1186 diaconi
1419 1119 1647 1193 cardinalium,
1677 1118 1904 1180 assistentibus
1935 1115 1995 1176 illis

320 1214 481 1296 Gregorio
512 1214 554 1274 de
585 1213 779 1287 Primicerio,
811 1212 966 1274 Aichario
999 1221 1032 1274 et
1064 1211 1224 1294 Gregorio
1256 1213 1386 1276 Corano
1420 1210 1590 1282 iudicibus,
1621 1229 1663 1270 ex
1695 1208 1850 1269 mandato
1881 1213 1995 1267 nostro

320 1303 416 1365 fuerit
438 1302 594 1364 ventilata
622 1309 655 1363 et
685 1304 717 1362 in
749 1310 859 1364 nostra
891 1303 1054 1383 presentia
1087 1304 1201 1364 ordine
1234 1302 1403 1363 iudiciario
1434 1299 1614 1370 terminata,
1646 1296 1851 1377 presentibus
1882 1294 1997 1356 litteris

320 1391 526 1474 precepimus
549 1393 706 1452 annotari.
753 1391 861 1452 Primo
885 1391 1047 1472 siquidem
1072 1411 1146 1472 pars
1171 1391 1356 1453 monasterii
1380 1398 1492 1451 sancte
1515 1387 1614 1449 Flore
1637 1385 1838 1447 affirmabat:
1871 1383 1995 1445 nullam

320 1500 391 1542 esse
408 1482 646 1563 venditionem,
678 1481 754 1558 quia
785 1479 1004 1542 sollemnitate
1035 1479 1111 1542 iuris
1134 1481 1275 1542 subnixa
1298 1500 1363 1541 non
1390 1487 1468 1548 crat,
1501 1488 1533 1538 et
1556 1477 1632 1537 ideo
1661 1477 1706 1536 rei
1730 1475 1996 1536 vendicationem

321 1569 526 1642 intendebat;
551 1569 695 1630 secundo
719 1569 895 1644 asserebat,
928 1571 1019 1650 quod
1050 1569 1125 1631 villa
1157 1571 1197 1631 de
1222 1569 1393 1631 Montione
1425 1567 1465 1628 ad
1498 1565 1729 1627 monasterium
1759 1571 1874 1624 sancte
1897 1561 1996 1623 Flore

321 1678 364 1720 ex
387 1657 546 1739 imperiali
577 1659 679 1719 domo
711 1668 932 1739 processerat;
963 1659 1059 1720 tertio
1083 1679 1170 1732 vero,
1201 1660 1291 1737 quod
1324 1659 1573 1718 instrumentum
1596 1654 1795 1716 venditionis
1828 1671 1894 1712 non
1919 1670 1997 1712 con·

321 1767 417 1809 sensu
449 1747 579 1808 maioris
610 1748 711 1826 partis
742 1745 977 1809 monachorum
1008 1747 1112 1810 fuerat
1143 1748 1350 1820 roboratum;
1382 1755 1532 1826 preterea
1568 1751 1685 1822 quarto
1717 1742 1791 1804 loco
1825 1740 1997 1822 ponebant

321 1836 431 1899 villam
455 1838 559 1916 ipsam
585 1834 666 1896 ultra
690 1835 826 1917 duplum
851 1836 953 1916 pretii,
977 1838 1067 1915 quod
1092 1835 1243 1899 monachi
1266 1844 1378 1918 sancte
1402 1834 1499 1897 Flore
1523 1834 1600 1895 inde
1624 1839 1828 1913 acceperant,
1848 1828 1997 1891 valuisse.

323 1925 423 1986 Porro
447 1926 489 1986 ad
513 1923 794 1987 confirmationem
820 1929 924 2006 prime
948 1927 1135 1988 assertionis
1159 1925 1312 1988 advocati
1337 1923 1523 1987 monasterii
1546 1931 1657 2006 sancte
1673 1920 1772 1984 Flore
1791 1918 1999 1981 conabantur

323 2015 513 2087 ostendere,
546 2014 635 2094 quod
666 2033 717 2074 res
749 2014 887 2076 mobiles
919 2024 1028 2077 essent
1058 2016 1087 2076 in
1121 2015 1319 2076 monasterio
1349 2023 1383 2076 et
1412 2013 1472 2074 alie
1503 2032 1553 2074 res
1587 2011 1776 2083 mediocres,
1809 2006 1998 2070 immobiles

322 2102 481 2176 videlicet,
505 2121 570 2185 que
593 2111 729 2184 propter
752 2123 870 2182 urgens
894 2104 1040 2166 debitum
1066 2113 1203 2185 possent
1225 2106 1296 2165 sine
1320 2105 1437 2165 minori
1470 2101 1644 2183 dispendio
1675 2099 1774 2181 ipsius
1806 2097 1997 2159 monasterii

321 2192 418 2253 vendi
442 2200 475 2254 et
497 2193 581 2252 iuste
604 2191 743 2254 alienari.
790 2194 851 2254 Per
873 2195 1070 2254 contrarium
1094 2203 1204 2254 autem
1229 2213 1304 2274 pars
1329 2194 1447 2272 prioris
1471 2201 1503 2252 et
1533 2189 1670 2251 fratrum
1693 2187 1997 2251 Camaldulensium

322 2288 437 2343 contra
461 2281 600 2361 primum
625 2280 801 2362 capitulum
827 2283 921 2343 certis
945 2282 1123 2344 rationibus
1148 2282 1385 2364 respondebat:
1420 2281 1509 2359 quod
1533 2279 1681 2341 venditio
1711 2277 1766 2339 illa
1796 2275 1999 2338 sufficienter

323 2371 516 2432 auctoritate
538 2369 614 2430 iuris
644 2378 731 2431 esset
755 2371 885 2434 munita.
917 2379 949 2433 et
983 2372 1072 2449 quod
1105 2391 1156 2433 res
1188 2371 1327 2432 mobiles
1359 2379 1434 2432 tunc
1465 2389 1530 2430 non
1562 2367 1695 2431 fuissent
1729 2369 1761 2428 in
1794 2367 1998 2428 monasterio

322 2469 433 2541 sancte
450 2457 555 2532 Flore,
580 2477 643 2541 que
660 2459 700 2520 ad
716 2465 841 2521 tantum
867 2455 1002 2544 (b>onus
1026 2459 1130 2522 debiti
1147 2461 1197 2522 vel
1215 2461 1255 2521 ad
1273 2461 1429 2521 maiorem
1452 2467 1579 2540 partem
1597 2455 1843 2520 exonerandam
1860 2461 1999 2535 possent

321 2546 481 2609 sufficere.
527 2545 592 2608 Res
616 2567 749 2626 quoque
771 2549 954 2610 immobiles
977 2569 1041 2610 non
1064 2547 1233 2611 habebant
1262 2547 1411 2611 monachi
1443 2547 1584 2630 predicti
1617 2544 1813 2618 monasterii,
1846 2562 1930 2622 quas
1954 2544 1999 2604 ita

322 2637 552 2699 convenienter
574 2637 616 2697 ad
643 2636 838 2698 solvendum
869 2638 1018 2699 debitum
1050 2647 1187 2719 possent
1216 2637 1405 2700 distrahere.
1451 2635 1606 2711 AddenS,
1638 2636 1728 2716 quod
1760 2635 1898 2695 nimium
1922 2629 1998 2714 es(t)

321 2726 473 2798 alienum,
491 2724 628 2805 urgebat
642 2725 730 2787 idem
743 2727 925 2801 cenobium,
942 2734 975 2788 et
990 2726 1081 2805 quod
1097 2728 1128 2788 in
1140 2727 1313 2789 utilitatem
1330 2728 1432 2808 ipsius
1448 2727 1595 2808 pecunia,
1613 2742 1711 2803 quam
1728 2721 1998 2786 Camaldulenses

322 2814 437 2876 fratres
467 2813 640 2886 solverant,
672 2817 714 2876 sit
746 2835 912 2877 conversa.
959 2815 1015 2877 Ad
1045 2817 1135 2895 quod
1158 2835 1236 2879 sane
1260 2816 1467 2898 probandum
1492 2816 1739 2876 instrumentum
1770 2811 1942 2893 publicum
1966 2821 2000 2872 et

323 2905 525 2964 munimenta
548 2904 688 2983 plurima
711 2904 929 2983 protulerunt,
964 2904 1082 2986 quibus
1115 2913 1185 2967 erat
1213 2904 1296 2967 fides
1326 2906 1513 2966 omnimoda
1543 2902 1748 2973 adhibenda,
1780 2909 1814 2963 et
1837 2903 1885 2962 sic
1909 2919 2000 2962 com·

323 2990 474 3073 prehensi
498 2999 572 3052 sunt
594 2992 744 3054 advocati
767 3001 877 3076 sancte
894 2993 1001 3068 Flore,
1025 3015 1090 3056 non
1110 3015 1223 3056 verum
1239 2997 1271 3056 in
1289 2997 1395 3076 primo
1413 2992 1563 3074 capitulo,
1586 2992 1645 3054 sed
1662 2993 1773 3073 potius
1790 2987 1998 3052 mendacium

323 3083 484 3143 astruisse.
529 3079 681 3142 Profecto
704 3083 856 3143 advocati
881 3084 1102 3163 predictorum
1120 3081 1418 3146 Camaldulensium
1442 3083 1575 3145 fratrum
1600 3081 1780 3142 secundum
1806 3089 1840 3142 et
1865 3081 1998 3140 tertium

324 3169 502 3251 capitulum
526 3170 777 3232 evidentissimis
808 3171 985 3234 rationibus
1016 3173 1236 3245 destruebant,
1268 3173 1482 3236 donationem
1513 3171 1600 3233 illam
1632 3171 1674 3232 de
1701 3168 1863 3251 imperiali
1895 3170 1999 3230 domo

323 3258 520 3340 processisse
543 3267 707 3338 negantes
733 3259 914 3322 monachos
938 3264 1036 3324 etiam
1060 3271 1172 3346 sancte
1188 3261 1286 3324 Flore
1309 3283 1368 3343 per
1383 3261 1641 3343 subscriptiones
1662 3279 1775 3321 eorum
1792 3261 2001 3320 consensisse

324 3347 518 3429 probabant.
571 3347 650 3408 Erat
691 3350 776 3409 enim
817 3349 1064 3413 instrumentum
1105 3353 1211 3431 ipsum
1252 3353 1366 3414 maiori
1400 3360 1492 3432 parte
1530 3351 1663 3412 fratrum
1700 3347 2001 3430 subscriptionibus

325 3437 526 3499 roboratum.
572 3435 607 3497 In
640 3438 786 3499 secundo
810 3459 887 3500 vero
921 3448 954 3501 et
984 3443 1081 3502 tertio
1115 3448 1148 3502 et
1179 3449 1295 3519 quarto
1326 3439 1469 3522 capitulo
1502 3440 1622 3521 reperti
1654 3446 1729 3499 sunt
1761 3437 1815 3510 illi,
1847 3438 1904 3518 qui
1938 3457 2000 3517 pro

324 3528 523 3588 monasterio
546 3534 658 3609 sancte
682 3525 778 3588 Flore
802 3529 1053 3601 contendebant,
1078 3531 1207 3610 penitus
1237 3529 1267 3591 in
1291 3529 1539 3610 probationibus
1569 3527 1728 3590 defecisse
1760 3535 1795 3588 et
1826 3535 1894 3587 tam
1927 3545 2002 3606 pre·

325 3616 483 3677 nominati
515 3614 703 3690 cardinales
735 3635 832 3694 quam
857 3617 992 3691 iudices,
1024 3620 1079 3698 qui
1103 3639 1123 3680 a
1146 3619 1243 3680 nobis
1275 3619 1316 3680 ad
1349 3619 1545 3680 audiendam
1577 3636 1708 3683 causam
1739 3615 1884 3696 delegati
1914 3623 2002 3690 sunt,

323 3712 556 3786 cognoverunt,
585 3703 799 3784 allegationes
824 3715 856 3766 et
880 3708 1104 3769 attestationes
1128 3709 1307 3769 eorundem
1338 3709 1573 3769 advocatorum
1606 3707 1648 3767 ad
1681 3705 1867 3767 faciendam
1898 3703 2001 3765 fidem

323 3794 521 3874 supradictis
545 3792 696 3874 capitulis
720 3795 866 3874 pondere
889 3799 1040 3872 caruisse,
1070 3799 1171 3857 immo
1195 3795 1459 3858 Camaldulenses
1482 3794 1715 3856 rationabiliter
1745 3797 1777 3855 in
1800 3795 2002 3856 contrarium

325 3883 492 3963 probasse.
538 3880 635 3945 Unde
660 3883 796 3964 predicti
819 3883 876 3945 filii
900 3887 1010 3960 nostri,
1045 3885 1225 3947 cardinales
1249 3894 1282 3946 et
1312 3886 1444 3958 iudices,
1475 3887 1530 3964 qui
1561 3885 1602 3946 ad
1637 3903 1766 3945 causam
1800 3883 2002 3944 audiendam

325 3972 450 4034 fuerant
480 3970 637 4052 delegati,
670 3971 865 4052 quibusdam
897 3974 1111 4055 prudentibus
1141 3973 1333 4056 legisperitis
1363 3973 1425 4036 sibi
1453 3973 1576 4047 ascitis
1608 3975 1777 4053 utriusque
1800 3973 1901 4053 partis
1926 3971 2004 4033 alle·

323 4064 471 4142 gationes
486 4059 650 4122 subtiliter
666 4061 860 4141 indagantes
870 4071 902 4123 et
910 4062 1208 4125 Camaldulensium
1226 4062 1359 4125 fratrum
1376 4063 1589 4144 allegationes
1608 4069 1847 4142 cognoscentes
1868 4063 2004 4141 penitus

324 4149 500 4231 prevalere,
516 4169 558 4211 ex
575 4150 730 4210 mandato
747 4160 858 4212 nostro
874 4152 905 4211 in
923 4161 1034 4213 nostra
1049 4153 1211 4232 presentia
1231 4152 1375 4233 prefatus
1392 4151 1575 4233 Gregorius
1593 4151 1802 4232 primicerius,
1826 4149 2003 4224 archarius,

325 4239 425 4301 iudex
450 4237 620 4300 diffinitiva
641 4241 803 4300 sententia
819 4237 1015 4314 Guidonem,
1039 4239 1320 4304 Camaldulensem
1345 4261 1545 4321 yconomum
1561 4238 1594 4324 ²),
1612 4241 1655 4302 ab
1684 4242 1893 4320 impetitione
1919 4238 2003 4300 Ilde·

325 4328 452 4400 brandi,
468 4328 621 4406 yconomi
637 4335 750 4389 sancte
766 4327 870 4402 Flore,
887 4349 985 4409 super
1000 4332 1127 4410 integra
1143 4329 1218 4391 villa
1233 4331 1276 4392 de
1292 4331 1462 4392 Montione
1479 4350 1551 4391 cum
1567 4349 1625 4391 sua
1641 4337 1732 4391 curte
1748 4329 1898 4391 absolvit.
1930 4327 2004 4390 Nos

325 4435 404 4498 ergo
421 4417 561 4478 eandem
576 4417 770 4479 sententiam
787 4418 979 4480 auctoritate
995 4419 1082 4480 sedis
1098 4419 1278 4500 apostolice
1294 4419 1525 4482 confirmamus
1541 4427 1573 4482 et
1592 4421 1782 4500 supradicto
1800 4419 2004 4480 Ildebrando

325 4525 491 4584 yconomo
525 4513 558 4566 et
589 4505 737 4567 universo
770 4509 941 4569 conventui
972 4517 1085 4570 sancte
1116 4508 1213 4570 Flore
1244 4529 1343 4589 super
1374 4508 1435 4570 hac
1467 4529 1563 4571 causa
1602 4517 1797 4590 perpetuum
1836 4507 2004 4569 silentium

324 4595 542 4675 imponentes,
564 4596 760 4655 sententiam
784 4598 888 4676 ipsam
914 4603 1015 4658 ratam
1042 4605 1075 4658 et
1098 4597 1319 4659 inconvulsam
1343 4599 1549 4660 decemimus
1566 4617 1767 4679 permanere.
1814 4596 1903 4658 Nulli
1921 4615 2005 4676 ergo

326 4685 459 4746 omnino
484 4682 653 4744 hominurn
678 4682 781 4758 liceat,
806 4683 889 4745 hanc
920 4694 1028 4746 nostre
1053 4685 1308 4748 confirmationis
1332 4689 1485 4768 paginam
1516 4689 1690 4748 temerario
1714 4707 1793 4748 ausu
1824 4686 2006 4767 infringere

326 4792 382 4834 seu
406 4774 485 4853 ipsis
508 4771 617 4834 modis
640 4770 798 4850 aliquibus
822 4775 990 4835 contraire.
1030 4772 1064 4836 Si
1089 4777 1161 4854 quis
1185 4786 1293 4837 autem
1318 4775 1382 4837 hoc
1405 4784 1603 4857 attemptare
1627 4777 1873 4857 presumpserit,
1898 4777 2004 4856 indig-

326 4863 489 4923 nationem
515 4863 752 4941 omnipotentis
775 4862 827 4923 dei
854 4872 886 4925 et
910 4863 1081 4925 beatorum
1106 4863 1192 4926 Petri
1216 4873 1248 4926 et
1269 4865 1366 4939 Pauli,
1400 4865 1624 4946 apostolorum
1650 4867 1728 4941 eius,
1759 4865 1904 4927 incurrat
1928 4872 2004 4926 eta

324 4951 542 5012 sacratissimo
566 4969 765 5030 corporeae
789 4954 945 5032 sanguine
970 4954 1022 5014 dei
1048 4962 1079 5014 et
1103 4953 1236 5030 domini,
1260 4955 1478 5035 redemptoris
1502 4956 1604 5016 nostri
1628 4953 1700 5016 Iesu
1725 4953 1854 5029 Christi,
1878 4954 2004 5015 alienus

326 5039 399 5113 fiat,
431 5048 532 5118 atque
562 5038 591 5099 in
624 5048 772 5102 extremo
804 5041 969 5114 examine,
999 5043 1059 5102 nisi
1092 5051 1217 5103 reatum
1246 5062 1338 5104 suum
1371 5045 1534 5125 condigna
1557 5043 1781 5105 satisfactione
1813 5045 2005 5115 correxerit,

326 5129 473 5191 districte
506 5128 618 5189 ultioni
645 5129 822 5191 subiaceat.
869 5129 1106 5192 Conservantes
1141 5150 1219 5192 vero
1250 5132 1354 5211 ipsam
1388 5133 1559 5194 beatorum
1591 5133 1818 5213 apostolorum
1852 5131 1941 5194 Petri
1971 5140 2005 5192 et

326 5216 414 5280 Pauli
438 5238 476 5280 ac
499 5225 642 5278 nostram
667 5217 934 5282 benedictionem
957 5227 992 5280 et
1014 5221 1151 5300 gratiam
1175 5229 1423 5298 consequantur.
1446 5220 1714 5284 Amen.·Amen.
1746 5221 1867 5283 Amen.

539 5305 593 5385 (R)
617 5307 689 5388 Ego
713 5307 906 5370 Anastasius
929 5306 1089 5390 catholice
1114 5307 1250 5386 ecclesie
1274 5309 1447 5392 episcopus
1471 5332 1512 5372 ss.
1536 5309 1598 5390 (M)

538 5394 558 5473 †
581 5396 653 5477 Ego
677 5395 816 5458 Ymarus
839 5395 1041 5458 Tusculanus
1064 5399 1239 5478 episcopus
1263 5418 1303 5461 ss

539 5480 559 5565 †
582 5484 655 5566 Ego
680 5483 818 5547 Cencius
841 5487 1030 5548 Portuensis
1054 5486 1231 5566 episcopus
1254 5506 1295 5548 ss.

490 5687 513 5739 1)
534 5675 662 5736 Montium,
683 5677 796 5726 hilarione
815 5679 856 5727 del
870 5695 928 5729 rnrrr.
947 5679 974 5727 dr'
991 5680 1082 5726 arram.
1157 5681 1182 5744 2)
1209 5679 1285 5743 Vrrgl.
1304 5683 1365 5728 Astu
1387 5681 1403 5728 Ι
1412 5689 1439 5743 p.
1459 5685 1518 5732 463.
