4126 6356
309 335 368 386 122

304 528 444 588 cumque
474 509 562 573 bona
593 510 680 572 idem
705 513 937 573 monasterium
968 511 1000 572 in
1031 509 1265 590 presentiarum
1296 509 1378 569 iuste
1402 515 1435 569 et
1467 506 1622 569 canonice
1654 503 1816 587 possidet,
1847 513 1905 566 aut
1936 507 1971 566 iu

304 598 445 661 futurum
469 599 678 661 concessione
701 598 900 680 pontificum,
924 599 1094 680 largitione
1117 617 1230 678 regum
1253 597 1304 659 vel
1328 596 1524 678 principum,
1549 595 1715 658 oblatione
1743 593 1890 655 fidelium
1914 614 1971 656 seu

304 687 372 749 aliis
395 687 485 749 iustis
510 689 614 749 modis
637 689 700 749 deo
731 689 873 769 propitio
906 689 1027 768 poterit
1047 687 1190 768 adipisci,
1217 685 1310 747 firma
1333 686 1428 747 vobis
1451 685 1631 765 vestrisque
1660 682 1909 745 successoribus
1938 692 1972 746 et

304 775 427 838 illibata
439 785 658 858 permaneant.
688 777 723 838 In
737 777 855 857 quibus
867 775 928 839 hec
939 777 1077 858 propriis
1097 774 1124 860 a)
1140 776 1292 838 duximus
1305 775 1519 855 exprimenda
1531 772 1697 836 vocabulis
1716 769 1760 855 b):
1774 771 1971 847 oblationes,

304 865 446 928 decimas
477 875 510 927 et
541 865 696 947 primitias
724 866 766 927 de
798 866 948 928 omnibus
978 867 1091 928 vestris
1114 868 1183 927 sive
1214 865 1256 926 de
1288 862 1538 946 preceptalibus‚
1571 861 1850 944 quemadmodum
1883 861 1971 923 idern

304 955 535 1016 monasterium
569 974 623 1016 eas
653 953 807 1016 hactenus
838 955 1026 1036 possedisse
1058 955 1275 1035 dignoscitur,
1313 953 1444 1034 plebem
1477 955 1580 1014 sancti
1610 951 1796 1024 Benedicti,
1836 951 1971 1030 plebem

304 1051 414 1104 sancte
438 1043 541 1104 Marie
572 1045 655 1105 inter
678 1042 824 1117 Fossata,
855 1043 987 1125 plebem
1010 1053 1121 1106 sancte
1145 1044 1248 1105 Marie
1275 1043 1317 1104 de
1340 1041 1484 1115 Lamula,
1517 1041 1649 1122 plebem
1681 1039 1782 1101 sancti
1806 1039 1906 1101 Blasii
1929 1039 1973 1101 de

303 1131 421 1206 Rocca,
453 1132 684 1194 monasterium
715 1133 758 1194 de
782 1131 946 1206 Ceras010,
971 1133 1141 1194 ecclesiam
1165 1129 1267 1193 sancti
1289 1130 1416 1193 Nicolai
1440 1131 1483 1191 de
1508 1129 1718 1200 Archidosso,
1743 1137 1776 1190 et
1801 1128 1972 1190 ecclesiam

303 1222 404 1282 sancti
428 1220 598 1282 Fortunati
622 1222 664 1282 de
688 1219 840 1283 Corneto.
886 1219 1051 1302 Quicquid
1073 1220 1202 1283 habetis
1226 1223 1256 1281 in
1282 1219 1421 1282 ecclesia
1443 1220 1545 1282 sancti
1566 1219 1734 1286 Pancratii,
1758 1225 1792 1279 et
1815 1216 1973 1279 ecclesias

302 1317 413 1371 sancte
428 1309 590 1372 Restitute
606 1318 639 1370 et
662 1312 764 1371 sancti
780 1307 899 1385 Samni,
923 1312 1132 1372 medietatem
1149 1310 1243 1372 castri
1258 1309 1467 1383 Radecolani,
1491 1317 1524 1370 et
1539 1327 1672 1370 censum
1689 1327 1747 1370 sex
1765 1306 1972 1369 marcharum

304 1419 363 1480 pro
388 1397 449 1460 alia
473 1399 657 1472 medietate,
682 1419 762 1480 quas
786 1419 805 1460 a
819 1399 969 1462 Romana
985 1399 1121 1462 ecclesia
1137 1398 1268 1479 singulis
1284 1400 1375 1459 annis
1391 1399 1519 1459 debetis
1536 1399 1715 1478 percipere.
1755 1394 1974 1458 Prohibemus

304 1489 411 1561 etiam,
443 1497 479 1549 ut
501 1487 576 1548 nulli
608 1487 718 1549 abbati
749 1507 809 1550 nec
835 1488 931 1551 alicui
953 1489 1086 1552 omnino
1116 1487 1285 1550 hominum
1311 1487 1415 1560 liceat,
1448 1487 1660 1548 medietatem
1692 1485 1840 1547 eiusdem
1865 1486 1973 1560 castri,

304 1595 403 1656 quam
426 1576 467 1638 ad
492 1595 605 1638 manus
620 1584 743 1638 vestras
760 1578 912 1650 retinetis,
936 1577 1061 1657 absque
1077 1576 1216 1639 Romani
1233 1575 1396 1657 pontificis
1412 1574 1540 1637 licentia
1557 1574 1690 1636 cuilibet
1705 1576 1792 1648 dare,
1816 1575 1973 1648 vendere,

304 1664 424 1739 locare,
457 1673 658 1727 commutare
688 1684 745 1727 seu
777 1666 957 1745 quamlibet
987 1667 1107 1729 exinde
1138 1667 1381 1728 concessionem
1415 1664 1531 1727 facere.
1578 1663 1701 1727 Crisma
1731 1681 1827 1738 ver0,
1859 1663 1972 1724 oleum

303 1761 460 1828 sanctum,
477 1755 736 1816 consecrationes
752 1755 901 1817 altarium
917 1775 974 1818 seu
991 1754 1206 1828 basilicarum,
1223 1755 1445 1816 ordinationes
1458 1752 1691 1816 monachorum
1705 1751 1756 1815 vel
1767 1750 1973 1826 clericorum,

304 1844 359 1921 qui
382 1844 424 1904 ad
447 1863 557 1904 sacros
587 1843 715 1904 ordines
747 1843 865 1906 fuerint
888 1844 1112 1926 promovendi,
1144 1843 1362 1906 adiocesano
1395 1844 1579 1923 suscipiatis
1608 1843 1775 1922 episcopo,
1806 1841 1973 1920 siquidem

304 1930 481 1994 catholicus
504 1931 598 1993 fuerit
622 1939 655 1993 et
677 1933 811 2012 gratiam
836 1941 934 2014 atque
957 1935 1221 1996 communionem
1245 1933 1332 1996 sedis
1356 1931 1538 2014 apostolice
1566 1930 1716 1994 habuerit
1746 1940 1779 1992 et
1802 1949 1842 1992 ea
1872 1931 1974 2010 gratis

303 2027 337 2082 et
358 2021 483 2100 absque
506 2021 614 2101 aliqua
638 2023 797 2103 pravitate
819 2023 914 2085 vobis
937 2021 1076 2084 voluerit
1105 2021 1272 2084 exhibere.
1319 2021 1478 2100 Alioquin
1508 2020 1605 2083 liceat
1627 2020 1730 2094 vobis,
1762 2017 1973 2092 catholicum,

303 2127 544 2189 quemcumque
567 2108 749 2184 malueritis
780 2113 870 2173 adire
901 2113 1087 2186 antistitem,
1117 2111 1171 2190 qui
1201 2112 1349 2172 nimirum
1381 2119 1493 2172 nostra
1524 2109 1621 2171 fultus
1645 2109 1847 2183 auctoritate,
1880 2109 1973 2189 quod

304 2197 493 2280 postulatur,
515 2198 689 2279 indulgeat.
735 2199 791 2262 Ad
826 2199 995 2280 exemplar
1025 2219 1158 2281 quoque
1181 2201 1423 2281 predecessoris
1447 2199 1557 2274 nostri,
1586 2198 1707 2260 Leonis
1730 2216 1817 2280 pape
1842 2199 1974 2274 V1111¹),

303 2287 472 2350 cuiuslibet
516 2287 652 2350 ecclesie
689 2289 894 2351 sacerdotem
932 2291 965 2351 in
1003 2288 1131 2370 prelato
1169 2290 1367 2350 monasterio
1406 2287 1586 2367 quamlibet
1623 2287 1881 2349 iurisdictionem
1920 2285 1975 2347 vel

303 2385 501 2458 potestatem
530 2396 586 2439 seu
614 2379 841 2439 auctoritatem
865 2388 974 2460 preter
997 2379 1085 2440 sedis
1109 2377 1290 2460 apostolice
1314 2376 1502 2458 pontificem
1525 2375 1647 2438 habere
1670 2374 1894 2456 prohibemuS,
1917 2376 1974 2446 ita,

303 2473 339 2526 ut
361 2467 419 2529 nisi
443 2465 485 2527 ab
510 2465 628 2528 abbate
651 2467 796 2528 eiusdem
821 2468 1005 2529 monasterii
1029 2467 1122 2530 fuerit
1144 2467 1304 2540 invitatus
1335 2469 1505 2528 missarum
1537 2466 1660 2528 ibidem
1687 2463 1859 2527 sollemnia
1882 2463 1974 2526 nullo

304 2556 405 2616 modo
436 2553 602 2616 celebrare
633 2564 813 2636 presumat,
844 2565 893 2618 set
924 2557 1010 2618 idem
1043 2557 1273 2618 monasterium
1298 2556 1359 2617 sub
1384 2555 1583 2636 proprietate
1613 2563 1647 2616 et
1677 2553 1824 2616 dominio
1856 2572 1895 2614 ac
1925 2554 1974 2615 di·

303 2644 483 2725 spositione
514 2653 626 2705 sancte
654 2643 804 2706 Romane
834 2644 969 2707 ecclesie
1000 2645 1134 2707 liberum
1163 2647 1374 2726 quietumque
1411 2646 1574 2706 consistat
1621 2642 1841 2706 Concedimus
1871 2643 1973 2704 etiarn

302 2733 397 2794 vobis
421 2731 573 2814 placitum
598 2735 744 2795 omnium
769 2733 961 2795 clericorum
984 2743 1162 2797 vestrarum
1195 2735 1414 2796 ecclesiarum.
1461 2733 1645 2807 Addentes,
1674 2741 1709 2793 ut
1739 2730 1874 2793 clericos
1905 2732 1975 2792 sive

303 2819 403 2884 laicos
433 2821 569 2896 liberos,
610 2821 797 2884 seculariter
828 2825 990 2899 viventes,
1030 2824 1071 2884 ad
1102 2825 1348 2884 conversionem
1384 2822 1582 2902 suscipiendi
1615 2820 1804 2884 facultatem
1836 2819 1974 2882 liberam

303 2908 460 2972 habeatis,
482 2908 607 2972 Verum
621 2910 774 2989 quoniam
791 2913 924 2974 devotio
947 2921 1012 2986 tua,
1035 2911 1153 2974 dilecte
1168 2914 1201 2974 in
1219 2912 1352 2974 domino
1376 2910 1427 2985 fili,
1450 2910 1577 2973 Raineri
1595 2910 1705 2984 abbas
1730 2909 1814 2971 circa
1832 2919 1975 2970 matrem

303 3006 402 3074 tuam,
425 3007 568 3061 sanctam
584 2999 766 3061 Romanam
790 3001 968 3074 ecclesiam,
985 3003 1126 3063 maxime
1148 3001 1351 3081 temporibus
1374 3003 1492 3062 nostris
1508 3001 1667 3082 apparuit,
1690 3019 1865 3082 personam
1882 3007 1975 3060 tuam

304 3096 337 3149 et
360 3108 418 3170 per
440 3088 504 3150 hoc
527 3088 733 3150 commissam
758 3089 814 3151 tibi
838 3089 1009 3152 ecclesiam
1032 3092 1065 3151 in
1090 3091 1324 3171 presentiarum
1349 3089 1496 3169 cupimus
1519 3089 1689 3164 honorare,
1721 3095 1753 3150 et
1777 3087 1973 3168 dignitatem

304 3179 411 3250 mitre,
434 3175 517 3239 anuli
541 3186 574 3238 et
596 3176 703 3239 baculi
726 3185 825 3259 atque
848 3179 1028 3241 sandalium
1052 3179 1111 3242 tibi
1135 3188 1168 3241 et
1192 3199 1250 3260 per
1273 3187 1306 3241 te
1329 3178 1390 3240 tuis
1412 3179 1653 3241 successoribus
1676 3176 1860 3259 apostolice
1883 3177 1976 3238 sedis

303 3265 504 3346 benignitate
527 3265 682 3346 largimur
706 3274 738 3328 et
761 3269 920 3348 presentis
943 3269 1051 3349 scripti
1082 3271 1201 3350 pagina
1225 3267 1464 3330 confirmamus
1511 3265 1708 3342 Statuentes,
1741 3275 1776 3328 ut
1805 3273 1873 3327 tam
1908 3265 1975 3337 tibi,

303 3374 401 3436 quam
433 3355 495 3416 tuis
529 3354 769 3417 successoribus
792 3357 913 3418 amodo
944 3355 1063 3419 licitum
1093 3358 1145 3431 sit,
1177 3355 1271 3419 huius
1294 3357 1462 3437 dignitatis
1486 3357 1615 3418 deferre
1637 3357 1773 3436 insignia
1805 3363 1839 3416 et
1869 3355 1919 3416 eis
1941 3353 1975 3415 in

303 3443 418 3506 divinis
442 3441 557 3505 officiis
580 3443 737 3506 decorari.
777 3443 931 3508 Obeunte
945 3465 1023 3507 vero
1042 3453 1084 3521 te,
1109 3465 1193 3508 nunc
1209 3446 1355 3508 eiusdem
1374 3444 1437 3507 loci
1453 3445 1582 3518 abbate,
1606 3445 1657 3508 vel
1673 3454 1803 3507 tuorum
1820 3443 1976 3523 quolibet

301 3550 534 3604 successorum,
562 3530 666 3593 nullus
680 3531 724 3593 ibi
741 3533 888 3611 qualibet
907 3533 934 3620 c)
948 3537 1160 3616 surreptionis
1182 3535 1298 3596 astutia
1320 3533 1372 3597 vel
1394 3533 1546 3597 violentia
1570 3541 1776 3616 preponatur,
1800 3541 1851 3594 set
1874 3532 1976 3595 liceat

303 3622 414 3694 vobis,
444 3622 610 3684 communi
642 3620 778 3683 consilio
811 3623 864 3684 vel
893 3623 975 3705 parti
1005 3624 1132 3686 consilii
1164 3624 1307 3698 sanioris,
1336 3624 1518 3686 secundum
1549 3624 1602 3685 dei
1633 3626 1785 3685 timorem
1819 3631 1853 3684 et
1882 3621 1975 3683 beati

302 3710 470 3773 Benedicti
494 3709 639 3790 regulam
663 3709 788 3789 absque
811 3712 902 3774 ullius
925 3713 1181 3775 contradictione
1212 3713 1367 3775 abbatem
1392 3713 1520 3793 eligere.
1567 3713 1783 3775 Decernimus
1813 3731 1905 3792 ergo,
1937 3719 1975 3772 ut

303 3798 378 3862 nulli
401 3800 534 3861 omnino
556 3796 725 3861 hominurn
742 3799 844 3876 liceat,
869 3802 956 3864 idern
973 3805 1204 3864 monasterium
1225 3813 1349 3864 temere
1368 3802 1560 3883 perturbare
1584 3809 1639 3864 aut
1659 3803 1727 3863 eius
1742 3801 1974 3883 possessiones

302 3888 428 3952 auferre
450 3887 502 3950 vel
524 3886 649 3950 ablatas
673 3888 816 3964 retinere,
844 3891 989 3953 minuere
1017 3911 1075 3953 seu
1105 3890 1303 3971 quibuslibet
1332 3891 1561 3954 vexationibus
1591 3891 1736 3971 fatigare.
1783 3885 1974 3968 Nullusque

303 3979 380 4052 dux,
410 3975 561 4052 marchi0,
591 3995 711 4052 comes
739 3978 929 4054 vicecomes
961 3979 1108 4042 castaldo
1132 3981 1183 4043 vel
1207 3979 1269 4043 alia
1292 3981 1439 4059 quamvis
1472 3999 1589 4060 magna
1611 3998 1667 4040 seu
1699 3999 1798 4060 parva
1821 3997 1976 4060 persona,

301 4066 401 4129 ullum
431 4066 612 4128 districtum
643 4067 674 4127 in
705 4065 868 4148 aliquibus
896 4068 975 4131 locis
998 4068 1098 4151 ipsius
1122 4071 1309 4132 monasterii
1337 4067 1458 4131 habere
1489 4070 1540 4130 vel
1569 4068 1713 4130 iudicare
1742 4086 1801 4129 seu
1834 4066 1975 4146 aliquod

302 4155 453 4238 placitum
476 4163 590 4217 tenere
612 4156 739 4231 audeat,
762 4157 822 4219 nisi
846 4157 888 4219 ab
912 4157 1011 4239 ipsius
1035 4159 1162 4221 cenobii
1185 4158 1306 4221 abbate
1322 4157 1416 4221 fuerit
1431 4160 1594 4220 invitatus.
1634 4155 1700 4219 Sed
1718 4156 1826 4218 omnia
1843 4158 1974 4237 integra

303 4252 533 4307 conserventur
555 4263 676 4318 eorum,
706 4265 767 4326 pro
790 4266 928 4327 quorum
952 4245 1189 4327 gubernatione
1220 4268 1258 4310 ac
1286 4248 1520 4309 sustentatione
1550 4266 1705 4309 concessa
1735 4255 1826 4320 sunt,
1858 4245 1974 4307 usibus

301 4333 499 4396 omnimodis
522 4333 707 4415 profutura,
739 4333 827 4397 salva
858 4336 890 4397 in
920 4336 1073 4399 omnibus
1096 4336 1277 4418 apostolice
1300 4336 1386 4398 sedis
1414 4335 1614 4398 auctoritate.
1660 4333 1717 4397 Ad
1740 4333 1835 4396 huius
1858 4335 1975 4414 itaque

301 4423 510 4505 proprietatis
532 4431 565 4483 et
595 4421 749 4485 libertatis
780 4423 934 4487 indicium
966 4425 1049 4487 duos
1079 4424 1237 4488 bizantios
1260 4445 1375 4488 aureos
1399 4425 1492 4488 nobis
1516 4427 1700 4504 nostrisque
1725 4422 1975 4486 successoribus

301 4511 480 4574 annualiter
500 4510 700 4592 persolvetis.
746 4510 780 4575 Si
805 4534 869 4594 qua
894 4515 989 4594 igitur
1012 4516 1043 4576 in
1067 4514 1208 4578 futurum
1233 4515 1452 4578 ecclesiastica
1475 4513 1669 4577 secularisve
1701 4533 1873 4595 persona.
1902 4559 1909 4574 .
1934 4559 1941 4573 .
1968 4560 1976 4574 .

301 4599 432 4664 Cunctis
456 4608 565 4662 autem
591 4647 598 4660 .
621 4647 627 4661 .
653 4647 659 4661 .
683 4600 856 4664 inveniant.
904 4601 1022 4665 Amen.

513 4688 569 4767 (R)
593 4689 666 4770 Ego
690 4688 883 4753 Anastasius
907 4691 1067 4755 catholice
1090 4693 1227 4756 ecclesie
1251 4691 1424 4775 episcopus
1447 4712 1489 4754 ss

511 4777 533 4857 †
556 4777 629 4858 Ego
652 4776 729 4859 Ugo
753 4778 934 4842 Hostiensis
958 4783 1134 4863 episcopus
1157 4802 1198 4844 ss

511 4903 554 4914 --
577 4868 598 4945 †
621 4865 693 4946 Ego
718 4865 827 4931 Guido
851 4869 1012 4950 presbiter
1035 4870 1203 4934 cardinalis
1226 4871 1272 4932 tit.
1295 4871 1398 4933 sancti
1423 4867 1596 4950 Grisogoni
1619 4890 1662 4932 ss,

512 4955 532 5033 †
554 4956 627 5036 Ego
651 4955 824 5019 Hubaldus
848 4959 1010 5041 presbiter
1033 4960 1204 5022 cardinalis
1228 4961 1274 5022 tit.
1298 4968 1408 5022 sancte
1433 4959 1589 5022 Praxedis
1612 4980 1654 5021 ss.

511 5043 532 5124 †
555 5044 627 5124 Ego
652 5045 843 5108 Manfredus
866 5047 1027 5128 presbiter
1051 5049 1223 5111 cardinalis
1247 5057 1357 5110 sancte
1381 5047 1499 5112 Savine
1522 5069 1562 5110 ss

511 5134 532 5210 †
555 5132 628 5214 Ego
652 5131 825 5196 Aribertus
849 5135 1010 5217 presbiter
1033 5138 1201 5200 cardinalis
1225 5139 1272 5199 tit.
1297 5146 1409 5199 sancte
1432 5138 1606 5201 Anastasie
1630 5157 1670 5199 ss.

511 5221 531 5301 †
554 5221 627 5301 Ego
651 5222 747 5284 lulius
770 5225 931 5306 presbiter
954 5225 1126 5288 cardinalis
1150 5229 1197 5288 tit.
1223 5228 1325 5288 sancti
1351 5227 1497 5289 Marcelli
1520 5246 1561 5288 ss

511 5309 532 5387 †
555 5309 627 5390 Ego
651 5309 750 5373 Wido
775 5314 937 5394 presbiter
959 5315 1129 5377 cardinalis
1153 5317 1197 5377 tit.
1222 5315 1362 5377 Pastoris
1386 5336 1426 5377 ss.

511 5401 532 5477 †
554 5396 627 5478 Ego
650 5399 807 5464 Astaldus
830 5403 991 5484 presbiter
1014 5405 1182 5466 cardinalis
1206 5407 1253 5465 tit.
1276 5413 1387 5465 sancte
1410 5406 1519 5467 Prisce
1542 5425 1584 5466 ss

514 5521 554 5532 —
577 5488 598 5566 i·
621 5487 693 5568 Ego
719 5487 796 5554 Odo
820 5493 977 5554 diaconus
1000 5494 1174 5555 cardinalis
1197 5493 1299 5555 sancti
1322 5494 1453 5575 Georgii
1476 5494 1518 5555 ad
1542 5492 1663 5555 Velum
1687 5513 1822 5556 aureum
1847 5514 1889 5556 ss

457 5683 482 5746 n)
502 5682 603 5746 propria
675 5684 701 5750 b)
721 5684 843 5734 vocabula
915 5691 939 5750 c)
958 5687 1080 5750 qualibus.
1099 5726 1151 5732 -.
1170 5691 1206 5752 ,1)
1229 5687 1288 5736 Uri.
1308 5703 1362 5735 vom
1386 5690 1414 5734 m
1437 5687 1497 5750 Julr'
1517 5687 1589 5735 1050.
