4126 6366
322 345 387 413 374

318 513 467 603 ἑρεειιιιιι
469 541 504 584 er
526 521 688 603 pertinere
711 521 930 596 dinoscitur,
923 542 955 584 m
980 541 1045 602 qua
1069 521 1180 584 divino
1204 521 1281 584 estis
1304 520 1467 602 obsequio
1492 519 1679 600 mancipati,
1704 519 1747 581 ad
1770 519 1877 582 instar
1901 519 2004 584 lelieis

318 610 556 674 recordationis
571 610 725 674 Iohannis
742 630 838 714 pape,
861 610 1101 692 predecessoris
1118 611 1229 687 nostri,
1246 610 1307 673 sub
1324 611 1412 674 beati
1429 610 1515 672 Petri
1532 618 1566 672 et
1581 618 1693 671 nostra
1716 609 1928 691 protectione
1951 630 2004 672 su·

319 720 475 782 scrprmus
484 709 517 763 et
527 700 807 782 presentrsscnptr
819 700 990 782 privilegio
1001 719 1250 764 communimus
1270 681 1467 774 Statuehtes,
1484 709 1519 762 ut
1528 717 2004 781 quascumquepossessrones,

319 807 526 869 quecumque
535 789 623 851 bona
632 789 749 853 eadem
758 790 936 852 ecclesiain
947 790 1185 892 presentiarum
1195 791 1277 852 iuste
1286 796 1319 852 et
1328 789 1486 852 canonice
1496 788 1646 870 possidet
1658 787 1754 850 autin
1770 787 1916 850 futurum
1926 809 2006 851 con·

319 879 466 941 cessione
489 878 691 961 pontificum,
723 879 895 961 largitione
918 898 1031 960 regum
1053 879 1107 941 vel
1131 879 1325 961 principum,
1354 878 1524 941 oblatione
1547 877 1692 940 fidelium
1721 897 1779 940 seu
1812 877 1884 940 aliis
1909 877 2005 941 iustis

318 967 434 1043 modis,
457 977 625 1050 prestante
648 969 794 1043 domino,
818 969 940 1050 poterit
963 967 1111 1070 adipisci,
1135 967 1229 1031 firma
1251 968 1347 1031 vobis
1362 968 1544 1048 vestrisque
1565 965 1809 1031 successoribus
1823 974 1859 1030 et
1873 967 2007 1030 illibata

317 1066 539 1138 permaneant
586 1057 622 1120 ln
646 1058 765 1139 quibus
788 1057 849 1121 hec
872 1057 1014 1140 propriis
1039 1057 1191 1121 duximus
1215 1052 1474 1162 exprim[enda]·
1471 1055 1657 1120 vocabulis:
1697 1055 1870 1119 ecclesiam
1893 1057 2005 1120 sancti

318 1145 477 1229 Stephani
502 1147 544 1209 de
559 1147 629 1209 Pila
648 1151 685 1228 ²),
709 1146 881 1210 ecclesiam
911 1156 1024 1210 sancte
1049 1146 1176 1211 Marine
1206 1167 1270 1229 que
1301 1148 1363 1210 sita
1394 1156 1444 1209 est
1467 1147 1500 1208 in
1523 1145 1728 1228 pertinentiis
1744 1142 1901 1230 Raiani(?)
1927 1167 2007 1209 cum

318 1236 505 1310 castellaro,
536 1235 641 1312 silvie,
673 1236 766 1300 terris
797 1244 830 1300 et
861 1237 976 1300 ceteris
999 1237 1205 1318 pertinentiis
1228 1237 1310 1313 suis,
1343 1237 1424 1299 duas
1447 1235 1554 1318 petias
1587 1244 1671 1298 terre
1695 1254 1777 1316 quas
1800 1234 1938 1299 habetis
1963 1237 2007 1298 ad

318 1326 456 1406 criptam
480 1325 647 1402 Rubeam,
680 1333 746 1389 tres
769 1326 875 1408 petias
897 1326 993 1388 vinee
1024 1326 1057 1388 in
1082 1324 1241 1400 Pelaiolo,
1274 1345 1335 1388 sex
1367 1326 1473 1408 petias
1495 1326 1663 1388 vinearum
1694 1324 1727 1386 in
1759 1325 1861 1406 pratis
1891 1327 2007 1388 sancti

317 1414 483 1477 Valentini
500 1434 574 1476 cum
594 1414 788 1491 introitibus,
815 1415 967 1490 exitibus,
991 1414 1186 1479 utilitatibus
1202 1425 1235 1478 et
1251 1415 1404 1479 omnibus
1420 1414 1624 1497 pertinentiis
1640 1414 1716 1477 suis.
1754 1413 1811 1476 Ad
1827 1415 2009 1497 exemplar

318 1523 451 1586 quoque
474 1504 613 1586 predicti
638 1505 853 1569 antecessoris
876 1505 978 1568 nostri
1002 1504 1138 1587 dignum
1162 1499 1384 1590 reputalmuls,
1409 1515 1444 1568 ut
1467 1514 1581 1566 sancto
1597 1503 1719 1566 martiri
1736 1503 1898 1585 Triphoni
1927 1524 2007 1568 cum

317 1612 446 1655 summa
476 1593 651 1657 devotione
683 1595 877 1658 famulemur
906 1601 941 1656 et
971 1594 1125 1672 ecclesia,
1160 1615 1224 1676 que
1253 1594 1314 1657 sub
1347 1595 1416 1657 eius
1447 1594 1581 1657 nomine
1612 1593 1832 1674 omnipotenti
1857 1593 1928 1656 deo
1955 1604 2008 1657 est

317 1682 489 1758 attitulata,
513 1701 533 1744 a
555 1683 652 1746 nobis
674 1694 708 1746 et
731 1705 750 1746 a
773 1683 892 1747 nostris
915 1683 1157 1747 successoribus
1181 1684 1329 1747 debitum
1352 1681 1513 1746 honorem
1537 1683 1673 1764 recipiat
1696 1691 1795 1764 atque
1819 1683 1852 1745 in
1872 1683 2008 1746 indicta

316 1770 379 1834 sibi
403 1771 614 1852 processione
636 1774 688 1836 vel
711 1773 853 1836 statione
877 1773 979 1836 nostri
1003 1773 1085 1835 sacri
1109 1774 1222 1854 palatii
1254 1774 1345 1836 scola
1377 1783 1548 1836 cantorum
1581 1772 1764 1834 conveniat.
1810 1771 1884 1853 lpse
1911 1775 2007 1835 enim

317 1860 624 1941 precellentissimus
655 1863 767 1926 martir
797 1861 918 1925 obtulit
950 1881 1035 1943 opus
1064 1882 1158 1924 suum
1189 1871 1327 1945 propter
1355 1862 1455 1925 deum
1486 1862 1529 1924 ad
1559 1861 1688 1924 diversa
1716 1861 1886 1942 supplicia,
1924 1863 2005 1926 ideo

317 1950 498 2031 promeruit
528 1970 684 2015 coronam
712 1951 841 2014 celestis
865 1951 964 2033 regni.
1010 1950 1226 2015 Decernimus
1257 1971 1353 2034 ergo,
1386 1962 1422 2014 ut
1452 1951 1531 2014 nulli
1562 1950 1698 2013 omnino
1729 1950 1901 2013 hominum
1930 2000 1938 2014 .
1966 2000 2005 2014 ..

317 2039 428 2101 omnia
451 2039 577 2122 integra
599 2050 633 2105 et
661 2040 787 2104 illibata
815 2051 983 2104 serventur
1006 2060 1128 2116 eorum,
1158 2061 1218 2123 pro
1252 2061 1391 2123 quorum
1413 2041 1653 2123 gubernatione
1676 2060 1715 2103 ac
1736 2042 2005 2105 sunstentatione

316 2149 474 2192 concessa
503 2141 586 2205 sunt,
619 2131 731 2194 usibus
761 2130 962 2193 omnimodis
992 2131 1163 2212 profutura
1190 2130 1280 2194 salva
1302 2131 1390 2194 sedis
1413 2128 1597 2213 apostolice
1620 2131 1823 2193 auctoritate.
1870 2129 1909 2194 Si
1937 2151 2005 2212 qua

316 2217 444 2300 igitur.
470 2266 477 2282 .
502 2265 508 2280 .
535 2219 667 2284 Cunctis
690 2226 800 2283 autem
823 2267 830 2281 .
857 2269 863 2283 .
889 2269 894 2282 .
919 2219 1095 2282 inveniant.
1139 2220 1260 2282 Amen.
1284 2220 1374 2282 Α-ιιι.
1398 2218 1518 2283 Amen.
1545 2253 1585 2264 -

529 2305 585 2396 (R)
607 2311 681 2392 Ego
706 2309 858 2373 Clemens
881 2308 1043 2372 catholice
1066 2309 1203 2372 ecclesie
1227 2309 1403 2392 episcopus
1426 2331 1468 2373 ss.
1490 2304 1553 2391 (Μ)

530 2398 550 2481 †
573 2401 647 2482 Ego
671 2398 812 2462 Albinus
836 2396 1037 2462 Albanensis
1061 2399 1237 2481 episcopus
1260 2420 1301 2462 ss.

529 2486 550 2570 †
573 2487 646 2571 Ego
669 2489 767 2552 Bobo
790 2488 977 2551 Portuensis
1000 2496 1034 2550 et
1055 2497 1169 2552 sancte
1191 2487 1310 2551 Rufine
1333 2489 1511 2591 episcopus
1533 2508 1575 2550 ss.

529 2576 549 2660 †
572 2578 645 2661 Ego
670 2579 870 2642 Octavianus
893 2577 1079 2642 Hostiensis
1102 2587 1136 2641 et
1157 2576 1370 2642 Velletrensis
1393 2578 1570 2660 episcopus
1593 2597 1634 2640 ss.
1657 2571 1704 2659 (5)

529 2666 712 2750 -†Ego
734 2665 906 2730 Laborans
934 2667 1096 2749 presbiter
1118 2667 1346 2731 cardinalisS.
1371 2665 1472 2730 Marie
1493 2665 1713 2731 transtiberim
1737 2664 1786 2727 ιιι
1811 2659 1879 2725 Cal
1860 2661 1936 2725 hxti
1960 2683 2002 2726 ss

528 2755 549 2839 †
572 2758 646 2839 Ego
669 2755 847 2820 Pandulsus
868 2756 1004 2820 basilice
1026 2769 1076 2818 ΧΗ
1099 2754 1341 2839 Apostolorum
1364 2756 1527 2838 presbiter
1549 2755 1721 2819 cardinalis
1743 2775 1785 2816 ss.

482 2869 485 2876 ·
529 2844 549 2931 †
572 2846 646 2929 Ego
669 2845 826 2909 Iordanus
850 2844 1013 2926 presbiter
1035 2846 1208 2909 cardinalis
1230 2856 1343 2910 sancte
1366 2845 1569 2909 Pudentiane
1591 2847 1642 2908 tit.
1666 2842 1811 2907 Pastoris
1834 2861 1876 2904 ss.

528 2933 645 3020 †Ego
683 2935 846 2999 Iohannes
883 2934 931 2997 tit.
962 2936 1063 2999 sancti
1096 2934 1274 2999 Clementis
1306 2935 1477 2999 cardinalis
1511 2932 1541 3019 b)
1561 2942 1595 2998 et
1613 2931 1642 3020 b)
1673 2931 1894 2996 Tuscanensis
1930 2932 1999 3014 epi-

741 3044 862 3105 scopus
878 3044 919 3086 ss.
948 3043 970 3101 4

526 3148 570 3159 -
594 3109 613 3194 †
637 3114 711 3193 Ego
733 3109 898 3199 Iac(intus)
922 3019 1058 3199 [iahcte]
1083 3113 1186 3176 Marie
1210 3114 1242 3176 in
1266 3113 1449 3196 Cosmidyn
1473 3113 1631 3177 diaconus
1654 3111 1829 3174 cardinalis
1851 3131 1894 3174 ss

528 3201 548 3284 †
571 3202 644 3284 Ego
668 3202 842 3266 Gratianus
865 3210 1054 3265 sanctorum
1078 3202 1197 3266 Cosme
1221 3213 1254 3266 et
1276 3205 1430 3266 Damiani
1455 3204 1614 3267 diaconus
1637 3199 1812 3265 cardinalis
1835 3221 1878 3263 ss.

528 3289 548 3373 †
571 3292 645 3373 Ego
668 3291 832 3356 Gerardus
854 3293 958 3354 sancti
982 3291 1121 3354 Adriani
1146 3293 1304 3356 diaconus
1327 3293 1502 3356 cardinalis
1525 3314 1565 3356 ss.
1589 3289 1635 3376 (1)

527 3377 546 3462 †
570 3380 644 3462 Ego
668 3381 836 3445 Soll‘redus
858 3391 971 3444 sancte
995 3382 1097 3444 Marie
1122 3382 1153 3444 in
1175 3381 1241 3444 Via
1265 3383 1330 3444 lata
1354 3383 1512 3446 diaconus
1535 3381 1709 3445 cardinalis
1731 3401 1772 3442 ss.

527 3467 643 3554 †Ego
675 3470 836 3533 Iohannes
868 3470 947 3533 felix
978 3471 1133 3534 diaconus
1163 3471 1335 3534 cardinalis
1370 3473 1474 3535 sancti
1507 3470 1675 3535 Eustachii
1707 3471 1799 3533 iuxta
1830 3467 1996 3549 templum

740 3559 892 3642 Agrippe
915 3581 955 3623 ss.

526 3644 547 3730 †
569 3649 643 3730 Ego
666 3648 851 3712 Bernardus
874 3659 987 3712 sancte
1011 3647 1114 3712 Marie
1137 3669 1223 3712 nove
1246 3649 1405 3713 diaconus
1428 3650 1603 3713 cardinalis
1625 3669 1667 3712 ss
1700 3697 1701 3701 ,

526 3732 546 3817 †
570 3735 643 3820 Ego
667 3737 843 3820 Gregorius
866 3749 980 3801 sancte
1003 3739 1107 3801 Marie
1130 3739 1163 3802 in
1187 3735 1316 3820 Aquiro
1341 3739 1497 3802 diaconus
1521 3739 1696 3803 cardinalis
1719 3758 1761 3800 ss.

472 3824 547 3888 Dat
570 3826 739 3903 Laterani,
771 3847 831 3909 per
861 3848 994 3891 manum
1018 3828 1143 3910 Moysi,
1174 3838 1287 3891 sancte
1311 3829 1459 3892 Romane
1491 3829 1629 3892 ecclesie
1659 3825 1863 3900 subdiaconi,
1885 3827 1994 3888 vicem

313 3915 639 3997 agentiscancellarii.
656 3878 903 3980 vntlduslunii.
920 3917 1259 4000 Indictioneseptima.
1268 3917 1994 3982 AnnoincarnationisdominiceMchxxlx

311 4005 524 4068 Pontificatus
547 4027 625 4069 vero
650 4006 762 4069 domni
788 4006 994 4070 CLEMENHS
1017 4028 1074 4089 pp.
1098 4020 1136 4068 111
1160 4026 1247 4070 anno
1271 4007 1492 4070 secundo.-

475 4118 548 4168 Or.'
537 4135 571 4168 rm
589 4118 701 4168 Archivio
719 4119 747 4168 di
760 4120 827 4169 Stolo
844 4136 874 4169 ιιι
891 4121 961 4170 Rom.

473 4191 543 4254 Perg.
562 4191 622 4252 ital„
642 4191 678 4241 br.
697 4191 784 4251 0,555,
802 4193 864 4257 lang
879 4193 967 4252 0,575,
986 4199 1061 4241 untm
1078 4194 1156 4253 0‚027
1175 4193 1365 4258 mugeschlagen,
1385 4192 1463 4242 durch
1482 4195 1500 4242 2
1518 4192 1613 4242 delrer
1633 4191 1697 4258 ging
1723 4191 1761 4242 die
1778 4191 1887 4252 Scknur,
1905 4193 1995 4240 welche

311 4261 356 4309 mit
372 4261 425 4311 dem
442 4261 568 4326 Bler'u'cgel
581 4263 697 4322 verloren,
715 4263 824 4329 hartwig
840 4263 884 4311 der
899 4263 998 4313 Bullcn.
1035 4264 1066 4313 In
1084 4264 1128 4315 der
1143 4264 1244 4314 Adresse
1258 4264 1328 4329 fehlt
1350 4265 1498 4329 regulariter
1521 4263 1714 4322 substituendis3
1738 4265 1783 4312 das
1801 4275 1830 4313 ιιι
1848 4276 1904 4313 eru
1926 4264 1996 4328 full!

310 4333 395 4391 0,145.
434 4331 509 4382 (leber
524 4333 662 4398 Ringkreus
678 4341 721 4382 etc.
739 4335 817 4384 nichts
834 4334 947 4394 Sitheres,
967 4334 1096 4401 Datimng
1118 4351 1173 4384 uam
1192 4335 1483 4400 Hauptkdrperschrer'ber,
1509 4337 1555 4384 das
1572 4338 1600 4386 M
1629 4352 1678 4386 von
1709 4333 1787 4384 Moses
1813 4335 1890 4385 durior
1917 4337 1993 4384 nach·

305 4410 428 4469 getragm
458 4407 474 4468 †
492 4405 514 4454 Ε
532 4419 580 4454 von
598 4405 727 4454 dmkterer
744 4405 821 4455 Dinte
837 4405 894 4455 und
907 4406 952 4456 ιιιίι
968 4405 1078 4471 spitum
1094 4407 1170 4457 luder
1187 4409 1225 4458 als
1243 4407 1288 4456 das
1309 4407 1408 4473 Uebn'ge
1425 4409 1469 4457 der
1489 4407 1654 4473 Untcrschn'f!
1672 4407 1808 4470 Pandulss.

1054 4689 1122 4766 Νι.
1150 4695 1240 4767 431.

315 4794 459 4858 Clemens
481 4795 548 4860 III
565 4795 717 4881 bestr'z'tigt
736 4796 810 4860 dem
827 4793 958 4860 Kloster
971 4795 1040 4862 San
1056 4798 1226 4862 Benedetto
1249 4799 1296 4863 Po
1311 4799 1371 4880 (D.
1386 4799 1563 4886 Mantoua)
1586 4798 1641 4863 α’ἱι
1667 4795 1913 4882 Vereinbarung
1931 4797 1991 4863 mit

364 4884 438 4948 dem
453 4884 606 4966 Bisclrose
624 4885 865 4950 Garsendonius
879 4907 940 4950 von
956 4887 1096 4951 Mantua
1110 4910 1219 4973 wegen
1236 4887 1474 4953 Besitzthu'mer
1487 4889 1548 4954 der
1563 4888 1655 4953 Insel
1666 4887 1735 4953 San
1751 4888 1930 4952 Benedetto.

871 5047 872 5050 κ
930 5005 1013 5067 1189
1029 5003 1117 5078 Junz'
1129 5007 1184 5068 21.
1217 5003 1367 5068 Lateran.

469 5116 639 5182 CLEMENS
662 5119 847 5202 episcopus,
872 5141 982 5184 servus
1005 5142 1172 5184 servorum
1197 5121 1266 5198 dei,
1298 5121 1426 5184 dilectis
1448 5119 1523 5182 filiis
1569 5115 1793 5207 .A(dalberto)
1817 5121 1933 5184 abbati
1956 5131 1987 5184 et

309 5207 483 5271 conventui
507 5208 612 5271 sancti
634 5209 805 5272 Benedicti
829 5209 861 5272 in
884 5210 1038 5286 Lariono,
1060 5207 1065 5294 Ι
1084 5211 1222 5274 salutem
1247 5217 1280 5274 et
1306 5209 1525 5293 apostolicam
1556 5210 1835 5274 benedictionem.
1882 5211 1986 5286 Pacta,

309 5317 374 5379 que
397 5297 563 5360 mediante
586 5295 804 5362 sollicitudine
828 5308 861 5362 et
882 5299 1037 5363 instantia
1060 5300 1242 5383 legatorum
1266 5300 1448 5382 apostolice
1471 5299 1559 5362 sedis
1583 5300 1666 5362 inter
1689 5293 1865 5386 persolnas
1888 5301 1986 5364 eccle·

308 5388 455 5450 siasticas
493 5387 730 5451 rationabiliter
769 5389 976 5452 intercedunt
1015 5400 1048 5453 et
1085 5391 1204 5453 servari
1228 5391 1382 5454 convenit
1406 5397 1447 5464 et,
1481 5409 1521 5452 ne
1550 5409 1705 5472 processu
1736 5389 1904 5472 temporis
1925 5389 1985 5452 sol·

309 5475 483 5559 lempniter
505 5487 580 5541 acta
602 5477 750 5541 evacuari
774 5479 903 5560 possint
924 5479 977 5542 vel
1006 5480 1038 5542 in
1069 5479 1208 5562 litigium
1238 5479 1400 5555 revocari,
1431 5478 1594 5542 firmanda
1621 5486 1698 5542 sunt
1728 5488 1763 5542 et
1793 5479 1984 5543 auctoritate

307 5565 491 5648 apostolica
506 5567 703 5630 roboranda
741 5568 936 5650 Eapropter,
953 5569 1068 5633 vestris
1084 5569 1362 5651 postulationibus
1377 5577 1568 5643 annuentes,
1592 5577 1799 5632 contractum
1815 5568 1982 5652 pactionis,

309 5697 502 5708 --.—..-...-..

467 5763 492 5826 a)
518 5760 564 5810 Vor
580 5760 602 5810 P
621 5762 706 5812 Ram
777 5763 805 5831 b)
822 5763 874 5828 aus
887 5764 978 5812 Ram.
