4142 6366
320 315 386 364 220

319 485 420 550 sancti
442 481 676 558 Bartholomei,
708 482 797 563 quod
825 482 858 545 in
882 479 1032 544 Pinnensi
1056 477 1227 560 parrochia
1249 479 1344 542 siturn
1379 486 1436 554 est,
1468 479 1601 560 eiusque
1624 478 1783 552 fratribus,
1816 485 1886 540 tam
1916 496 1992 560 pre·

319 575 464 638 sentibus
488 593 585 655 quam
602 571 723 648 futuris,
748 569 938 653 regulariter
953 568 1196 644 substituendis,
1220 569 1256 631 In
1271 590 1362 651 ppm.
1380 604 1419 615 -
1441 567 1446 648 l
1466 570 1559 632 Iustis
1575 568 1802 650 religiosorum
1820 568 1992 630 desideriis

319 665 454 746 dignum
493 671 543 725 est
574 680 634 724 nos
663 659 789 724 facilem
820 659 961 742 prebere
990 677 1198 733 consensum,
1229 666 1264 720 ut
1294 659 1401 721 fidelis
1434 659 1567 721 devotio
1599 656 1737 720 celerem
1770 663 1993 738 consequatur

320 753 479 817 effectum.
529 751 726 832 Eapropter,
748 749 752 836 l
772 749 883 812 dilecti
915 751 947 810 in
970 748 1106 810 domino
1130 746 1204 822 filii,
1235 751 1350 811 vestris
1381 749 1472 810 iustis
1506 746 1780 829 postulationibus
1812 745 1994 808 clementer

318 842 488 906 annuimus
505 846 546 916 et,
572 841 814 922 predecessoris
837 839 948 912 nostri,
970 845 1082 898 sancte
1105 835 1341 900 recordationis
1358 838 1494 917 Eugenii
1511 857 1606 919 pape,
1629 835 1771 918 vestigiis
1794 834 1990 910 inherentes,

320 931 478 1015 prefatam
503 928 682 1002 ecclesiam,
715 931 748 991 iu
772 949 836 1008 qua
859 927 968 988 divino
993 926 1169 1008 mancipati
1193 928 1270 988 estis
1294 927 1464 1006 obsequio,
1496 926 1557 988 sub
1589 927 1678 990 beati
1703 925 1789 988 Petri
1821 933 1856 987 et
1879 933 1994 988 nostra

319 1020 523 1103 protectione
553 1019 746 1100 suscipimus
769 1025 802 1080 et
826 1015 984 1098 presentis
1007 1016 1119 1096 scripti
1143 1015 1313 1096 privilegio
1337 1017 1584 1078 communimus.
1622 1013 1820 1090 Statuentes,
1843 1022 1880 1075 ut
1895 1035 1993 1097 quas-

320 1128 461 1191 cumque
494 1108 735 1190 possessiones,
770 1124 976 1187 quecumque
1005 1103 1095 1166 bona
1124 1104 1210 1166 idern
1246 1107 1479 1167 monasterium
1512 1105 1544 1167 in
1575 1105 1810 1187 presentiarum
1841 1105 1927 1166 iuste
1958 1111 1994 1167 et

320 1199 476 1260 canonice
499 1197 650 1280 possidet
672 1205 728 1259 aut
750 1196 781 1258 in
798 1194 939 1256 futurum
957 1195 1168 1256 concessione
1185 1193 1390 1274 pontificum,¹
1409 1194 1579 1276 largitione
1595 1214 1708 1276 regum
1724 1192 1776 1256 vel
1793 1194 1994 1276 principum,

320 1286 487 1350 oblatione
510 1285 654 1348 fidelium
678 1305 734 1348 seu
758 1285 829 1346 aliis
851 1284 942 1345 iustis
965 1282 1082 1356 modis,
1115 1291 1281 1364 prestante
1304 1283 1448 1356 domino,
1472 1285 1593 1364 poterit
1616 1284 1761 1364 adipisci,
1785 1281 1881 1345 firma
1895 1283 1994 1346 vobis

319 1377 499 1456 vestrisque
522 1376 764 1438 successoribus
788 1381 821 1436 et
846 1372 970 1435 illibata
998 1380 1218 1454 permaneant.
1265 1374 1300 1435 ln
1332 1373 1448 1452 quibus
1481 1371 1542 1434 hec
1574 1374 1716 1454 propriis
1748 1373 1904 1434 duximus
1936 1392 1994 1436 ex·

320 1465 491 1548 primenda
507 1462 688 1527 vocabulis:
713 1461 880 1526 castellum
898 1462 1116 1542 Carpinetum,
1137 1461 1305 1524 castellum
1321 1461 1404 1524 Fara
1419 1482 1493 1524 cum
1509 1461 1711 1543 pertinentiis
1727 1463 1800 1536 suis,
1818 1460 1994 1525 ecclesiam

320 1574 454 1636 quoque
476 1555 578 1615 sancti
601 1553 729 1629 Vitalis,
751 1555 855 1615 sancti
880 1548 1080 1626 Michahelis,
1110 1553 1214 1612 sancti
1237 1550 1398 1626 Iohannis
1421 1559 1532 1614 sancte
1557 1551 1666 1626 Marie,
1698 1553 1799 1612 sancti
1824 1551 1993 1633 Peregrini

320 1664 395 1706 cum
425 1643 626 1725 pertinentiis
658 1643 732 1717 suis,
765 1640 934 1704 ecclesiam
966 1641 1066 1702 sancti
1089 1637 1241 1702 Nicholai
1265 1641 1307 1702 de
1330 1640 1464 1716 Viculo,
1494 1639 1663 1702 ecclesiam
1694 1646 1805 1702 sancte
1829 1639 1936 1703 Marte
1960 1643 1994 1703 in

320 1731 454 1807 Seren0,
486 1731 653 1794 ecclesiam
677 1739 790 1794 sancte
814 1731 917 1792 Marie
944 1737 977 1791 et
999 1731 1103 1792 sancti
1126 1728 1244 1792 Felicis
1277 1737 1311 1791 et
1339 1731 1442 1792 sancti
1466 1729 1617 1792 iohannis
1648 1729 1679 1791 in
1702 1726 1885 1792 Catoniano
1914 1750 1993 1793 cum

321 1823 524 1904 pertinentiis
554 1823 635 1896 suis,
666 1821 836 1883 ecclesiam
868 1819 970 1881 sancti
1002 1816 1211 1892 Christofori,
1242 1828 1353 1881 sancte
1383 1818 1485 1881 Marie
1516 1820 1548 1882 in
1573 1816 1782 1892 Genestrulo,
1814 1819 1993 1882 ecclesiam

319 1913 423 1973 sancti
447 1909 608 1984 Nicholai,
632 1917 743 1973 sancte
760 1910 872 1982 Marie,
895 1915 1009 1970 sancte
1033 1907 1121 1970 Iuste
1144 1908 1187 1970 de
1210 1908 1346 1971 castello
1364 1904 1539 1982 Ocretano,
1563 1907 1735 1970 ecclesiam
1759 1915 1872 1970 sancte
1889 1908 1995 1972 Marie

320 2000 538 2074 Brittulensis,
570 1999 740 2061 ecclesiam
771 1998 873 2060 sancti
896 1997 1061 2059 Laurentii
1093 1997 1135 2059 de
1158 1996 1312 2073 Fabrica,
1348 2000 1452 2060 sancti
1477 1995 1627 2060 iohannis
1659 1999 1691 2059 in
1715 1995 1854 2073 Balneo,
1886 1999 1994 2061 sancti

319 2089 486 2152 Laurentii
517 2087 668 2162 Uulcani,
709 2086 877 2150 ecclesiam
916 2094 1029 2148 sancte
1062 2087 1165 2149 Marie
1195 2087 1227 2148 in
1255 2087 1372 2162 Plano,
1412 2095 1523 2149 sancte
1555 2087 1658 2148 Marie
1688 2086 1719 2148 in
1752 2083 1885 2149 Cellulis
1917 2107 1993 2150 cum

321 2179 523 2260 pertinentiis
547 2197 666 2254 earum,
688 2175 866 2240 Valethum
882 2195 956 2236 curn
973 2177 1173 2256 pertiuentiis
1189 2175 1262 2252 suis,
1286 2174 1453 2238 Fullonaci
1471 2195 1545 2238 cum
1561 2175 1763 2257 pertinentiis
1778 2177 1854 2250 suis,
1879 2183 1995 2252 terras,

321 2288 402 2348 quas
426 2266 551 2329 habetis
575 2263 633 2352 (in)
657 2273 763 2328 castro
781 2264 939 2328 Civitelle.
979 2261 1066 2327 Sane
1090 2265 1214 2337 crisma,
1245 2264 1351 2327 oleum
1368 2273 1525 2338 sanctum,
1550 2266 1814 2328 consecrationes
1839 2264 1995 2328 altarium

320 2377 377 2419 seu
411 2356 633 2430 basilicarum,
666 2356 888 2418 ordinationes
918 2352 1129 2427 clericorum,
1164 2355 1219 2432 qui
1250 2354 1291 2416 ad
1322 2374 1432 2416 sacros
1463 2355 1593 2416 ordines
1622 2354 1739 2416 fuerint
1761 2355 1994 2435 promovendi,

320 2466 340 2508 a
355 2445 533 2508 diocesano
546 2446 728 2526 suscipietis
741 2446 910 2526 episcopo,
921 2442 1083 2523 siquidem
1095 2441 1272 2504 catholicus
1285 2443 1382 2506 fuerit
1392 2453 1425 2506 et
1436 2443 1570 2524 gratiam
1584 2450 1683 2523 atque
1700 2441 1994 2528 com(m)nnionem

320 2534 501 2617 apostolice
532 2534 618 2596 sedis
648 2533 799 2596 habuerit
829 2541 863 2595 et
894 2551 933 2594 ea
963 2533 1061 2613 gratis
1092 2540 1125 2594 et
1153 2532 1279 2611 absque
1312 2528 1485 2617 [pravitate
1507 2532 1558 2595 vel
1590 2529 1829 2614 exactionilbus
1853 2532 1996 2596 voluerit

321 2624 488 2687 exhibere.
534 2623 692 2702 Alioquin
723 2622 818 2685 liceat
847 2621 950 2694 vobis
982 2640 1079 2700 quem
1105 2620 1286 2695 malueritis,
1320 2622 1409 2684 adire
1432 2623 1619 2696 antistitem,
1652 2623 1715 2702 qui,
1747 2630 1860 2684 nostra
1893 2623 1994 2685 fultus

320 2715 523 2784 auctoritate,
552 2712 643 2793 quod
668 2706 882 2797 pos[tulatu]r,
905 2710 1080 2792 indulgeat.
1127 2707 1280 2773 Obeunte
1302 2731 1381 2774 vero
1404 2719 1446 2785 te,
1479 2731 1566 2774 nunc
1597 2711 1740 2774 eiusdem
1763 2712 1828 2774 loci
1861 2711 1995 2786 abbate,

320 2800 372 2863 vel
394 2809 523 2864 tuorum
549 2800 697 2882 quolibet
719 2819 954 2874 successorum,
984 2797 1087 2862 nullus
1110 2799 1154 2861 ibi
1178 2799 1326 2878 qualibet
1356 2800 1577 2884 subreptionis
1608 2803 1727 2863 astutia
1755 2821 1811 2863 seu
1836 2800 1995 2864 violentia

321 2898 536 2972 preponatur,
568 2891 627 2952 nisi
658 2909 755 2968 quem
781 2890 894 2951 fratres
918 2890 1083 2950 communi
1115 2908 1274 2950 consensu
1299 2890 1350 2953 vel
1379 2889 1514 2952 fratrum
1543 2909 1619 2972 pars
1651 2889 1775 2953 consilii
1805 2892 1948 2953 sanioris
1967 2891 1995 2976 ι)

321 2980 499 3043 secundum
529 2979 581 3041 dei
610 2979 759 3041 timorem
791 2988 824 3040 et
854 2977 942 3040 beati
966 2977 1134 3040 Benedicti
1164 2979 1310 3060 regulam
1342 2980 1541 3060 providerint
1571 2978 1764 3060 eligendum,
1794 3000 1815 3043 a
1837 2979 1994 3043 Romano

321 3089 451 3150 semper
475 3067 631 3150 pontifice
655 3067 921 3131 consecrandum.
967 3064 1173 3148 Sepulturam
1199 3087 1332 3148 quoque
1361 3070 1463 3151 ipsius
1493 3069 1557 3130 loci
1585 3069 1720 3132 liberam
1752 3088 1824 3130 esse
1855 3072 1994 3132 omnino

321 3159 533 3230 decernimus,
556 3166 592 3219 ut
615 3177 726 3220 eorum
751 3156 918 3219 devotioni
942 3163 975 3218 et
999 3165 1146 3219 extreme
1169 3157 1335 3232 voluntati,
1359 3160 1413 3237 qui
1437 3178 1473 3221 se
1495 3157 1559 3220 illic
1581 3159 1711 3241 sepeliri
1731 3157 1994 3235 deliberaverint,

322 3247 381 3310 uisi
404 3247 489 3309 forte
513 3246 789 3309 excommunicati
812 3245 865 3309 vel
889 3246 1050 3308 interdicti
1072 3247 1145 3321 sint,
1168 3245 1273 3309 nullus
1297 3247 1442 3310 obsistat.
1489 3247 1703 3311 Decernimus
1735 3268 1823 3329 ergo,
1856 3257 1895 3310 ut
1917 3249 1995 3311 nulli

321 3339 455 3399 omnino
487 3336 652 3398 hominum
676 3335 780 3410 liceat,
813 3334 975 3416 prefatum
1008 3335 1237 3398 monasterium
1262 3384 1269 3398 .
1296 3337 1498 3399 ...usibus
1530 3339 1726 3401 omnimodis
1745 3337 1774 3422 b)
1810 3337 1994 3419 profutura,

320 3425 410 3488 salva
440 3427 528 3488 sedis
551 3425 732 3506 apostolice
754 3427 947 3488 auctoritate
966 3421 1003 3508 b).
1049 3421 1084 3486 Si
1109 3443 1172 3504 qua
1196 3425 1321 3506 igitur.
1347 3473 1354 3486 .
1377 3474 1383 3487 .
1407 3425 1539 3489 Cunctis
1562 3435 1670 3491 autern
1697 3477 1703 3490 .
1730 3477 1735 3490 .
1761 3476 1767 3491 .
1791 3429 1948 3506 quatinus
1967 3427 1995 3512 c)

322 3515 430 3577 ethic
453 3515 593 3578 fructum
618 3515 705 3577 bone
728 3516 865 3577 actionis
889 3515 1072 3596 percipiant
1105 3521 1138 3576 et
1160 3515 1248 3595 apud
1269 3512 1274 3599 Ι
1295 3514 1477 3577 districtum
1507 3516 1648 3580 iudicem
1668 3519 1694 3598 c)
1725 3517 1852 3599 premia
1882 3525 1995 3582 eterne

321 3607 411 3686 pacis
435 3605 608 3668 inveniant.
654 3603 773 3666 Amen.
797 3602 887 3666 A-m.
911 3601 1031 3665 Arnen.
1054 3638 1098 3648 -—
1637 3672 1638 3675 Ἴ

534 3689 588 3777 (R)
612 3693 684 3774 Ego
708 3692 900 3755 Alexander
923 3691 1080 3753 catholice
1104 3692 1241 3754 ecclesie
1264 3692 1501 3774 episcopusss.
1525 3690 1586 3780 (M)

534 3784 554 3862 †
578 3780 650 3863 Ego
674 3782 844 3845 Hubaldus
868 3781 1051 3843 Hostiensis
1075 3781 1249 3862 episcopus
1273 3802 1313 3844 ss.

533 3871 553 3951 †
576 3873 648 3951 Ego
673 3872 855 3934 Bernardus
878 3871 1065 3934 Portuensis
1088 3878 1122 3931 et
1143 3879 1254 3953 sancte
1277 3871 1392 3956 Rufine
1416 3873 1591 3956 episcopus
1615 3893 1656 3935 ss.

534 3995 579 4004 -
601 3963 621 4038 †
645 3959 717 4041 Ego
741 3963 878 4024 lacintus
902 3961 1058 4022 diaconus
1082 3960 1250 4023 cardinalis
1274 3969 1384 4023 sancte
1409 3959 1512 4025 Marie
1535 3963 1564 4024 in
1591 3961 1772 4042 Cosmidyn
1795 3983 1837 4024 ss.
1862 3959 1910 4050 (2)

534 4050 555 4128 †
578 4051 650 4130 Ego
676 4049 774 4130 Hugo
799 4051 957 4112 diaconus
981 4048 1152 4111 cardinalis
1167 4053 1270 4112 sancti
1288 4050 1476 4113 Heustachii
1499 4053 1589 4114 iuxta
1605 4052 1763 4132 templum
1781 4049 1938 4135 Agrippe
1953 4075 1995 4116 ss.

481 4137 556 4198 Dat.
580 4137 765 4213 Beneventi,
797 4159 855 4220 per
886 4158 1016 4201 manum
1043 4135 1188 4212 Gerardi‚
1220 4148 1332 4202 sancte
1354 4140 1504 4204 Romane
1534 4141 1669 4204 ecclesie
1693 4143 1817 4204 notarii.
1865 4155 1916 4206 vn
1940 4144 1995 4208 Kl.

321 4225 400 4288 Iulii.
448 4225 628 4290 Indictione
661 4230 811 4290 secunda.
862 4227 1094 4291 Incarnationis
1125 4230 1286 4292 dominice
1318 4251 1403 4293 anno
1436 4243 1619 4294 MCvalm.
1671 4229 1883 4294 Pontificatus
1915 4253 1995 4296 vero

323 4315 640 4414 domnipAlexandri
665 4339 720 4400 pp.
745 4333 889 4381 111anno
914 4331 946 4380 x.

485 4428 527 4477 Or.
547 4430 579 4480 E.
605 4430 643 4478 VI
671 4431 725 4490 182,
744 4432 769 4480 r'n
788 4432 831 4481 der
848 4433 907 4480 Br'bl.
931 4433 1047 4497 Chigr'ana
1066 4449 1095 4482 au
1114 4435 1182 4482 Rom.

485 4501 554 4565 Pcrg.
566 4501 625 4560 ital,
645 4503 674 4550 br
694 4505 762 4562 0,53,
782 4505 841 4568 lang
852 4506 938 4563 O,6tl.5,
958 4505 1003 4553 das
1018 4505 1214 4570 tlmgeschlagene
1225 4505 1403 4570 abgesclmr'trm,
1423 4507 1438 4554 2
1452 4505 1586 4554 tacuerim
1601 4505 1746 4571 Pergameni
1760 4505 1874 4568 erhalun,
1895 4506 1996 4556 δάκω

323 4571 379 4619 und
395 4571 448 4620 Bler'
464 4575 578 4621 verlorm.
616 4573 724 4640 Fallung
740 4575 783 4622 drr
800 4576 896 4625 Bullen.
932 4577 980 4625 Dr'e
998 4577 1148 4625 Seitenlr'nien
1171 4577 1249 4625 stelen
1272 4577 1336 4625 links
1354 4578 1440 4636 0,032,
1464 4577 1635 4637 recursuum
1659 4593 1707 4626 von
1729 4577 1774 4626 der
1790 4577 1873 4627 Kerrte
1889 4580 1928 4638 ab,
1957 4581 1994 4628 die

324 4642 418 4708 Sclrrfl
433 4650 488 4691 setzt
511 4645 568 4694 aber
584 4651 631 4693 erst
648 4647 726 4703 0,0:tu
751 4662 798 4694 von
821 4648 864 4696 der
885 4647 965 4696 linken
984 4648 1064 4696 Kante
1087 4649 1125 4696 ein
1148 4648 1203 4696 und
1224 4648 1329 4697 sctriesst
1346 4650 1407 4707 0,Οῆ
1433 4663 1480 4696 von
1504 4649 1548 4698 der
1564 4649 1665 4709 rechten,
1689 4650 1797 4713 begymrt
1819 4665 1867 4698 von
1877 4653 1908 4715 je
1928 4652 1996 4701 efnrr

323 4716 417 4764 rrvdten
441 4715 586 4774 Seitenlr'nie,
610 4733 661 4766 nur
684 4719 710 4765 r'n
733 4718 777 4766 der
798 4727 873 4768 ersten
892 4719 953 4768 Zeile
969 4720 1000 4767 ist
1023 4720 1059 4768 die
1077 4720 1170 4782 Sclnfl
1191 4721 1226 4768 br's
1249 4736 1294 4768 mr
1314 4724 1425 4769 &marren
1442 4721 1513 4769 Linie
1527 4721 1637 4786 gfitlrrt.
1672 4721 1810 4786 Ringkrem
1833 4724 1926 4772 ands
1946 4741 1994 4772 m

324 4786 452 4834 dunklerer
471 4787 545 4835 Dinte
570 4790 608 4836 als
625 4789 669 4837 dar
691 4789 795 4856 Uebrn'ge.
831 4792 956 4856 Datimng
981 4807 1029 4839 uon
1052 4791 1155 4839 andem
1170 4791 1252 4839 Hand
1272 4794 1310 4839 alr
1332 4793 1376 4840 das
1400 4792 1540 4854 Konscrr'pt,
1561 4792 1583 4841 G
1603 4793 1675 4841 datur
1698 4794 1743 4841 mit
1763 4793 1895 4843 dunklem
1918 4797 1994 4844 Dlnte

323 4858 479 4922 eingetragen.
515 4854 551 4926 -Ι-
570 4861 626 4923 Ego
647 4861 754 4910 lacintus
778 4861 897 4912 diaconus
921 4878 968 4910 von
994 4863 1112 4912 schwerer
1133 4862 1268 4912 umctumr
1285 4863 1369 4923 Hand,
1395 4864 1527 4913 cardinalis
1549 4864 1695 4930 Ucbergang,
1719 4866 1763 4914 das
1781 4864 1898 4932 Folgende
1920 4867 1993 4916 schin

312 4929 379 4977 'und
393 4929 449 4978 kfar
462 4931 623 4995 gerchrr'eben:
644 4933 687 4980 der
704 4933 826 4983 Schrciber
836 4935 884 5001 fiel
899 4951 945 4983 aur
962 4935 1006 4982 der
1022 4936 1097 4983 Rolle.

484 5203 508 5244 al
527 5197 560 5245 ris
585 5200 637 5262 auf
648 5200 732 5248 Ramr
819 5199 846 5256 bl
865 5215 911 5248 von
930 5199 1013 5249 modis
1036 5199 1071 5248 bis
1089 5199 1115 5250 Si
1138 5200 1261 5249 thez'lwer'se
1286 5203 1541 5268 rurammmgedrdngt
1563 5205 1614 5267 arcs
1627 5204 1712 5252 Rasur
1728 5218 1775 5251 von
1792 5203 1898 5252 arrderer
1908 5203 1991 5263 Hand,

324 5266 350 5315 r'n
376 5268 515 5330 apostolice
539 5271 684 5319 auctoritate
709 5272 739 5319 r's!
756 5271 792 5319 dr'e
810 5271 995 5337 urssrr'r'vgliche
1013 5271 1108 5334 Schn'ft
1125 5273 1217 5320 benum
1240 5273 1296 5320 und
1315 5289 1365 5321 nur
1381 5273 1555 5340 nachgewgm,
1580 5291 1628 5324 von
1652 5275 1799 5324 auctoritate
1817 5274 1853 5323 br's
1870 5273 1898 5325 si
1913 5275 1994 5340 srcier

324 5340 406 5398 lraum
424 5355 471 5398 vrrr
490 5342 552 5408 0,Οὸ
623 5357 646 5414 c)
666 5358 712 5403 non
731 5344 844 5417 quatinus
861 5344 896 5400 bis
913 5344 955 5400 iud
972 5345 1031 5396 alles
1048 5359 1132 5393 amm
1149 5343 1214 5407 apud
1233 5345 1284 5406 aus
1297 5345 1386 5395 Rasur.
