4142 6366
331 303 396 378 226

325 505 481 587 providus
504 513 538 566 et
561 503 727 580 discretus,
758 509 792 564 et
822 494 919 565 nobis
950 495 994 564 ob
1024 494 1237 566 litteraturam
1269 511 1302 566 et
1334 497 1534 586 probitatem
1567 517 1659 566 suam
1690 519 1782 567 carus
1812 501 1936 586 pariter
1970 507 2006 568 et

326 604 488 675 acceptus,
518 593 647 655 auribus
671 592 790 654 nostris
813 591 999 672 diligentius
1027 591 1195 668 intimavit,
1226 594 1325 674 quod,
1349 614 1422 656 cum
1446 594 1479 656 in
1503 594 1640 656 ecclesia
1662 605 1769 656 vestra
1792 595 2005 676 prebendam

324 684 403 747 satis
426 692 555 745 tenuem
580 692 613 744 et
636 681 798 744 modicam
823 679 952 756 habeat,
976 701 1035 745 vos
1064 682 1102 757 ei,
1136 683 1168 744 in
1199 684 1297 745 scolis
1329 683 1393 745 iam
1424 703 1483 764 per
1513 683 1687 746 triennium
1719 694 1752 746 et
1784 704 1825 750 en
1856 685 2005 767 amplius

325 772 551 846 commoranti,
575 779 703 852 partem
727 770 768 833 de
792 770 986 846 communia,
1012 789 1075 852 que
1098 791 1200 852 parva
1223 772 1348 848 dicitur,
1373 772 1454 834 duas
1476 772 1599 834 scilicet
1622 792 1748 835 marcas
1771 782 1804 836 et
1827 773 2005 836 dimidiam

326 862 368 924 ad
392 863 498 924 minus
529 861 623 923 annis
652 859 787 942 singulis
819 859 1024 922 subtraxistis
1055 880 1115 922 nec
1145 861 1252 942 ipsam
1282 861 1320 934 ei,
1351 863 1461 942 sepius
1491 881 1551 943 per
1580 860 1669 924 illum
1702 870 1736 924 et
1765 863 1891 925 amicos
1921 884 2005 926 suos

325 951 445 1014 exinde
469 951 666 1032 requisitam,
690 949 827 1012 reddere
850 948 1006 1025 voluistis,
1030 949 1107 1012 licet
1128 970 1188 1012 vos
1211 950 1273 1030 ipsi
1297 961 1435 1032 optentu
1460 951 1665 1014 discretionis
1688 961 1721 1013 et
1743 948 1927 1015 honestatis
1942 972 2005 1014 sue

326 1041 367 1103 de
397 1050 506 1104 vestro
540 1039 660 1102 nedum
692 1038 733 1101 de
763 1058 823 1101 suo
854 1038 1025 1113 deberetis,
1058 1039 1201 1101 maxime
1234 1038 1311 1102 dum
1341 1040 1521 1102 scolasticis
1553 1040 1732 1121 disciplinis
1764 1040 1908 1104 intendit
1939 1062 2005 1104 nec

325 1131 463 1192 multum
486 1129 664 1202 habundet,
688 1147 754 1190 non
777 1126 888 1203 semel,
911 1126 969 1189 sed
993 1129 1102 1209 sepius
1124 1128 1299 1192 liberaliter
1322 1130 1505 1192 contulisse.
1551 1129 1650 1194 Unde
1666 1131 1821 1212 quoniam
1846 1131 2005 1194 comodis

325 1229 359 1281 et
392 1219 599 1282 incrementis
630 1218 698 1280 eius
728 1225 822 1279 tanto
853 1218 1047 1298 propensius
1069 1216 1236 1293 volumus,
1267 1218 1351 1281 sicut
1380 1229 1536 1296 tenemur,
1567 1219 1753 1296 intendere,
1784 1231 1912 1298 quanto
1946 1221 2005 1283 ille

325 1307 503 1371 litterarum
532 1307 647 1370 studiis
680 1315 713 1369 et
744 1305 823 1369 alias
855 1304 1018 1368 honestati
1050 1304 1133 1368 ultra
1164 1307 1248 1370 vires
1279 1316 1312 1370 et
1343 1307 1513 1371 facultates
1536 1327 1610 1370 suas
1645 1309 1790 1372 noscitur
1820 1309 2006 1373 ferventius

325 1399 478 1480 aspirare.
516 1395 728 1460 Universitati
744 1405 850 1458 vestre
865 1414 925 1476 per
940 1394 1124 1476 apostolica
1139 1396 1260 1477 scripta
1275 1397 1469 1460 mandamus
1494 1403 1592 1479 atque
1607 1399 1814 1479 precipimus,
1836 1409 2006 1480 quatenus

325 1508 373 1563 ea,
398 1507 461 1569 que
478 1494 659 1549 memorato
675 1481 810 1568 D(avid)
833 1484 875 1546 de
898 1485 1079 1566 prescripta
1101 1485 1296 1562 communia,
1320 1506 1363 1548 ex
1386 1506 1452 1568 quo
1476 1486 1538 1549 hac
1560 1486 1704 1550 secunda
1719 1488 1790 1550 vice
1805 1487 1964 1551 Bononie
1980 1485 2005 1572 ¹)

324 1575 505 1639 scolasticis
528 1574 707 1656 disciplinis
731 1574 878 1648 intendit,
901 1573 1101 1637 subtraxisse
1124 1575 1304 1651 noscimini,
1329 1575 1437 1638 eidem
1459 1576 1512 1638 vel
1534 1576 1587 1638 alii
1612 1577 1746 1638 nomine
1764 1597 1833 1650 suo,
1857 1579 1909 1640 cui
1927 1579 2006 1659 ipse

326 1664 537 1740 mandaverit,
569 1663 658 1727 omni
689 1682 789 1739 mora,
822 1662 1033 1725 excusatione
1063 1669 1096 1725 et
1125 1662 1349 1746 appellatione
1379 1675 1534 1740 cessante,
1558 1664 1702 1729 reddatis
1733 1675 1774 1742 et,
1806 1667 2006 1748 quodcum

326 1755 368 1817 de
391 1764 500 1817 cetero
525 1754 701 1834 continget,
734 1753 796 1834 ipsi
816 1752 869 1814 vel
892 1750 944 1814 alii
969 1752 1102 1815 nomine
1124 1773 1183 1814 suo
1208 1753 1333 1836 absque
1357 1753 1572 1818 diminutione
1595 1753 1730 1818 solvatis
1753 1757 1855 1818 etita
1878 1757 2005 1819 nostris

326 1846 360 1907 in
382 1844 444 1906 hac
466 1853 561 1925 parte
583 1841 745 1905 mandatis
768 1849 867 1923 atque
890 1842 1054 1923 preceptis
1071 1840 1196 1905 deferre
1211 1844 1337 1920 curetis,
1362 1844 1452 1924 quod
1468 1844 1640 1907 adversum
1655 1865 1716 1907 vos
1732 1865 1798 1906 non
1815 1845 2004 1908 debeamus

326 1935 443 1997 merito
476 1932 676 1995 commoveri
704 1951 765 1994 nec
788 1941 924 2014 propter
946 1930 1011 1993 hoc
1034 1931 1293 1995 inobedientiam
1319 1943 1461 1996 vestram
1485 1933 1607 2014 punire,
1638 1935 1747 2015 potins
1771 1933 2004 1997 obedientiam

326 2022 566 2085 commendare.
605 2021 639 2085 Si
664 2021 761 2100 enim,
783 2022 867 2084 sicut
890 2018 1067 2100 aliquando
1091 2022 1312 2097 consuevistis,
1336 2023 1432 2086 nobis
1455 2023 1487 2085 in
1508 2023 1558 2086 his
1574 2023 1835 2104 presumpseritis
1851 2025 2003 2100 obviare,

326 2133 386 2193 pro
411 2123 499 2174 certo
523 2111 641 2187 sciatis,
674 2110 763 2192 quod
787 2130 848 2172 nos
871 2109 905 2172 id
927 2109 1143 2172 incorrectum
1166 2117 1199 2173 et
1222 2111 1417 2192 impunitum
1444 2112 1627 2175 nullatenus
1657 2113 1896 2191 ommittemus,
1923 2134 2003 2176 cum

325 2201 420 2264 vobis
443 2220 504 2284 pro
528 2211 596 2262 tam
619 2199 757 2262 honesta
781 2218 878 2262 causa
901 2207 935 2262 et
957 2219 1017 2280 pro
1040 2199 1109 2261 viro
1133 2207 1202 2261 tam
1225 2200 1345 2264 idoneo
1368 2202 1490 2283 scripta
1513 2210 1624 2264 nostra
1648 2201 1824 2265 mittamus

483 2312 608 2378 Abschn'st
628 2328 683 2362 vom
702 2313 734 2362 13
755 2311 848 2377 Jahrb.
874 2311 914 2360 des
941 2312 998 2361 Cod.
1028 2313 1080 2361 Vat.
1102 2315 1172 2364 6024
1189 2320 1218 2377 p.
1237 2315 1294 2374 152,
1317 2313 1344 2363 in
1368 2316 1411 2365 der
1433 2315 1496 2367 Bibl.
1521 2315 1638 2366 Vaticana
1659 2331 1689 2364 au
1706 2318 1784 2376 Rem,·
1808 2316 1904 2364 darem
1928 2315 2002 2366 Mon.

326 2387 426 2452 Bolagn.
445 2385 541 2435 XLIII
553 2386 600 2436 Nr.
619 2387 643 2445 5,
662 2385 688 2434 in
707 2385 750 2433 der
766 2385 829 2434 Bill.
848 2383 907 2433 dett’
930 2382 1068 2434 Universith
1084 2401 1114 2434 au
1131 2385 1247 2452 Belogrra

1067 2696 1133 2772 Nr.
1164 2700 1251 2772 223.

328 2831 512 2898 Alexander
533 2828 598 2895 III
619 2825 758 2894 schreibt
779 2827 852 2892 dem
880 2827 1032 2909 Br’scleofe
1060 2849 1120 2892 von
1147 2828 1293 2908 andan,
1315 2828 1376 2892 der
1401 2829 1565 2911 Magister
1587 2827 1705 2891 David
1726 2827 1807 2892 habe
1830 2829 1901 2893 sich
1929 2830 2003 2894 ihm

590 2928 737 2984 dusserst
749 2917 885 3001 ergeben
900 2915 1066 2997 bewreserz,
1091 2939 1266 3002 weswegen
1280 2939 1318 2981 er
1331 2917 1498 2982 denselben
1513 2917 1671 3001 empfeltle
1687 2919 1726 3004 2).

1035 3035 1116 3097 1171
1136 3053 1159 3097 c.
1174 3032 1282 3116 April.

486 3155 648 3218 Dominus
671 3172 761 3235 papa
783 3150 941 3233 episcopo
957 3149 1181 3214 Londoniensi
1198 3147 1223 3236 Β)
1246 3158 1323 3232 post
1346 3155 1461 3214 cetera
1507 3149 1551 3213 Et
1575 3151 1730 3232 quoniam
1750 3151 1889 3215 dilectus
1913 3151 2004 3216 filius

328 3254 446 3320 noster,
462 3245 616 3326 magister
630 3238 773 3326 Dtavid),
797 3240 933 3302 ecclesie
949 3249 1003 3303 tue
1019 3241 1202 3315 canonicus,
1226 3240 1275 3302 vir
1290 3240 1402 3321 utique
1425 3239 1578 3316 literatus,
1601 3241 1758 3322 providus
1781 3251 1814 3305 et
1838 3241 2003 3304 discretus

328 3346 361 3397 et
383 3334 442 3397 tibi
466 3334 564 3396 etiam
587 3330 808 3403 fidelissimus,
838 3335 918 3410 aput
941 3349 1001 3391 nos
1023 3349 1084 3410 pro
1108 3329 1242 3411 negotio
1266 3339 1323 3391 tuo
1353 3338 1422 3391 tam
1445 3336 1580 3404 secreto,
1604 3349 1704 3410 quam
1728 3331 1860 3411 publice
1884 3351 2003 3394 coram

328 3422 424 3486 nobis
446 3432 480 3486 et
502 3421 654 3484 fratribus
684 3419 802 3483 nostris
833 3418 971 3481 sollicite
1000 3418 1116 3481 institit
1150 3419 1273 3480 eteius
1304 3419 1489 3481 executioni
1514 3438 1656 3495 omnem,
1691 3439 1790 3500 quam
1813 3420 1933 3501 potuit,
1969 3431 2003 3483 et

328 3515 427 3576 etiam
457 3511 548 3587 ultra,
580 3529 677 3592 quam
710 3508 838 3582 debuit,
870 3507 1013 3570 studium
1044 3517 1077 3570 et
1108 3506 1308 3589 diligentiam
1333 3506 1489 3571 adhibere
1513 3509 1643 3582 curavit,
1679 3508 1883 3590 diligentiam
1905 3518 2003 3572 tuam

327 3623 387 3685 per
409 3601 590 3683 apostolica
612 3598 734 3680 scripta
756 3616 909 3680 rogamus
932 3596 1086 3660 attentius
1110 3606 1142 3659 et
1165 3615 1346 3669 monemus,
1376 3605 1536 3678 quatenus
1564 3597 1705 3660 eundem
1728 3618 1789 3681 pro
1813 3599 2003 3661 reverentia

327 3692 414 3754 beati
437 3691 522 3754 Petri
553 3698 586 3751 et
618 3697 730 3751 nostra
761 3693 794 3750 et
828 3694 966 3767 optentu
997 3686 1045 3748 sui
1076 3685 1185 3767 ipsius,
1217 3686 1271 3766 qui
1301 3685 1360 3748 tibi
1392 3685 1477 3748 adeo
1508 3685 1613 3750 fidelis
1644 3696 1677 3749 et
1707 3687 1845 3749 devotus
1875 3689 2001 3762 extitit,

327 3780 450 3843 habeas
481 3779 674 3861 propensius
713 3775 979 3839 commendatum
1019 3794 1080 3837 nec
1111 3775 1264 3837 adversus
1294 3794 1369 3837 eum
1399 3776 1508 3856 pravis
1538 3775 1720 3856 aliquorum
1752 3777 2003 3858 sugestionibus

327 3869 441 3933 credas
462 3870 515 3931 vel
538 3869 580 3931 de
603 3868 703 3949 ipsius
726 3866 758 3928 in
783 3865 892 3946 aliquo
909 3863 1065 3926 fidelitate
1086 3862 1226 3940 diffidas,
1250 3863 1309 3926 sed
1329 3865 1397 3926 eius
1412 3863 1607 3945 obsequium
1624 3865 1669 3928 ita
1685 3885 1880 3940 remuneres,
1905 3867 2002 3946 quod

327 3960 398 4041 ipse
421 3957 481 4022 tibi
505 3967 538 4021 et
560 3958 623 4020 tuis
647 3955 768 4019 debeat
797 3953 887 4016 omni
918 3962 1068 4034 tempore
1098 3952 1204 4015 fidelis
1234 3961 1268 4015 et
1298 3952 1436 4016 devotus
1460 3955 1599 4016 existere
1631 3963 1665 4016 et
1696 3974 1765 4030 nos,
1800 3954 1835 4016 id
1865 3966 2002 4036 gratum

327 4057 564 4130 acceptumque
587 4055 745 4120 tenentes,
767 4041 930 4106 affectioni
954 4051 1009 4104 tue
1032 4041 1227 4124 multiplices
1251 4041 1379 4105 interim
1402 4044 1524 4123 gratias
1547 4052 1717 4105 teneamur
1739 4042 1867 4106 referre.

484 4159 607 4224 Alschrr'ft
627 4173 682 4208 vom
702 4159 735 4208 13
755 4155 849 4222 Jatra.
873 4155 913 4206 des
943 4154 997 4204 cod.
1029 4156 1082 4207 Vat.
1101 4156 1170 4205 6024
1182 4163 1209 4220 p.
1230 4157 1302 4216 raab,
1327 4155 1353 4206 in
1371 4155 1415 4204 der
1431 4155 1495 4210 Bibl.
1519 4155 1636 4206 Vaticana
1658 4172 1689 4205 ru
1706 4158 1783 4216 Item
1811 4157 1908 4207 darnart
1927 4157 2001 4210 Mon.

282 4287 291 4304 ‚
326 4234 426 4299 Belagn.
445 4231 540 4282 XLIII
552 4232 601 4286 Nr.
619 4233 644 4291 7,
662 4231 689 4280 ln
706 4229 750 4279 der
767 4229 830 4282 Birt.
847 4227 907 4276 dell’
928 4224 1113 4276 Universalem
1131 4227 1247 4292 Balagaia

1066 4535 1133 4614 Nr.
1159 4541 1248 4614 224.

326 4675 512 4744 Alexander
526 4673 590 4742 III
599 4673 740 4742 schreibt
751 4692 794 4737 an
809 4671 871 4738 den
888 4666 1207 4735 Kanenr'kerkonaent
1227 4691 1287 4734 von
1302 4669 1443 4751 Lincoln,
1465 4689 1503 4733 er
1526 4669 1607 4736 habe
1622 4672 1684 4736 den
1699 4673 1868 4759 Magister
1880 4673 2003 4738 David

325 4789 367 4834 au
383 4769 487 4832 r‘lrrem
505 4763 692 4830 Kanam'ker
711 4763 846 4828 erheben
873 4760 944 4825 und
956 4759 1025 4824 ihm
1040 4759 1095 4823 die
1108 4769 1191 4824 erste
1206 4758 1569 4840 rlzrersreiwerdenden
1585 4762 1773 4827 Pre'z’benderr
1787 4763 1999 4844 r’r'berwiesen,

325 4859 374 4921 sie
387 4857 486 4921 sollen
502 4853 558 4919 r'Irn
572 4855 625 4919 als
638 4852 777 4920 Bruder
796 4850 997 4933 ausnelrmen
1018 4848 1088 4912 und
1107 4849 1163 4913 ilzn
1186 4849 1236 4913 bis
1254 4870 1329 4914 zum
1346 4849 1553 4914 Freiwerden
1574 4851 1635 4914 der
1649 4851 1815 4916 Prdbende
1836 4854 1998 4937 er'nJ'ahr-

814 4941 914 5006 liciter
928 4937 1126 5024 Beneficium
1140 4939 1326 5004 aukammen
1342 4939 1447 5006 lassen
1462 4941 1502 5024 ⁴).

1033 5056 1117 5118 1171
1132 5076 1156 5119 c.
1171 5053 1279 5139 April.

485 5171 701 5264 (Alexander)
730 5173 855 5240 decano
886 5179 920 5237 et
950 5169 1094 5254 capitulo
1124 5171 1343 5236 Lincolnensi.
1395 5168 1562 5252 Quoniam
1600 5171 1642 5234 ad
1682 5182 1829 5236 nostrum
1865 5185 1997 5257 spectat

327 5269 479 5345 officium,
507 5270 582 5332 viris
605 5267 751 5331 honestis
773 5275 807 5328 et
828 5262 961 5327 literatis
985 5263 1018 5323 in
1040 5261 1178 5324 ecclesia
1201 5261 1254 5324 dei
1277 5261 1385 5324 locum
1409 5280 1588 5343 congruum
1619 5262 1783 5343 assignare
1815 5272 1849 5325 et
1880 5285 1996 5327 eorum

325 5358 504 5442 provisioni
528 5359 638 5421 animo
662 5355 775 5420 libenti
798 5353 980 5426 intendere,
1012 5348 1167 5413 dilectum
1190 5349 1291 5413 filium
1314 5359 1469 5427 nostrum,
1500 5351 1689 5433 magistrum
1712 5347 1856 5436 D(avid),
1888 5355 1995 5416 virum

326 5448 447 5526 utilem,
478 5447 663 5522 litteratum,
693 5443 866 5528 providum
898 5463 937 5505 ac
967 5440 1158 5517 discretum,
1188 5449 1221 5503 et
1252 5457 1318 5502 non
1350 5439 1456 5502 solum
1486 5441 1692 5503 canonicatui
1723 5441 1781 5504 sed
1811 5443 1994 5525 episcopali

486 5645 511 5710 t)
535 5642 613 5708 Vergl.
634 5637 718 5706 Just,
737 5641 796 5706 Reg.
815 5639 893 5688 7906.
1001 5633 1028 5700 2)
1052 5633 1129 5700 Vergl.
1153 5631 1190 5682 die
1212 5631 1292 5682 beiden
1319 5632 1417 5696 arrigere
1440 5630 1531 5696 Bn'ese.
1638 5634 1666 5698 3)
1689 5630 1796 5694 Gilbrrt,
1822 5632 1927 5700 Birthas
1946 5650 1995 5685 non

325 5716 433 5775 landari,
454 5713 635 5765 tros-1188.
708 5712 735 5778 4)
759 5711 835 5778 Vrrgl.
854 5705 891 5759 dir
907 5706 1003 5774 vm'gm
1020 5707 1108 5772 Bn'efe.
