4142 6366
1675 357 1739 428 2¹7
1841 327 1844 337 ’

64 521 211 606 propriis
234 523 420 608 sumptibus
444 535 477 590 et
504 523 670 592 laboribus
700 529 772 611 ipsa
801 526 928 594 novalia
960 527 1168 605 excoluerint,
1200 553 1266 614 quo
1299 553 1375 595 casu
1406 535 1532 614 integre
1562 535 1636 614 ipso
1671 536 1739 596 iure

64 633 182 676 omnes
215 615 452 679 decimationes
485 637 585 698 penes
616 619 846 682 monasterium
879 623 1076 684 remaneant.
1130 621 1339 684 Visitationes
1375 642 1507 704 quoque
1537 621 1738 687 infirmorum

62 711 96 764 et
115 699 144 788 ²)
170 702 319 786 publicas
343 706 552 786 penitentias,
583 711 761 785 unctiones
792 704 1016 794 ba(p)tismum
1040 709 1242 774 infirmorum
1265 710 1481 774 habitantium
1511 713 1544 773 in
1568 710 1739 793 parrochia

64 791 170 854 sancti
193 793 354 856 Bonifacii
376 795 472 858 vobis
503 798 747 874 interdixerunt,
780 799 840 860 nisi
864 799 946 861 forte
971 820 1013 861 ex
1036 801 1220 862 devocione
1251 800 1293 863 ab
1317 799 1444 863 infirmo
1468 801 1576 863 vocati
1605 800 1738 864 fueritis.

64 880 117 942 De
142 879 200 943 illo
224 901 311 958 vero,
344 885 400 964 qui
423 885 520 958 dicet,
552 905 588 949 se
611 889 643 949 in
667 887 864 950 monasterio
887 888 970 950 velle
996 887 1154 962 tumulari,
1184 889 1374 965 iudicarunt,
1406 891 1495 970 quod
1518 888 1619 952 libera
1642 892 1685 952 sit
1709 892 1738 953 ei

63 968 202 1032 facultas
227 973 259 1033 in
283 971 396 1034 ultima
418 973 586 1037 voluntate
610 984 642 1037 et
664 995 742 1038 sana
767 985 884 1050 mente,
907 976 998 1038 salvo
1023 980 1091 1040 iure
1115 977 1222 1059 plebis
1244 979 1276 1039 in
1297 987 1388 1058 parte
1413 982 1608 1054 testamenti,
1632 979 1664 1040 id
1688 987 1740 1042 est

62 1059 248 1122 secundum
266 1063 535 1126 consuetudinem
553 1064 757 1127 ecclesiarum
771 1063 1031 1146 parrochialium‚
1047 1069 1078 1128 in
1091 1069 1284 1149 episcopatu
1296 1065 1469 1130 Vicentino
1480 1071 1738 1143 constitutarum,

62 1147 261 1212 observetur
283 1151 316 1212 in
341 1154 538 1215 monasterio
562 1162 596 1215 et
619 1154 717 1234 plebe
741 1157 804 1216 iam
828 1155 924 1228 dicta,
948 1155 991 1216 ita
1010 1154 1038 1240 ει)
1060 1164 1169 1218 tamen
1189 1153 1225 1240 a),
1250 1164 1285 1216 ut
1307 1156 1418 1219 abbati
1444 1165 1476 1218 et
1497 1157 1647 1219 fratribus
1670 1158 1738 1219 eius

62 1256 128 1298 non
154 1238 262 1314 liceat,
294 1248 458 1303 mortuum
482 1261 501 1304 a
525 1241 627 1304 domo
650 1263 709 1305 sua
739 1244 781 1305 ad
815 1245 1044 1306 monasterium
1076 1246 1203 1318 ducere,
1234 1254 1285 1307 set
1316 1243 1566 1326 archipresbiter
1588 1244 1639 1308 vel
1671 1245 1737 1308 eius

62 1321 181 1388 fratres
205 1347 311 1409 usque
335 1329 376 1390 ad
399 1331 568 1392 Becariam
588 1329 617 1416 b)
648 1332 813 1394 deducant
845 1341 878 1394 et
907 1333 950 1396 ibi
978 1333 1117 1396 abbates
1150 1341 1184 1396 et
1215 1334 1328 1396 fratres
1359 1336 1425 1396 eius
1457 1337 1561 1416 parati
1591 1343 1665 1397 sunt
1694 1336 1737 1398 ad

62 1417 298 1480 monasterium
316 1425 457 1498 portare.
487 1419 521 1483 Si
537 1439 615 1482 vero
639 1420 889 1504 archipresbiter
903 1422 953 1484 vel
967 1422 1082 1508 fratres
1106 1423 1172 1485 eius
1197 1443 1299 1502 usque
1315 1425 1357 1485 ad
1372 1424 1540 1486 Becariam
1561 1427 1588 1500 c)
1606 1431 1737 1504 portare

62 1503 255 1568 defunctum
280 1506 448 1581 noluerint,
479 1516 620 1571 extunc
644 1509 742 1573 liceat
772 1510 885 1574 abbati
909 1514 1042 1592 eiusque
1070 1512 1229 1586 fratribus,
1262 1515 1330 1574 sine
1362 1515 1450 1575 omni
1482 1513 1737 1575 contradictione

62 1593 105 1654 ad
121 1594 261 1657 domum
278 1594 423 1658 defuncti
440 1598 485 1660 ire
502 1605 624 1660 etcum
641 1600 808 1680 obsequiis
824 1600 866 1662 ad
884 1601 1112 1663 monasterium
1139 1602 1267 1676 ducere,
1293 1602 1423 1664 missam
1441 1602 1542 1664 eciam
1558 1602 1735 1684 specialem

61 1701 137 1744 cum
163 1684 318 1746 omnibus
342 1684 569 1762 oblationibus
594 1708 658 1768 que
680 1691 721 1751 ad
747 1709 860 1751 manus
882 1689 1012 1752 abbatis
1028 1689 1079 1752 vel
1095 1710 1229 1752 suorum
1250 1690 1383 1753 fratrum
1401 1691 1584 1768 offerentur,
1609 1690 1736 1753 abbatis

60 1789 134 1832 esse
159 1772 352 1848 iudicarunt,
375 1773 568 1852 oblationes,
592 1797 656 1857 que
679 1779 720 1840 ad
744 1798 858 1840 manus
882 1778 1144 1860 archipresbiteri
1164 1778 1216 1842 vel
1239 1789 1372 1842 suorum
1397 1780 1540 1856 fratrum,
1564 1783 1589 1841 si
1614 1781 1738 1843 invitati

61 1858 182 1922 fuerint
207 1869 241 1922 et
258 1864 390 1925 missam
405 1864 436 1924 in
451 1867 569 1928 eodem
587 1868 783 1929 monasterio
801 1867 967 1930 celebrare
984 1870 1182 1943 devenerint,
1206 1868 1469 1951 archipresbiteri
1487 1889 1558 1932 esse
1574 1871 1736 1932 dixerunt.

61 1945 172 2028 Quam
198 1953 312 2032 utique
343 1955 533 2016 sententiam
565 1964 668 2018 ratam
701 1965 734 2018 et
766 1955 891 2019 firmam
924 1955 1091 2033 habentes,
1123 1978 1204 2032 earn,
1236 1960 1320 2020 sicut
1352 1961 1383 2020 in
1416 1961 1581 2020 autentico
1612 1960 1736 2041 scripto

60 2038 182 2102 exinde
207 2038 297 2102 facto
320 2044 511 2115 continetur,
535 2045 727 2107 auctoritate
750 2045 931 2126 apostolica
947 2046 1177 2109 confirmamus
1202 2056 1234 2109 et
1249 2049 1412 2129 presentis
1427 2049 1540 2129 scripti
1556 2048 1736 2128 patrocinio

60 2129 313 2191 communimus
359 2130 555 2208 Statuentes,
589 2142 623 2195 ut
647 2133 720 2196 nulli
744 2137 878 2197 omnino
902 2134 1071 2197 hominum
1096 2135 1200 2211 liceat,
1230 2135 1313 2199 hanc
1343 2137 1493 2218 paginam
1528 2143 1637 2198 nostre
1661 2157 1737 2199 con·

59 2214 256 2280 firmationis
280 2219 453 2302 infringere
477 2223 527 2284 vel
552 2225 581 2285 ei
605 2223 809 2304 aliquatenus
834 2227 1004 2286 contraire.
1050 2221 1085 2287 Si
1110 2228 1182 2304 quis
1211 2235 1320 2288 autem
1349 2223 1413 2288 hoc
1443 2233 1640 2306 attemptare
1664 2245 1736 2306 pre·

59 2309 247 2386 sumpserit,
271 2309 526 2390 indignationem
552 2313 783 2395 omnipotentis
807 2314 859 2375 dei
882 2321 915 2374 et
938 2314 1107 2375 beatorum
1128 2313 1212 2376 Petri
1236 2325 1269 2377 et
1289 2314 1386 2390 Pauli,
1410 2313 1633 2396 apostolorum
1658 2318 1737 2389 eius,

58 2413 93 2456 se
118 2398 252 2458 noverit
275 2398 485 2462 incursurum.
511 2436 555 2446 —
577 2401 652 2464 Dat.
678 2403 865 2477 Beneventi,
890 2414 926 2465 VI
950 2401 995 2465 ld.
1021 2401 1107 2466 Maii.

223 2510 290 2559 Zwei
311 2511 483 2578 Transmmpte
500 2516 541 2565 des
561 2519 592 2566 13
613 2516 706 2580 Jahrb.
725 2517 781 2566 md
795 2517 870 2581 Kopie
887 2517 928 2566 des
947 2521 978 2566 16
998 2517 1100 2582 Jahrb„
1119 2519 1145 2567 in
1164 2518 1206 2567 der
1224 2519 1286 2567 Bibl.
1307 2518 1438 2566 Comunalc
1455 2534 1485 2566 ru
1509 2517 1608 2568 Verona.

808 2937 874 3012 Nr.
898 2939 989 3012 211.

57 3067 248 3135 Alexander
263 3069 329 3134 III
339 3070 488 3155 bestdtigt
508 3071 568 3134 der
584 3067 858 3151 Kollegiatkirclre
880 3069 950 3152 San
974 3069 1140 3133 Leonardo
1157 3069 1215 3150 (D.
1234 3068 1381 3153 Sr'pnnto)
1398 3069 1459 3132 das
1476 3067 1734 3154 Zugestlz'ndniss

669 3158 833 3224 Rar'nalds
848 3181 908 3224 von
925 3157 1077 3222 Nonanta
1097 3158 1127 3244 ¹).

614 3305 824 3365 1168-1169
840 3299 977 3365 Maz'19.
1016 3300 1181 3364 Benevent.

220 3442 413 3507 Alexander
448 3448 638 3528 episcopus,
677 3463 788 3506 servus
824 3463 992 3507 servorum
1024 3443 1090 3519 dei,
1129 3443 1256 3505 dilectis
1289 3441 1378 3516 filiis,
1409 3439 1538 3527 .P(etr0)
1569 3446 1669 3524 priori
1701 3452 1735 3508 et

55 3529 213 3594 fratribus
246 3535 346 3595 sancti
369 3533 540 3608 Leonardi,
571 3534 707 3596 salutem
740 3541 773 3594 et
799 3529 805 3617 Ι
832 3534 1049 3614 apostolicam
1082 3532 1355 3594 benedictionem.
1402 3529 1509 3593 Officii
1541 3537 1640 3595 nostri
1673 3554 1733 3596 nos

55 3618 209 3684 bortatur
239 3625 424 3698 auctoritas,
456 3624 610 3687 ecclesias
633 3625 686 3685 dei
712 3625 766 3704 pia
791 3624 995 3704 protectione
1027 3621 1138 3683 fovere
1168 3631 1202 3682 et
1234 3623 1281 3682 eis
1302 3625 1305 3698 1
1326 3641 1384 3683 sua
1408 3622 1484 3693 iura,
1520 3626 1733 3702 quantumin

54 3709 153 3772 nobis
178 3719 239 3786 est,
264 3711 352 3774 illesa
376 3721 408 3775 et
431 3713 556 3796 integra
579 3731 779 3774 conservare.
825 3711 1009 3773 Libertates
1033 3730 1165 3791 quoque
1189 3710 1250 3772 sibi
1267 3719 1300 3772 et
1317 3712 1544 3784 immunitates
1568 3711 1733 3792 aquibus·

55 3798 137 3862 libet
161 3801 219 3881 pia
242 3801 419 3864 devotione
442 3821 625 3876 concessas,
648 3811 734 3864 ratas
757 3800 915 3863 debemus
940 3809 972 3862 et
988 3799 1098 3862 firmas
1113 3797 1235 3862 habere
1259 3808 1299 3871 et,
1322 3819 1362 3860 ne
1379 3801 1562 3863 temeritate
1580 3820 1732 3879 quorum·

53 3887 139 3951 libet
161 3890 194 3950 in
218 3897 385 3970 posterum
410 3891 631 3974 infringantur,
655 3911 715 3972 pro
739 3892 841 3952 nostri
864 3889 962 3952 officii
986 3889 1101 3952 debito
1117 3889 1293 3951 studiosius
1311 3907 1493 3968 precavere.
1533 3889 1584 3950 Ex
1600 3889 1732 3970 quibus·

53 3978 133 4039 dam
159 3987 269 4041 autem
294 3979 409 4042 litteris
433 3981 603 4042 autenticis
625 3980 719 4042 nobis
742 3979 888 4052 innotuit,
912 3980 1003 4058 quod
1019 3974 1219 4062 Rainal(dus)
1243 3979 1284 4040 de
1301 3977 1454 4040 Nonanta
1470 3978 1607 4039 ecclesie
1624 3987 1731 4040 vestre

54 4067 199 4138 indulsit,
231 4077 267 4129 ut
297 4069 493 4151 quicumque
523 4067 614 4154 ded)
637 4067 822 4131 hominibus
850 4077 935 4130 terre
965 4087 1031 4141 sue,
1064 4087 1161 4148 quam
1187 4069 1275 4149 apud
1301 4065 1574 4132 Casalur-habet.
1606 4068 1647 4129 ad
1672 4088 1732 4130 vos

52 4155 133 4220 velit
156 4167 294 4238 propter
315 4161 563 4221 conversionem
587 4160 731 4233 transire,
754 4177 810 4219 seu
827 4157 919 4220 vobis
942 4159 984 4219 de
1007 4157 1104 4219 bonis
1127 4158 1200 4230 suis,
1224 4157 1401 4218 mobilibus
1425 4154 1476 4218 vel
1499 4156 1730 4232 immobilibus,

53 4245 206 4308 conferre
226 4244 269 4330 e),
300 4247 364 4310 hoc
394 4249 456 4310 sibi
486 4251 557 4311 sine
587 4247 718 4309 alicuius
748 4247 859 4309 liceret
887 4245 1017 4309 efficere
1040 4246 1327 4320 contradictione„
1348 4253 1488 4327 excepta
1523 4241 1657 4331 [tarn]en
1688 4247 1731 4308 de

52 4337 160 4397 vineis
182 4345 276 4416 parte
299 4357 365 4412 sua,
397 4357 461 4417 que
486 4335 678 4400 Meraticum
708 4332 944 4420 nuncupatlurl,
974 4339 1058 4398 sicut
1090 4338 1120 4397 in
1153 4337 1221 4397 eius
1254 4337 1376 4416 scripto
1406 4336 1577 4408 autentico,
1610 4336 1730 4399 exinde

53 4424 153 4499 facto,
178 4427 324 4488 noscitur
347 4428 514 4490 contineri.
561 4423 668 4506 Quam
693 4428 804 4504 utique
828 4428 1073 4488 concessionem
1099 4445 1158 4486 nos
1182 4433 1284 4486 ratam
1310 4433 1343 4486 et
1365 4424 1490 4486 firmam
1515 4422 1673 4486 habentes
1693 4423 1729 4509 f),

52 4533 128 4576 eam
149 4511 181 4598 s)
204 4517 397 4578 auctoritate
421 4515 603 4598 apostolica
631 4513 858 4576 confirmamus
883 4524 915 4576 et
939 4516 1099 4598 presentis
1122 4515 1234 4594 scripti
1268 4515 1452 4594 patrocinio
1483 4515 1730 4578 communimus,

52 4599 256 4677 Statuentes,
280 4613 316 4667 ut
331 4604 408 4668 nulli
424 4607 557 4667 omnino
576 4604 744 4666 hominum
760 4603 865 4678 liceat,
888 4604 972 4667 hanc
988 4607 1141 4685 paginam
1158 4612 1267 4682 nostre
1283 4601 1539 4665 confirmationis
1555 4602 1729 4684 infringere

52 4693 103 4757 vel
129 4694 160 4754 ei
186 4692 390 4772 aliquatenus
414 4697 583 4756 contraire.
629 4691 664 4755 Si
689 4695 761 4774 quis
784 4703 893 4755 autem
910 4692 974 4756 hoc
990 4701 1187 4773 attemptare
1203 4694 1447 4773 presumpserit,
1471 4692 1734 4772 indignationem

53 4784 293 4863 omnipotentis
310 4784 362 4847 dei
379 4792 413 4846 et
428 4783 598 4846 beatorum
616 4781 701 4844 Petri
717 4790 750 4843 et
768 4781 868 4861 Pauli,
891 4783 1117 4866 apostolorum
1135 4783 1211 4855 eius,
1235 4800 1271 4843 se
1292 4777 1296 4864 l
1318 4781 1441 4842 noverit
1457 4783 1667 4843 incursurum.
1686 4816 1730 4828 -

52 4869 128 4934 Dat.
153 4869 344 4947 Beneventi,
368 4887 445 4936 >um
467 4871 540 4936 Kal.
564 4871 654 4934 lunii.

218 4987 263 5036 Or.
283 4988 440 5053 (Pergamenae
457 4987 545 5045 scrhltei
564 4987 598 5035 im
616 4984 730 5035 Archivrh
748 4986 775 5034 di
792 4987 859 5035 State
876 5003 906 5034 zu
925 4985 1021 5048 Neapet

217 5059 287 5126 Perg.
306 5061 368 5119 dat,
385 5061 421 5108 br.
440 5061 526 5120 0,205,
551 5059 612 5124 lang
628 5059 697 5118 032,
722 5065 796 5107 untm
814 5060 893 5118 0,028
916 5056 1105 5122 umgcschlagen,
1131 5055 1207 5104 durch
1226 5058 1242 5105 2
1262 5053 1355 5106 Lir'clrer
1369 5053 1430 5120 ging
1453 5054 1490 5104 die
1507 5054 1618 5115 Schnur,
1643 5055 1730 5105 welche

51 5131 95 5179 urit
110 5131 167 5180 dem
187 5131 314 5197 Bler'sr'egel
328 5134 445 5181 verloren.
481 5130 590 5196 Falturag
606 5129 649 5178 der
665 5129 765 5179 Breucn.

214 5381 240 5442 a)
259 5376 328 5426 Fehlt
343 5379 369 5427 in
386 5378 459 5428 exirem
482 5377 582 5428 Trams.
666 5377 750 5435 blein
772 5377 872 5431 Trerus.
892 5375 1038 5427 Beccariam
1057 5375 1118 5439 Kop.
1139 5374 1286 5424 Bechariam
1374 5377 1397 5432 cl
1417 5375 1479 5438 Kop.
1498 5373 1574 5422 wieb
1651 5372 1678 5434 d)
1698 5387 1727 5421 ue

51 5451 84 5572 gg
98 5449 243 5587 migr
251 5449 308 5571 011ιὲ
311 5453 406 5571 qRasur
538 5457 563 5514 e)
583 5465 623 5498 err
641 5451 694 5514 mrf
712 5451 798 5498 Rasur
933 5448 970 5513 f)
988 5447 1110 5497 thn'lweisr
1127 5448 1179 5512 auf
1193 5449 1283 5496 li'usur.
1303 5481 1354 5491 ..α
1373 5451 1410 5512 ,1)
1435 5447 1512 5512 Vergl.
1531 5446 1568 5494 die
1589 5443 1647 5494 Urk.
1672 5459 1727 5492 vom

101 5841 124 5872 v.
138 5829 436 5879 Pliten-Hermen,
451 5830 563 5871 Aetam.
