4142 6366
323 336 384 417 196

1061 522 1127 597 Nr.
1158 527 1242 599 183.

319 653 475 719 Hadrian
491 654 514 717 I
517 653 547 718 V
565 653 717 737 bestatrgrt
737 654 809 718 dem
834 655 913 719 Abte
938 655 1028 719 Wia'o
1049 675 1112 718 von
1128 655 1162 720 S.
1180 656 1293 719 Maria
1306 637 1360 719 ¹im
1394 655 1491 719 leale
1515 655 1678 738 Josaplzat
1701 656 1760 738 (D.
1784 655 1975 730 Jerusalem
1972 657 1993 738 )

320 744 375 809 die
398 745 637 810 Besitathic'mer
657 743 727 807 und
746 743 862 808 Rechte
885 745 988 808 seincs
1016 741 1174 824 Klosters,
1200 745 1334 808 welclzes
1356 765 1393 808 er
1415 742 1449 808 in
1471 744 1700 828 apostolisclren
1721 743 1838 808 Schuta
1866 745 1994 825 nirnmt,

577 833 684 914 woflir
697 827 886 918 esjdlzrlt'clr
902 835 976 898 eine
998 833 1083 898 Unae
1101 833 1188 898 Gold
1199 856 1242 898 an
1257 835 1312 898 die
1329 831 1433 898 Kurie
1447 853 1487 898 zu
1502 832 1617 898 aalzlen
1631 833 1690 897 hat
1707 833 1737 920 ¹).

1043 951 1263 1014 1154-1159.

480 1083 646 1147 Adrianus
662 1079 858 1170 [episcopus
873 1104 984 1148 servus
1000 1105 1167 1149 servorum
1184 1086 1246 1160 dei,
1270 1085 1393 1148 dilecto
1410 1084 1477 1149 filio
1494 1083 1645 1158 Guidoni,
1660 1079 1783 1168 abbati]
1796 1081 1995 1145 venerabilis

322 1173 505 1236 monasterii
536 1169 659 1259 [sancte
690 1168 805 1260 Marie]
836 1174 879 1236 de
908 1174 994 1237 valle
1024 1173 1190 1256 losaphat,
1222 1178 1356 1257 eiusque
1388 1169 1650 1261 [successoribus]
1682 1171 1873 1255 regulariter
1904 1167 1996 1258 [sub-

321 1261 504 1339 stituendis,
534 1277 572 1328 IN
603 1275 680 1324 PPM.
705 1257 770 1348 -].
826 1260 1033 1344 Quociensa
1066 1263 1140 1327 filiis
1171 1265 1288 1327 nostris
1330 1264 1453 1344 aliquid
1483 1284 1502 1326 a
1533 1262 1628 1325 uobis
1662 1262 1847 1324 devocione
1876 1262 1996 1324 debita

322 1350 513 1432 postulatur,
545 1353 634 1432 quod
668 1351 812 1434 religioni
837 1349 881 1438 et]
911 1352 1073 1416 honestati
1099 1349 1176 1438 [non
1201 1353 1313 1416 obviat
1354 1354 1396 1416 ad
1426 1352 1684 1428 concedendum,
1720 1346 1822 1432 lquod
1846 1347 1996 1436 petitur],

322 1446 415 1501 tanto
439 1439 562 1504 facilius
586 1440 745 1504 debemus
769 1461 971 1517 concurrere,
995 1449 1118 1524 quanto
1144 1437 1259 1528 [magis
1284 1443 1316 1504 id
1341 1463 1383 1505 ex
1403 1442 1545 1505 iniuncto
1562 1440 1656 1503 nobis
1673 1435 1794 1526 oifi[cio
1810 1440 1996 1502 dinoscitur

322 1531 505 1593 convenire.
551 1525 706 1614 Petivi[sti
730 1551 749 1592 a
773 1530 878 1606 nobis,
909 1531 952 1594 fili
979 1531 1011 1593 in
1035 1530 1163 1595 Christo
1187 1533 1360 1607 carissime,
1391 1530 1501 1594 Guido
1524 1528 1636 1602 abbas,
1668 1525 1713 1614 ut]
1745 1529 1787 1591 ad
1819 1528 1997 1611 exemplar

323 1615 590 1698 predecessorum
603 1626 796 1696 nostrorum,
811 1619 914 1683 felicis
932 1622 1088 1684 memorie
1102 1620 1282 1685 Innocentii
1294 1619 1328 1706 2),
1343 1621 1480 1702 Eugenii
1494 1617 1518 1704 8)
1534 1616 1750 1692 etAuastasii,
1766 1617 1995 1680 Romanorum

323 1705 531 1788 pontificum,
573 1726 637 1788 que
667 1707 724 1770 tibi
756 1717 789 1771 et
818 1710 955 1772 ecclesie
984 1717 1041 1771 tue
1071 1705 1209 1794 [fuerant
1239 1729 1258 1772 a
1287 1711 1366 1772 sede
1396 1708 1579 1791 apostolica
1618 1703 1837 1793 conlfirmata,
1880 1717 1996 1769 nostre

322 1796 527 1859 studeremus
549 1798 741 1859 assercionis
765 1793 954 1883 [munimine
978 1797 1142 1862 roborare.
1188 1798 1259 1862 Nos
1283 1801 1379 1880 igitur
1401 1807 1434 1862 et
1458 1793 1514 1884 ob]
1537 1797 1701 1880 genitricis
1725 1796 1778 1859 dei
1799 1804 1832 1858 et
1848 1795 1996 1858 hominis

324 1887 551 1960 reverenciam,
576 1888 626 1949 cui
649 1888 780 1949 assidue
801 1887 832 1949 in
855 1888 973 1952 eodem
998 1890 1195 1951 monasterio
1219 1909 1284 1950 non
1302 1889 1464 1951 immerito
1481 1888 1592 1968 utique
1609 1887 1796 1960 deservitur,
1820 1880 1995 1969 [quoniam

323 1972 355 2034 in
377 1972 452 2036 loco
475 1977 548 2056 ipso
573 1975 788 2057 corporaliter
809 1974 1151 2063 stetissedinoscitur]
1176 1986 1209 2040 et
1231 1978 1306 2039 inde
1328 1979 1369 2041 ad
1404 1976 1458 2039 tilii
1490 1978 1539 2039 sui
1571 1983 1605 2038 et
1639 1976 1858 2056 redemptoris
1888 1976 1996 2036 nostri

324 2060 483 2142 palacium
508 2060 689 2149 [assumpta
711 2065 810 2129 luisse
842 2067 1042 2129 crediturae
1065 2063 1138 2152 tuis]
1164 2067 1315 2149 precibus
1339 2065 1489 2141 inclinati,
1519 2063 1735 2147 postulacioni
1758 2071 1813 2125 tue
1836 2063 1996 2126 duximus

323 2153 530 2214 annuendum
554 2160 586 2215 et
607 2154 792 2217 venerabile
815 2157 1047 2218 monasterium
1064 2155 1194 2237 virginis
1218 2163 1251 2218 et
1274 2156 1384 2218 matris
1407 2155 1539 2230 domini,
1563 2152 1652 2234 quod
1677 2148 1721 2237 [in
1736 2151 1819 2215 valle
1834 2151 1999 2234 Iosaphat

324 2238 558 2327 constructum]
583 2262 656 2306 esse
679 2245 793 2324 procul
816 2244 918 2307 dubio
942 2246 1088 2318 cernitur,
1121 2247 1151 2307 in
1175 2265 1241 2325 quo
1266 2245 1373 2308 divino
1397 2264 1431 2306 es
1456 2239 1541 2330 [cum
1564 2245 1628 2305 tuis
1651 2241 1803 2304 iratribus
1827 2242 1996 2322 obsequio

325 2325 549 2414 man]cipatus‚
576 2332 636 2394 sub
660 2331 747 2395 beati
770 2333 855 2396 Petri
878 2342 911 2396 et
933 2342 1045 2396 nostra
1069 2336 1275 2414 protectione
1303 2341 1472 2413 tamquam
1505 2333 1675 2414 proprium
1706 2338 1739 2392 et
1769 2329 1912 2412 speciale
1944 2351 1997 2392 su·

323 2417 478 2500 scipimus
501 2428 534 2482 et
557 2421 714 2502 presentis
745 2424 856 2503 scripti
887 2422 1054 2504 privilegio
1078 2424 1323 2486 communimus.
1369 2419 1566 2496 Statuentes,
1589 2417 1636 2506 [ut
1659 2415 1893 2504 quascumque]
1919 2439 1998 2500 pos·

323 2509 494 2584 sessiones,
516 2528 723 2589 quecumque
745 2510 833 2573 bona
855 2513 923 2574 sive
946 2531 989 2574 ex
1012 2513 1099 2574 dono
1122 2512 1211 2575 bone
1228 2508 1397 2597 [memorie
1413 2510 1583 2575 Godesridi
1604 2510 1694 2573 ducis
1710 2510 1736 2593 4)
1759 2528 1815 2570 seu
1832 2508 1996 2582 Balduini,

325 2595 407 2678 regis
437 2599 683 2661 lerosolimitani
701 2597 741 2685 ὁ),
772 2600 822 2662 vel
849 2599 985 2663 aliorum
1018 2601 1070 2664 dei
1103 2600 1248 2664 fidelium
1268 2599 1295 2686 a)
1328 2602 1414 2663 idem
1439 2601 1671 2663 monasterium
1695 2599 1727 2659 in
1754 2598 1995 2679 presentiarum

326 2686 409 2748 iuste
432 2705 471 2749 ac
493 2685 636 2770 legitime
659 2687 806 2769 possidet
833 2689 942 2751 autin
966 2690 1106 2752 futurum
1131 2693 1342 2754 concessione
1366 2689 1567 2771 pontificum,
1599 2687 1769 2770 largitione
1800 2705 1915 2768 regum
1941 2686 1994 2750 vcl

325 2773 522 2856 principum,
554 2775 725 2840 oblacione
755 2777 900 2841 fidelium
935 2797 991 2840 seu
1023 2775 1106 2864 [aliis
1138 2776 1238 2866 iustis]
1270 2779 1390 2854 modis,
1427 2786 1595 2861 prestante
1633 2777 1768 2839 domino
1787 2774 1832 2860 b),
1868 2779 1995 2857 poterit

325 2863 472 2944 adipisci,
494 2863 587 2926 firma
609 2865 665 2928 tibi
687 2866 816 2946 tuisque
838 2868 1080 2931 successoribus
1097 2878 1129 2930 et
1144 2867 1265 2932 illibata
1280 2877 1493 2951 permaneant
1512 2869 1547 2943 e).
1585 2867 1622 2930 ln
1638 2865 1753 2947 quibus
1769 2863 1830 2927 hec
1846 2867 1994 2947 propriis

326 2951 478 3014 duximus
491 2948 729 3042 [exprimenda]
742 2955 922 3018 vocabulis:
945 2957 1095 3020 videlicet
1113 2956 1142 3043 d)
1159 2959 1200 3020 de
1216 2959 1310 3020 donis
1327 2956 1579 3040 patriarcharum
1593 2956 1623 3017 in
1636 2956 1798 3019 territorio
1814 2952 1993 3017 Ierusalem

326 3049 436 3123 partes
459 3042 540 3104 duas
556 3043 684 3106 decime
700 3046 741 3106 de
758 3040 875 3131 [casali]
891 3044 1043 3121 Bethsan‚
1066 3047 1210 3110 decimas
1234 3057 1389 3122 ortorum,
1413 3046 1684 3119 molendinorum,
1706 3043 1807 3124 sylve,
1830 3051 1993 3106 terrarum

326 3149 460 3211 quoque
483 3139 517 3193 et
538 3134 713 3208 vinearum,
741 3135 849 3197 eidem
873 3134 1008 3198 ecclesie
1032 3136 1275 3216 pertinencium,
1308 3156 1372 3216 que
1395 3136 1522 3199 suntin
1545 3135 1663 3197 eodem
1687 3132 1859 3196 territorio.
1906 3128 1993 3218 [Pre-

327 3227 416 3282 terea
438 3217 592 3306 decimas]
616 3222 751 3285 duarum
776 3243 988 3299 carrucarum,
1011 3245 1146 3307 quarum
1171 3246 1234 3288 una
1256 3225 1316 3288 iuit
1331 3225 1491 3288 Guidonis
1507 3225 1549 3286 de
1566 3223 1706 3299 Miliaco,
1729 3221 1831 3284 altera
1846 3221 1993 3298 Baleani,

326 3309 360 3371 in
384 3303 570 3394 [territorio]
586 3309 813 3392 Neapoletano
837 3313 981 3377 decimas
1004 3315 1142 3378 duorum
1165 3314 1315 3378 casalium
1336 3314 1443 3378 Ascar
1464 3323 1497 3376 et
1512 3312 1630 3393 Bytini,
1653 3314 1685 3374 in
1707 3313 1872 3375 territorio
1892 3309 1993 3374 Acon

327 3398 490 3460 decimam
520 3398 648 3474 casalis,
687 3401 777 3479 quod
809 3403 927 3465 dicitur
957 3399 1107 3488 [Caselra
1143 3413 1175 3466 et
1208 3412 1348 3483 quatuor
1378 3423 1582 3467 carrucarum
1620 3412 1705 3466 terre
1741 3396 1994 3486 [olivarum]que

326 3487 369 3552 ad
393 3508 449 3552 eas
472 3489 702 3570 pertinentium
727 3491 815 3572 apud
840 3491 945 3554 casale
965 3491 1094 3555 Alberti
1117 3494 1159 3556 de
1183 3494 1296 3568 Pazeo,
1320 3493 1528 3556 medietatem
1553 3511 1686 3571 quoque
1709 3491 1837 3553 decime
1861 3489 1998 3553 Boleani

327 3581 371 3644 de
392 3579 490 3660 Bytin
514 3585 547 3640 et
569 3585 654 3640 terre
677 3580 836 3656 Beroaldi,
864 3601 929 3662 que
951 3581 1011 3642 sita
1034 3589 1083 3643 est
1107 3585 1138 3645 in
1168 3590 1287 3658 moute,
1319 3591 1352 3645 et
1383 3591 1486 3645 totam
1517 3581 1679 3644 decimam
1710 3581 1806 3642 trium
1839 3579 1998 3643 casalium

326 3669 477 3732 Balduini
501 3663 726 3752 [Ramatensis
757 3688 897 3748 quorum
927 3670 1057 3733 nomina
1087 3668 1160 3757 hec]
1192 3678 1282 3734 suut:
1321 3669 1459 3746 Gemail,
1490 3671 1593 3744 Serra,
1624 3670 1776 3744 Bezezin,
1808 3687 1940 3732 necnon
1965 3677 1999 3733 et

327 3759 488 3822 decimam
513 3757 650 3820 duorum
675 3758 827 3821 casalium
852 3757 960 3822 Cavee
984 3767 1017 3822 et
1039 3758 1207 3841 Tarphyn‚
1232 3780 1295 3841 que
1319 3761 1447 3823 luerunt
1471 3759 1617 3823 Gunlridi
1639 3760 1683 3821 de
1705 3757 1808 3831 Turri,
1833 3760 1864 3820 in
1889 3756 1998 3841 Ioppe

327 3868 423 3912 unam
447 3847 620 3910 ecclesiam
644 3854 677 3909 et
699 3847 860 3911 decimam
885 3855 978 3923 terre,
1014 3868 1079 3929 que
1102 3849 1161 3912 fuit
1183 3848 1390 3930 Fragmerici‚
1417 3869 1564 3913 necnon
1588 3856 1621 3911 et
1644 3849 1804 3911 decimam
1830 3842 1997 3934 [duarum]

326 3956 528 4000 carrucarum
552 3943 645 4020 terre,
670 3956 766 4018 quam
792 3939 915 4018 primus
938 3957 996 3999 rex
1020 3936 1196 4001 Balduinus
1225 3937 1361 4001 ecclesie
1384 3936 1538 4019 Iosaphat
1568 3938 1735 4010 concessit,
1766 3939 1797 3998 in
1828 3938 1998 4000 territorio

326 4027 439 4090 Ebron
462 4026 625 4088 decimam
649 4024 770 4100 casalis,
801 4027 852 4088 cui
876 4045 995 4088 nomen
1020 4025 1202 4101 lamariara,
1234 4028 1277 4090 de
1308 4029 1521 4090 concessione
1552 4027 1668 4108 prioris
1698 4033 1731 4088 et
1761 4027 1996 4089 canonicorum

327 4117 480 4179 dominici
504 4111 654 4196 Sepulcri
678 4113 806 4178 fumum
831 4136 929 4178 unum
954 4116 985 4177 in
1008 4116 1196 4190 Ierusalem,
1220 4116 1382 4180 decimam
1406 4111 1513 4202 [terre]
1537 4116 1626 4180 Plate
1649 4116 1751 4189 Petre,
1776 4122 1809 4177 et
1831 4115 1997 4178 decimam

327 4205 440 4270 casalis
465 4204 553 4286 quod
578 4210 713 4266 vocatur
728 4203 960 4281 Darchiboam,
984 4205 1027 4268 de
1051 4204 1147 4268 bonis
1171 4225 1303 4287 quoque
1327 4207 1558 4288 episcoporum
1582 4206 1614 4267 in
1635 4204 1797 4267 territorio
1814 4201 1999 4267 Cesariensl

326 4295 488 4357 decimam
512 4292 627 4355 casalis
652 4292 741 4371 quod
764 4301 900 4356 vocatur
922 4291 1068 4370 Behtala,
1094 4304 1127 4357 et
1149 4295 1310 4357 decimam
1328 4314 1392 4375 que
1408 4295 1450 4358 de
1472 4296 1607 4377 proprio
1623 4292 1736 4357 labore
1758 4290 1997 4356 monachorum

325 4383 377 4446 vel
410 4385 456 4446 eis
486 4380 694 4445 subditorum
725 4383 885 4462 procedet
916 4385 947 4446 in
977 4384 1140 4446 territorio
1163 4382 1308 4464 Cayphe,
1341 4392 1374 4447 et
1405 4382 1518 4447 casalis
1552 4386 1602 4446 cui
1636 4403 1754 4445 nomen
1785 4381 1934 4463 Galgala‚
1967 4383 1997 4445 in

326 4471 451 4537 Galilea
481 4469 652 4534 ecclesiam
684 4470 812 4552 ligionis
845 4491 918 4534 cum
949 4470 1123 4554 parrochia
1152 4480 1186 4535 et
1209 4493 1342 4536 omnem
1371 4473 1624 4536 decimationem
1648 4474 1758 4554 ipsius,
1789 4479 1822 4534 et
1851 4472 1996 4535 decima·

325 4561 448 4624 tionem
481 4558 613 4622 alterius
645 4559 761 4622 casalis
793 4562 882 4640 quod
914 4561 1032 4624 dicitur
1055 4560 1186 4638 Thanis,
1218 4560 1385 4625 ecclesiam
1417 4562 1519 4624 sancti
1544 4561 1675 4644 Georgii
1705 4579 1769 4641 que
1792 4579 1893 4642 super
1915 4557 1996 4646 [Ty-

326 4645 504 4735 beriadem]
528 4649 590 4712 sita
613 4656 671 4724 est,
695 4657 728 4712 et
752 4648 911 4713 decimam
934 4650 1046 4713 casalis
1070 4653 1121 4714 cui
1153 4647 1297 4737 [nolmen
1327 4650 1517 4727 Casrielme,
1548 4650 1580 4712 in
1612 4652 1776 4713 territorio
1805 4649 1996 4713 Ramatensi

325 4738 430 4803 casale
454 4758 553 4802 unum
577 4737 709 4801 nomine
732 4736 883 4820 Saphiria
906 4748 939 4803 et
969 4741 1111 4803 mediam
1136 4748 1262 4821 partem
1287 4741 1515 4803 decimationis
1538 4740 1647 4821 ipsius,
1679 4747 1712 4802 et
1741 4737 1822 4801 inira
1851 4748 1996 4802 castrum

325 4831 428 4892 sancti
453 4825 586 4910 Georgii
618 4828 754 4890 domum
785 4848 881 4891 unam
913 4837 946 4892 et
975 4837 1068 4891 extra
1098 4837 1131 4891 et
1158 4829 1241 4892 inira
1273 4849 1382 4892 muros
1406 4827 1628 4892 Machomerie
1657 4828 1761 4902 aliam,
1793 4835 1828 4889 et
1855 4836 1998 4908 quatuor

324 4926 506 4983 carrucatas
533 4924 619 4979 terre
649 4923 725 4980 ante
756 4917 861 5000 ipsum
887 4926 1036 4994 castrum,
1069 4938 1130 4981 nec
1161 4939 1225 4981 uon
1258 4927 1292 4981 et
1315 4919 1476 4981 decimam
1507 4919 1643 4980 duarum
1673 4936 1877 4979 carrucarum
1901 4925 1997 4992 terre,

325 5029 424 5089 quam
446 5005 626 5069 Balduinus
659 5005 702 5068 de
724 5006 834 5068 Ramis
865 5007 1004 5070 ecclesie
1028 5006 1183 5089 losaphat
1205 5008 1369 5084 attribuit,
1402 5008 1432 5068 in
1456 5006 1655 5070 Tolomaida
1685 5026 1783 5068 unam
1814 5005 1996 5081 ecclesiam,

325 5100 357 5161 in
380 5095 517 5179 Caypha
540 5092 645 5169 aliam,
675 5096 706 5157 in
730 5095 822 5175 Tyro
846 5094 951 5172 aliam,
986 5104 1019 5160 et
1041 5097 1201 5160 decimam
1226 5100 1364 5160 duorum
1396 5095 1547 5159 casalium
1571 5094 1733 5158 Bethsella
1764 5102 1798 5158 et
1820 5091 1996 5170 Sardanas,

324 5196 358 5250 et
381 5189 472 5250 iuxta
487 5183 656 5266 Sydonem
680 5183 785 5261 aliam,
809 5193 842 5248 et
858 5186 1019 5249 decimam
1036 5187 1174 5249 viridarii
1190 5195 1414 5268 terrarumque
1430 5185 1492 5248 sibi
1509 5187 1757 5268 pertinencium,
1782 5191 1816 5247 et
1831 5183 1995 5248 decimam

483 5381 508 5445 a)
532 5383 583 5430 Van
600 5381 667 5430 bona
685 5397 719 5430 an
737 5379 807 5445 fehlt
828 5379 864 5431 bei
880 5382 915 5430 D.
1006 5380 1033 5446 b)
1053 5380 1102 5430 deo
1121 5381 1204 5445 protio
1223 5382 1257 5429 D.
1350 5380 1373 5446 ε)
1393 5379 1445 5429 lu'rr
1468 5379 1503 5428 bei
1519 5381 1561 5428 D:
1585 5385 1610 5429 et
1628 5379 1743 5427 omuibus
1767 5377 1924 5427 obedienciis
1947 5379 1995 5427 lam

324 5456 390 5505 dicte
408 5453 515 5504 ecclesie
533 5453 661 5502 libertates
680 5459 704 5502 et
722 5467 811 5502 omnes
828 5453 908 5502 bonas
926 5452 1125 5515 consuetudines,
1146 5453 1282 5502 secundum
1306 5453 1373 5516 quod
1399 5452 1425 5500 in
1443 5467 1528 5500 eorum
1554 5451 1691 5515 privilegiis
1710 5450 1857 5511 continetur,
1883 5451 1996 5499 volumus

324 5535 348 5578 et
367 5526 526 5578 concedimus
544 5524 720 5574 inviolabiliter
738 5529 859 5589 perpetuo
879 5525 1021 5574 conservari
1093 5524 1119 5589 d)
1138 5540 1186 5572 von
1204 5523 1255 5573 hier
1271 5539 1305 5572 on
1321 5523 1455 5574 wesentliclr
1472 5523 1571 5572 anderes
1588 5525 1626 5571 als
1643 5523 1787 5585 D.-.1)
1806 5521 1855 5570 Die
1875 5522 1998 5587 Absclrrift

323 5599 398 5648 dieser
408 5597 468 5648 Urk.
480 5596 601 5648 verdanke
611 5596 650 5646 ich
662 5597 746 5646 Hmn
758 5596 849 5646 Comm.
863 5596 977 5662 Grioeppe
989 5597 1008 5645 S
1012 5597 1138 5645 iluestri
1147 5597 1173 5645 in
1181 5595 1298 5644 Palmno.
1308 5623 1340 5632 —
1357 5597 1435 5658 Vergl.
1446 5595 1587 5654 Delatorde,
1605 5594 1703 5643 Clzartes
1709 5593 1737 5642 de
1748 5593 1821 5643 Tem
1826 5593 1910 5642 Saiute
1922 5601 1950 5658 p.
1964 5596 1995 5642 72

322 5671 370 5720 Nr.
388 5671 421 5720 31
440 5685 495 5720 vom
516 5673 529 5720 1
551 5668 626 5718 Mcirs
645 5671 720 5719 1154.
794 5673 820 5735 2)
838 5669 899 5718 Acta
917 5669 950 5718 ll
963 5670 1010 5720 Nr.
1030 5669 1097 5718 349:
1119 5667 1261 5727 Delaborde,
1289 5667 1388 5717 Chones
1405 5668 1433 5715 de
1455 5667 1527 5716 Terre
1551 5666 1633 5715 Saintr
1650 5673 1678 5730 p.
1697 5667 1732 5714 50
1750 5681 1784 5730 sq.
1877 5669 1905 5733 3)
1924 5665 1997 5714 Deh-

321 5741 391 5795 bade
405 5749 430 5808 p.
450 5743 490 5792 61.
562 5742 590 5807 4)
613 5739 734 5805 Gottsricd
747 5755 794 5792 voit
812 5741 930 5800 Bma‘llon,
955 5741 1136 5791 rouo-1100.
1209 5739 1235 5803 5)
1255 5739 1365 5788 Balduin
1384 5738 1405 5799 J,
1424 5738 1513 5804 Kim'g
1528 5753 1576 5787 von
1596 5738 1742 5804 Jerusalem,
1764 5737 1950 5788 troo-1118.
