4126 6366
325 341 386 423 362

321 533 495 614 infringere
524 531 575 594 vel
608 533 637 594 ei
661 552 740 594 ausu
763 533 936 595 temerario
960 532 1129 595 contraire.
1176 531 1210 594 Si
1235 533 1307 613 quis
1331 523 1440 594 autem
1464 533 1529 595 hoc
1552 540 1723 595 attemtare
1754 531 2001 614 presumpserit,

321 621 581 703 indignationem
605 622 841 702 omnipotentis
865 621 918 683 dei
942 630 975 684 et
997 622 1169 685 beatomm
1186 621 1271 683 Petri
1295 630 1328 683 et
1343 621 1442 696 Pauli,
1467 621 1693 704 apostolorum
1716 622 1796 695 eius,
1820 641 1859 683 se
1875 621 2002 683 noverit

321 711 531 774 incursurum.
554 747 597 755 -
621 713 745 773 Datum
767 710 929 786 Laterani,
952 725 978 773 ΙΙ
1001 711 1078 773 Idus
1102 709 1190 773 Maii.
1236 710 1448 774 Pontificatus
1472 710 1575 773 nostri
1599 730 1686 773 anno
1710 711 1828 791 primo

479 823 679 888 Kopblurkunde
695 824 735 874 des
755 827 787 874 14
808 825 911 889 Jahrb,
929 824 962 875 im
980 824 1095 875 archivio
1112 825 1140 873 di
1156 823 1223 874 Staio
1240 840 1271 873 m
1289 823 1412 874 Mar'lund.

1065 1109 1131 1184 ΝΥ.
1159 1113 1250 1185 416.

325 1239 471 1304 Clemens
483 1240 549 1305 III
558 1241 698 1306 schreibt
711 1241 774 1305 den
786 1239 962 1327 Bz'sclrtisen
975 1262 1036 1306 von
1048 1242 1164 1322 Patria,
1189 1240 1332 1320 Vercellz',
1352 1240 1494 1320 Tamna,
1509 1262 1553 1304 an
1564 1238 1662 1303 Aebte
1677 1239 1745 1304 und
1757 1239 1881 1302 andere
1896 1237 2003 1302 Geist-

319 1329 412 1410 liche,
427 1330 506 1393 dass
521 1331 576 1394 die
591 1331 652 1394 den
673 1329 921 1395 cisterciensem
935 1331 1107 1395 ertlreilten
1123 1329 1325 1414 Privilegren
1339 1330 1408 1393 sich
1424 1330 1495 1411 auf
1509 1329 1767 1393 selbstbestellten
1782 1328 1900 1407 Arker,
1917 1325 2006 1391 metr

318 1419 386 1499 aus
394 1418 649 1484 Neubruckland
662 1420 795 1504 beregen
810 1420 880 1483 und
898 1419 977 1484 dass
994 1419 1043 1485 sie
1064 1419 1232 1501 deeselben‚
1254 1419 1448 1484 namentliclz
1469 1419 1525 1483 die
1540 1419 1677 1482 Mdncke
1700 1439 1766 1482 von
1782 1418 1928 1482 Lucedio
1945 1417 2003 1498 (D.

685 1508 845 1589 Vercelli),
860 1510 897 1574 in
916 1509 1053 1573 Rechten
1067 1509 1137 1573 und
1150 1511 1309 1574 Personen
1322 1509 1470 1573 schellam
1483 1509 1584 1573 sollen
1602 1512 1610 1548 ¹
1613 1512 1639 1588 ).

948 1627 1035 1688 1188
1051 1623 1130 1688 Mai
1140 1629 1190 1689 18.
1221 1625 1372 1690 Lateran.

480 1741 631 1806 Clemens
661 1743 853 1825 episcopm,
884 1763 994 1806 servus
1027 1764 1195 1806 servorum
1225 1743 1294 1818 dei,
1324 1741 1564 1806 venerabilibus
1595 1740 1764 1816 fratribus,
1794 1741 1953 1823 Papiensi
1971 1737 2003 1822 ¹),

318 1830 519 1895 Vercellensi
533 1828 567 1914 ³),
583 1831 787 1894 Terdonensi
800 1828 826 1915 ⁴)
843 1832 1019 1915 episcopis
1052 1844 1085 1894 et
1101 1833 1228 1896 dilectis
1245 1832 1327 1908 filiis,
1352 1831 1537 1906 abbatibus,
1561 1830 1733 1912 prioribus,
1750 1829 2003 1904 archidiaconis

320 1921 468 1998 decaniS,
499 1921 687 2003 presbiteris
718 1931 751 1983 et
780 1923 937 1984 universis
967 1921 1177 1985 ecclesiarum
1207 1921 1356 2004 prelatis,
1389 1921 1431 1984 ad
1461 1940 1545 2001 quos
1570 1920 1675 1982 littere
1699 1920 1760 1982 iste
1783 1920 2004 2001 pervenerint,

320 2010 457 2072 salutem
488 2021 520 2072 et
551 2008 768 2091 apostolicam
798 2010 1072 2074 benedictionem.
1118 2011 1314 2073 Audivimus
1345 2021 1379 2072 et
1409 2009 1579 2074 audientes
1603 2010 1709 2072 mirati
1739 2029 1867 2084 sumus,
1902 2008 2004 2090 quod,

320 2119 393 2162 cum
424 2098 551 2161 dilectis
581 2098 654 2161 filiis
683 2099 812 2175 nostris,
844 2100 995 2163 fratribus
1024 2100 1147 2163 ordinis
1172 2099 1406 2175 cisterciensis,
1440 2098 1630 2180 apatribus
1654 2107 1687 2160 et
1710 2097 2003 2180 predecessoribus

319 2189 438 2251 nostris
463 2207 656 2251 concessum
683 2188 726 2251 sit
750 2197 782 2250 et
806 2209 824 2250 a
848 2190 944 2252 nobis
974 2199 1092 2271 postea
1122 2189 1366 2264 confirmatum,
1396 2197 1431 2250 ut
1462 2187 1504 2250 de
1534 2187 1711 2262 laboribus
1743 2207 1826 2268 quos
1858 2187 2003 2269 propriis

318 2277 469 2340 manibus
502 2285 557 2340 aut
587 2277 772 2359 sumptibus
803 2277 973 2353 excolunt,
1004 2279 1126 2341 nemini
1157 2279 1301 2342 decimas
1331 2277 1458 2340 solvere
1487 2287 1675 2352 teneantur,
1712 2276 1847 2357 quidam
1878 2277 1927 2338 ab
1959 2277 2003 2338 eis

319 2365 529 2429 nihilominus
553 2376 667 2428 contra
686 2365 774 2428 sedis
790 2367 972 2448 apostolice
988 2367 1223 2449 indulgentiam
1240 2367 1384 2430 decimas
1400 2367 1532 2447 exigere
1548 2375 1581 2429 et
1597 2375 1792 2446 extorquere
1808 2374 2003 2447 presumant

321 2463 353 2517 et
376 2475 476 2536 prava
500 2475 538 2518 ac
561 2454 691 2518 sinistra
714 2455 981 2538 interpretatione
1004 2456 1263 2538 apostolicorum
1286 2456 1528 2539 privilegiorum
1558 2454 1737 2538 capitulum
1776 2463 2003 2537 pervertentes

321 2552 477 2619 asserunt,
501 2544 542 2606 de
559 2543 730 2606 novalibus
754 2544 874 2609 debere
898 2545 1041 2626 intelligi,
1064 2547 1120 2608 ubi
1145 2545 1186 2609 de
1210 2545 1377 2608 laboribus
1401 2554 1451 2607 est
1474 2545 1674 2627 inscriptum.
1721 2543 1887 2624 Quoniam
1907 2545 2005 2626 igitur

321 2633 530 2695 manifestum
553 2641 603 2695 est
627 2633 788 2710 omnibus
819 2635 874 2716 qui
899 2645 986 2698 recte
1009 2635 1149 2716 sapiunt,
1180 2635 1482 2717 interpretationem
1506 2634 1693 2696 huiusmodi
1717 2653 1907 2715 perversam
1933 2653 2004 2696 esse

321 2731 354 2784 et
378 2722 554 2784 intellectui
570 2742 651 2785 sano
667 2724 872 2798 contrariam,
896 2724 1097 2787 universitati
1113 2733 1220 2787 vestre
1242 2744 1302 2806 per
1324 2724 1508 2805 apostolica
1531 2723 1653 2804 scripta
1675 2722 1888 2805 precipiendo
1917 2743 2004 2784 man-

321 2811 452 2886 damus,
484 2819 644 2892 quatenus
675 2812 827 2875 omnibus
857 2813 1065 2896 parochianis
1088 2813 1203 2876 vestris
1234 2813 1428 2876 auctoritate
1458 2811 1643 2894 apostolica
1674 2812 1850 2894 prohibere
1873 2811 2003 2886 curetis,

322 2920 363 2962 ne
386 2900 546 2963 ullatenus
570 2910 684 2964 contra
715 2900 852 2964 dilectos
883 2901 968 2964 filios
998 2912 1145 2978 nostros,
1177 2902 1291 2965 fratres
1314 2901 1467 2975 Locedii,
1499 2901 1554 2983 qui
1578 2900 1827 2964 Cisterciensem
1853 2901 2004 2962 ordinem

322 2998 397 3052 sunt
426 2989 582 3072 professi,
614 2991 784 3053 materiam
817 2991 978 3072 accipiant
1008 2990 1224 3072 malignandi,
1256 3012 1316 3053 nec
1350 2991 1391 3054 de
1422 2989 1584 3072 aliquibus
1614 2991 1723 3065 terriS,
1755 3010 1836 3072 quas
1861 2989 2004 3071 propriis

322 3078 473 3141 manibus
497 3088 552 3141 aut
582 3080 768 3161 sumptibus
792 3080 955 3154 excolunt,
986 3081 1054 3142 sive
1079 3081 1120 3142 de
1144 3080 1349 3143 nutrimentis
1374 3079 1561 3142 animalium
1591 3099 1723 3142 suorum
1762 3080 1940 3160 quisquam
1964 3079 2003 3140 ab

322 3167 369 3230 eis
393 3167 537 3230 decimas
561 3169 692 3249 exigere
715 3168 766 3232 vel
790 3169 1041 3250 quomodolibet
1058 3178 1253 3251 extorquere
1269 3178 1444 3253 presumat.
1483 3169 1570 3230 Nam
1586 3169 1613 3230 si
1630 3169 1672 3232 de
1687 3167 1860 3232 novalibus
1874 3177 2005 3230 tantum

321 3255 476 3318 vellemus
501 3257 644 3338 intelligi,
668 3257 724 3319 ubi
747 3258 901 3340 ponimus
919 3258 959 3321 de
976 3258 1152 3334 laboribus
1177 3259 1218 3321 de
1241 3259 1413 3321 novalibus
1436 3277 1648 3340 poneremus;
1672 3261 1756 3319 sicut
1777 3259 1810 3318 in
1825 3256 2005 3339 privilegiis

323 3346 528 3426 quorundam
552 3347 749 3428 apponimus
773 3346 918 3410 aliorum.
957 3347 1042 3428 Quia
1059 3369 1136 3410 vero
1153 3368 1219 3410 non
1236 3359 1286 3410 est
1303 3349 1510 3422 conveniens,
1533 3356 1570 3409 ut
1586 3357 1701 3410 contra
1716 3346 1804 3408 sedis
1820 3346 2006 3427 apostolice

322 3432 540 3516 indulgentias
572 3445 695 3497 temere
724 3437 886 3512 veniatur,
921 3457 984 3518 que
1014 3437 1162 3500 obtinere
1193 3437 1316 3500 debent
1345 3435 1566 3500 inviolabilem
1589 3435 1792 3512 firmitatem,
1825 3435 1925 3497 vobis
1950 3453 2006 3516 per

323 3523 506 3606 apostolica
529 3525 651 3606 scripta
674 3525 888 3606 precipiendo
912 3526 1116 3602 mandamus,
1144 3536 1189 3602 ut,
1213 3529 1240 3588 si
1265 3528 1321 3608 qui
1344 3527 1507 3601 monachi,
1532 3525 1690 3600 canonici,
1722 3523 1829 3587 clerici
1852 3523 1907 3587 vel
1934 3523 2004 3586 laici

323 3621 436 3675 contra
459 3613 628 3694 privilegia
651 3633 709 3675 sua
732 3623 932 3677 memoratos
957 3616 1070 3679 fratres
1094 3636 1193 3698 super
1215 3616 1415 3678 decimarum
1445 3616 1619 3677 exactione
1646 3614 1861 3696 gravaverint,
1891 3611 2004 3695 appel·

323 3700 445 3764 latione
468 3711 603 3776 remota,
628 3701 763 3766 clericos
787 3703 829 3766 ab
854 3703 966 3766 officio
983 3705 1201 3787 suspendatis,
1225 3705 1326 3767 laicos
1344 3715 1453 3768 autem
1469 3703 1821 3766 excommunicationis
1838 3703 2003 3764 sententia

322 3790 505 3871 percellatis
539 3801 572 3852 et
601 3801 669 3854 tam
701 3794 1065 3870 excommunicationis,
1099 3814 1198 3875 quam
1230 3793 1454 3875 suspensionis
1486 3793 1613 3856 faciatis
1660 3812 1764 3873 usque
1794 3791 1836 3853 ad
1867 3791 2003 3872 dignam

322 3879 580 3942 satisfactionem
611 3881 791 3944 sententias
822 3883 996 3946 observari.
1045 3883 1146 3963 Quod
1177 3884 1203 3945 si
1237 3903 1256 3946 a
1288 3883 1367 3946 sede
1397 3881 1583 3964 apostolica
1613 3881 1719 3944 littere
1751 3881 1869 3943 fuerint
1901 3881 2002 3962 impe

321 3977 414 4044 trate,
446 3989 583 4050 quarum
623 3971 779 4033 ocasione
817 3971 889 4053 quis
929 3971 970 4034 ab
1010 3971 1072 4034 illis
1111 3971 1255 4035 decimas
1294 3973 1424 4053 exigere
1462 3970 1514 4033 vel
1554 3970 1640 4033 aliud
1679 3979 1795 4033 contra
1832 3969 2003 4051 privilegia

321 4057 373 4119 vel
412 4056 628 4140 indulgentias
667 4079 780 4121 eorum
819 4061 860 4122 ab
900 4061 979 4142 ipsis
1017 4071 1213 4143 extorquere
1251 4061 1379 4136 nitatur,
1407 4069 1501 4124 tanto
1536 4056 1573 4143 a),
1622 4060 1712 4142 quod
1751 4058 2003 4122 Cisterciensem

323 4145 470 4208 ordinem
495 4147 560 4209 sint
584 4146 732 4228 professi,
763 4150 962 4230 respondere
986 4149 1047 4212 illis
1072 4151 1204 4213 minime
1232 4159 1412 4213 teneantur.
1459 4151 1495 4212 In
1523 4149 1641 4230 quibus
1672 4150 1780 4222 etiam,
1812 4148 1838 4210 si
1865 4147 2003 4210 inhibita

323 4234 418 4296 fuerit
456 4235 644 4318 appellati0‚
684 4237 894 4300 nihilominus
933 4237 1120 4321 appellandi
1159 4239 1303 4303 habeant
1343 4237 1541 4314 facultatem,
1580 4239 1641 4300 nisi
1679 4257 1740 4319 pro
1780 4238 1873 4300 bono
1913 4237 2003 4319 pacis

322 4333 507 4405 spontanea
541 4345 615 4387 cum
660 4325 821 4407 aliquibus
864 4329 1109 4409 composuerint
1149 4328 1326 4392 voluntate.
1380 4328 1481 4409 Quod
1523 4327 1549 4390 si
1592 4327 1699 4409 alique
1741 4327 2003 4407 compositiones

323 4412 407 4476 inter
438 4432 495 4475 eos
526 4423 560 4476 et
591 4414 719 4495 aliquos
750 4415 841 4497 pacis
873 4416 990 4480 intuitu
1022 4427 1055 4478 et
1087 4418 1254 4499 utriusque
1285 4417 1388 4499 partis
1419 4437 1583 4481 consensu
1619 4437 1717 4499 super
1748 4415 1887 4479 decimis
1920 4414 2003 4477 facte

324 4501 450 4575 fuerint,
482 4501 555 4564 illos
578 4505 745 4585 perpetuis
777 4506 982 4587 temporibus
1013 4515 1099 4568 ratas
1127 4517 1160 4568 et
1187 4508 1399 4570 inconcussas
1431 4526 1623 4589 permanere
1658 4504 1793 4580 faciatis
1828 4505 1856 4566 si
1891 4515 2002 4566 tamen

323 4611 378 4653 eas
403 4590 444 4652 de
468 4592 668 4656 conscientia
691 4603 724 4655 et
747 4593 988 4676 approbatione
1011 4595 1141 4658 abbatis
1165 4605 1197 4658 et
1221 4595 1355 4658 fratrum
1379 4596 1563 4659 constiterit
1586 4595 1786 4676 processisse
1814 4603 1848 4656 et
1872 4592 2002 4665 nullam,

325 4680 415 4760 quod
438 4680 532 4756 absit,
563 4683 754 4746 contineant
784 4684 987 4765 pravitatem.
1033 4683 1089 4746 Ad
1120 4684 1181 4747 hec
1211 4685 1411 4766 presentium
1444 4685 1637 4747 auctoritate
1660 4684 1755 4746 vobis
1787 4681 2001 4764 precipiendo

324 4769 527 4845 mandamus,
550 4781 719 4852 quatenus
744 4773 771 4834 si
788 4775 860 4855 quis
876 4773 1067 4835 eommdem
1091 4773 1366 4854 parochianomm
1389 4783 1571 4836 vestrorum
1586 4773 1628 4854 ⁴in
1652 4791 1731 4854 sepe
1755 4771 1864 4834 dictos
1888 4771 2001 4834 fratres

323 4857 483 4921 violentas
514 4879 628 4923 manus
659 4861 818 4936 iniecerit,
851 4882 941 4938 eum,
972 4860 1115 4924 candelis
1144 4865 1300 4940 accensis
1331 4862 1651 4926 excommunicatum
1675 4861 1807 4943 publice
1829 4861 2000 4924 muncietis

324 4956 356 5010 et
379 4957 548 5029 tamquam
572 4952 892 5014 excommunicatum
909 4951 1035 5014 faciatis
1051 4951 1093 5013 ab
1111 4953 1263 5016 omnibus
1280 4953 1401 5028 evitari,
1426 4952 1533 5015 donec
1548 4951 1673 5013 eisdem
1689 4949 1843 5012 fratribus
1859 4967 2000 5032 congrue

324 5037 503 5100 satisfaciat
526 5047 559 5101 et
582 5059 656 5102 cum
680 5038 793 5101 litteris
818 5039 985 5103 diocesani
1008 5040 1166 5123 episcopi,
1199 5043 1243 5104 rei
1267 5044 1437 5105 veritatem
1470 5040 1723 5116 continentibus,
1757 5039 1945 5120 apostolico
1968 5055 1999 5098 se

324 5129 515 5209 conspectui
540 5136 749 5210 representet.
774 5164 816 5172 -
840 5129 916 5192 Dat.
938 5130 1101 5206 Laterani,
1125 5143 1174 5192 xv
1197 5131 1250 5194 Kl.
1275 5132 1365 5194 Iunii.
1411 5129 1623 5194 Pontificatus
1647 5129 1750 5191 nostri
1774 5147 1863 5190 anno
1886 5128 2000 5209 primo.

482 5241 637 5308 Beglaubr'gte
653 5241 780 5304 Absclrrr'st
796 5242 836 5291 des
854 5243 886 5292 13
908 5242 1010 5306 Jahrb,
1030 5242 1143 5304 (Abbau'a
1161 5244 1188 5292 di
1203 5244 1316 5308 Lucedio,
1337 5244 1419 5294 Masso
1441 5248 1475 5310 1),
1494 5243 1528 5294 im
1546 5241 1659 5294 Archivr'o
1677 5243 1705 5292 di
1721 5243 1789 5292 Statu
1807 5258 1837 5290 su
1861 5242 1887 5290 T
1882 5241 1949 5290 ursit.

484 5548 512 5616 a)
531 5551 618 5600 Lesan
633 5550 701 5600 nicht
717 5551 799 5614 sicher,
817 5552 893 5618 abiges
911 5553 987 5604 kmem
1004 5552 1098 5619 richu'g,
1116 5554 1143 5603 ob
1161 5557 1262 5606 tamen?
1280 5592 1332 5600 m
1353 5557 1389 5620 ,1)
1413 5553 1489 5620 Vergl.
1519 5553 1556 5604 dr'e
1583 5552 1701 5602 Urkmrde
1723 5567 1779 5601 vm
1798 5553 1814 5601 3
1831 5549 1906 5615 April
1924 5549 1997 5600 1180.

325 5625 351 5688 2)
371 5621 512 5688 lanfrank,
534 5623 638 5689 Bisthos
654 5639 702 5674 von
723 5623 808 5685 Pavia,
828 5626 1008 5675 nso-1198.
1091 5628 1118 5690 3)
1137 5627 1226 5687 Albert,
1245 5627 1350 5692 Birctof
1361 5642 1409 5678 von
1427 5627 1531 5686 Venelli,
1551 5624 1730 5675 nso-1206.
1821 5628 1851 5691 4)
1872 5617 1997 5685 (ΜΨ
