4126 6356
319 343 377 410 152

473 520 596 580 Datum
619 519 780 594 Laterani,
813 539 871 600 per
893 538 1026 580 manum
1049 517 1200 592 Rolandi,
1231 526 1343 579 sancte
1366 515 1516 578 Romane
1547 515 1682 578 ecclesie
1713 512 1883 598 presbiteri
1917 531 1987 572 car·

317 607 432 669 dinalis
456 618 488 669 et
511 608 701 669 cancellarii.
731 622 809 670 XIIII
832 607 884 670 Kl.
909 607 998 670 Iunii.
1029 608 1210 670 indictione
1234 621 1268 668 II.
1296 605 1542 668 incarnationis
1565 606 1730 667 dominice
1754 624 1840 667 anno
1863 613 1986 664 MCLIv.

316 696 525 759 Pontificatus
548 717 625 758 vero
651 697 762 758 domni
786 697 952 759 Anastasii
976 711 1013 759 IV
1037 718 1125 778 pape
1149 716 1235 758 anno
1259 697 1376 777 primo.

470 810 592 874 Abschrist
608 825 662 858 vom
687 812 715 856 18
727 809 820 874 Jahrb.
839 810 879 858 des
898 811 995 859 Bullur.
1016 810 1091 860 Basil.
1110 810 1278 859 Lateranemis
1292 817 1319 874 p.
1339 812 1383 871 20,
1402 825 1456 857 vom
1481 813 1509 856 14
1532 807 1623 873 Jahrb.
1644 808 1683 855 des
1705 805 1842 871 Coprhrium
1859 807 1894 854 75
1910 813 1938 868 p.
1953 803 1988 852 23

317 881 514 946 (ornaturum),
534 882 566 929 im
584 881 700 931 Archivio
722 882 854 944 Capitulum
871 881 898 929 di
915 883 966 930 San
989 881 1112 930 Giouanm'
1128 883 1153 930 in
1173 883 1293 930 Laterano
1311 899 1340 930 zu
1359 883 1428 930 Rom.

1058 1210 1124 1284 Nr.
1156 1214 1240 1284 143.

317 1359 510 1422 Anastasius
537 1359 560 1421 I
567 1356 597 1420 V
613 1355 729 1421 nuinmt
758 1358 820 1420 den
844 1356 1171 1423 Kanonikerlconvent
1190 1382 1250 1423 von
1284 1357 1427 1422 Vollerra
1457 1358 1491 1420 in
1517 1355 1750 1440 apostolisclcen
1774 1353 1894 1417 Scltutu
1922 1352 1993 1415 und

317 1451 466 1530 bestc'itrgt
495 1447 563 1510 ilum
592 1449 679 1510 scine
702 1447 939 1510 Besitatlzzimer
965 1451 1034 1512 und
1055 1450 1187 1528 Reclzte,
1217 1451 1334 1529 ruostir
1345 1445 1493 1532 Ji'z'lzrlr'clz
1518 1451 1538 1509 6
1561 1447 1691 1509 Denare
1715 1442 1922 1507 Lucclzesz'sclz
1947 1463 1991 1504 an

878 1539 932 1601 die
956 1537 1060 1602 Kurie
1081 1561 1122 1603 au
1145 1539 1320 1602 entriclzten
1342 1537 1427 1602 sind.

924 1657 1007 1716 1154
1031 1652 1108 1717 Maz'
1126 1657 1179 1716 25.
1226 1655 1376 1718 Lateran.

477 1783 669 1847 Anastasius
685 1786 868 1868 episcopus,
892 1808 1003 1851 servus
1019 1809 1186 1851 servorum
1203 1789 1266 1864 dei,
1290 1789 1417 1852 dilectis
1433 1788 1515 1864 filiis,
1532 1784 1807 1869 archipresbitero
1824 1790 1857 1844 et
1872 1779 1992 1842 ceteris

318 1875 502 1961 Wlterranq
533 1875 669 1959 ecclesie
701 1876 878 1950 canonicis,
916 1885 982 1940 tam
1017 1879 1224 1959 presentibus
1255 1897 1354 1958 quam
1387 1878 1519 1954 futuris,
1559 1877 1715 1940 canonice
1745 1869 1992 1941 substituendis,

320 1978 357 2027 IN
372 1977 448 2024 PPM.
466 2001 507 2010 -
528 1961 532 2046 l
553 1966 608 2047 Pie
626 1964 802 2044 postulatio
819 1966 994 2029 voluntatis
1011 1968 1128 2030 effectu
1146 1968 1247 2030 debet
1263 1977 1484 2050 prosequente
1501 1966 1670 2047 compleri,
1694 1971 1730 2025 ut
1753 1971 1787 2025 et
1807 1959 1992 2022 devotionis

318 2054 482 2115 sinceritas
512 2053 716 2115 laudabiliter
748 2056 905 2117 enitescat
935 2065 968 2118 et
1000 2057 1120 2119 utilitas
1151 2057 1318 2138 postulata
1339 2059 1342 2140 l
1364 2059 1446 2120 vires
1479 2057 1700 2119 indubitanter
1730 2059 1884 2114 assumat
1930 2047 1993 2109 Ea-

320 2152 472 2224 propter,
503 2142 610 2204 dilecti
641 2145 672 2204 in
696 2143 831 2205 domino
863 2143 937 2219 filii,
968 2149 1084 2209 vestris
1108 2147 1197 2209 iustis
1232 2146 1506 2227 postulationibus
1530 2146 1708 2207 clementer
1740 2142 1928 2212 annuimus,
1961 2143 1994 2198 et

319 2233 589 2313 predecessorum
614 2241 808 2308 nostrorum,
833 2232 920 2318 bone
937 2239 1093 2318 memorie
1110 2235 1298 2298 CELES'IINI
1318 2235 1341 2321 ¹)
1365 2244 1398 2297 et
1413 2245 1524 2320 sancte
1541 2233 1773 2296 recordationis
1790 2229 1947 2292 EUGENn
1961 2225 1994 2308 ²),

319 2322 543 2383 Romanorum
567 2320 781 2402 pontificum,
811 2324 955 2404 vestigiis
987 2323 1187 2399 inherentes,
1219 2325 1380 2406 prefatam
1413 2325 1582 2388 ecclesiam
1614 2323 1710 2406 beate
1742 2320 1796 2382 dei
1827 2318 1994 2400 genitricis

320 2428 515 2490 semperque
546 2410 676 2490 virginis
702 2413 830 2489 MARIF„
862 2415 893 2473 in
925 2434 988 2494 qua
1017 2414 1125 2476 divino
1150 2417 1228 2477 estis
1252 2414 1411 2495 obsequio
1436 2414 1620 2494 mancipati,
1654 2411 1714 2472 sub
1737 2410 1825 2472 beati
1851 2407 1938 2469 Petri
1963 2412 1995 2466 et

319 2509 429 2561 nostra
461 2503 667 2581 protectione
697 2501 891 2580 suscipimus
924 2511 957 2563 et
979 2507 1141 2584 presentis
1163 2506 1277 2585 scripti
1302 2505 1471 2585 privilegio
1496 2503 1746 2565 communimus.
1792 2496 1994 2568 Statuentes,

320 2596 354 2650 ut
377 2608 600 2668 quascumque
629 2592 862 2670 possessiones,
893 2610 1099 2672 quecumque
1123 2595 1209 2655 bona
1234 2594 1349 2656 eadem
1375 2594 1514 2655 ecclesia
1537 2594 1569 2653 in
1593 2591 1829 2672 presentiarum
1854 2587 1939 2647 iuste
1963 2592 1996 2645 et

319 2679 474 2740 canonice
498 2679 654 2759 possidet,
678 2687 734 2740 aut
749 2680 780 2740 in
797 2678 939 2742 futurum
958 2685 1170 2744 concessione
1187 2681 1388 2765 pontificum,
1412 2682 1583 2765 largitione
1599 2700 1711 2760 regum
1728 2676 1779 2739 vel
1797 2677 1994 2758 principum,

320 2766 484 2829 oblatione
507 2766 651 2828 fidelium
676 2787 732 2829 seu
756 2768 827 2829 aliis
851 2770 941 2830 iustis
966 2772 1072 2833 modis
1089 2773 1153 2834 deo
1170 2773 1313 2853 propitio
1331 2773 1451 2853 poterit
1467 2770 1611 2852 adipisci,
1635 2768 1728 2830 firma
1742 2765 1839 2828 vobis
1863 2765 1996 2826 vestris·

320 2875 383 2935 que
407 2857 648 2918 successoribus
672 2865 704 2918 et
729 2856 851 2919 illibata
875 2869 1095 2940 permaneant.
1141 2861 1176 2922 In
1201 2861 1316 2941 quibus
1341 2859 1402 2923 hec
1427 2861 1565 2942 propriis
1588 2859 1742 2920 duximus
1776 2853 1996 2934 exprimenda

319 2944 504 3008 vocabulis:
535 2944 667 3026 plebem
701 2946 743 3007 de
766 2945 867 3027 Nigra
898 2969 971 3010 cum
996 2950 1214 3012 decimatione
1238 2958 1271 3012 et
1294 2950 1427 3032 capellis
1451 2950 1524 3024 suia,
1556 2947 1687 3029 plebem
1720 2945 1762 3006 de
1786 2940 1996 3022 Villamagna

321 3054 395 3095 cum
418 3033 638 3096 decimatione
662 3044 695 3096 et
717 3036 852 3116 capellis
876 3039 950 3111 suis,
975 3046 1099 3100 curtem
1125 3047 1157 3101 et
1181 3041 1350 3101 ecclesiam
1379 3040 1421 3102 de
1451 3047 1563 3100 sancta
1586 3033 1728 3117 Agatha,
1753 3032 1929 3096 ecclesiam
1954 3030 1995 3090 de

322 3122 558 3197 Guardastalla,
581 3123 740 3204 capellam
766 3125 808 3187 de
832 3125 948 3188 Monte
973 3130 1095 3202 maiori,
1124 3128 1294 3192 ecclesiam
1318 3130 1360 3190 de
1383 3128 1546 3202 Nubian0,
1579 3125 1749 3188 ecclesiam
1774 3123 1817 3184 de
1841 3117 1996 3192 Petriolo,

321 3212 570 3274 decimationem
605 3212 788 3298 Wlterrane
822 3215 943 3294 plebis,
985 3217 1236 3280 decimationem
1276 3219 1317 3279 de
1350 3219 1532 3291 Monterio,
1572 3216 1614 3277 de
1656 3221 1748 3295 parte
1778 3210 1931 3292 episcopi
1965 3217 1996 3268 et

323 3299 518 3363 marchionis
551 3301 735 3364 oblationes
759 3323 873 3366 omnes
897 3306 1043 3367 eiusdem
1068 3307 1203 3392 ecclesie
1227 3316 1336 3388 preter
1360 3327 1466 3369 ceram
1493 3314 1526 3366 et
1550 3303 1659 3366 oleum
1684 3323 1703 3364 a
1726 3303 1813 3384 bone
1839 3297 1996 3377 memorie

322 3391 531 3452 BENEDICTO
547 3391 707 3467 videlicet,
724 3391 933 3456 HERMANNO
950 3402 982 3455 et
997 3394 1208 3479 ROGER103),
1233 3396 1424 3458 Wlterranis
1440 3395 1612 3477 episcopis
1636 3393 1792 3454 canonice
1808 3388 1903 3450 vobis
1921 3407 1996 3448 con·

322 3499 440 3554 cessas,
462 3488 580 3542 terram
605 3480 648 3542 de
664 3478 908 3562 Cerretoplano,
934 3485 1090 3565 quicquid
1114 3483 1242 3547 habetis
1266 3487 1298 3546 in
1323 3495 1412 3548 curte
1430 3494 1463 3547 et
1487 3485 1619 3546 civitate
1636 3481 1830 3551 Wlterrana,
1855 3479 1886 3538 in
1904 3485 1997 3538 curte

323 3571 365 3631 de
382 3577 493 3630 monte
505 3569 670 3643 Wltrari0,
695 3570 725 3631 in
741 3581 831 3633 curte
848 3573 890 3634 de
907 3571 1031 3648 Casula,
1049 3576 1079 3635 in
1096 3583 1186 3636 curte
1202 3575 1245 3637 de
1258 3576 1429 3650 Menzano,
1448 3576 1479 3636 in
1497 3584 1585 3636 curte
1602 3573 1642 3634 de
1659 3579 1774 3632 sancto
1790 3566 1997 3638 Geminiano,

323 3660 355 3720 in
375 3667 465 3719 curte
481 3659 524 3720 de
541 3657 682 3722 Castello
698 3663 809 3735 veteri,
833 3663 865 3722 in
883 3671 972 3724 curte
988 3671 1020 3725 et
1036 3664 1172 3725 castello
1188 3665 1231 3726 de
1248 3662 1356 3745 Nigra,
1374 3665 1405 3725 in
1422 3671 1511 3724 curte
1528 3663 1570 3723 de
1587 3659 1833 3731 Montetinioso,
1856 3656 1887 3716 in
1906 3662 1997 3717 curte

323 3748 366 3810 de
390 3746 640 3829 Petraraminga,
664 3749 693 3809 in
719 3757 808 3812 curte
833 3751 874 3812 de
898 3752 1033 3814 castello
1057 3752 1146 3826 Falfi,
1178 3754 1209 3814 in
1234 3761 1324 3815 curte
1348 3752 1390 3813 de
1413 3751 1536 3833 Ligula,
1568 3752 1598 3813 in
1623 3756 1713 3811 curte
1737 3755 1771 3810 et
1795 3744 1930 3808 castello
1955 3745 1998 3804 de

324 3835 464 3912 Gezano‚
495 3838 526 3898 in
551 3847 640 3899 curte
663 3838 706 3900 de
729 3839 872 3912 Latret0‚
906 3843 938 3902 in
962 3849 1052 3903 curte
1076 3842 1118 3903 de
1142 3841 1283 3916 Pezzole,
1315 3843 1346 3903 in
1371 3849 1461 3904 curte
1490 3842 1532 3902 de
1557 3838 1734 3910 Monteclo‚
1769 3837 1801 3899 in
1831 3842 1925 3896 curte
1957 3833 1998 3894 de

325 3927 583 4002 Montecuccari,
615 3928 646 3989 in
677 3937 767 3989 curte
798 3929 841 3990 de
862 3928 947 3990 Villa
978 3951 1113 4012 magna,
1145 3933 1176 3992 in
1208 3941 1298 3993 curte
1329 3931 1371 3992 de
1403 3931 1504 4004 Pava,
1537 3930 1568 3990 in
1600 3937 1690 3990 curte
1722 3933 1755 3988 et
1786 3923 1922 3986 castello
1956 3923 1999 3982 de

323 4016 471 4077 Laiatico
495 4017 527 4077 in
552 4024 642 4077 curte
666 4017 707 4078 de
730 4017 858 4092 Belora‚
891 4019 923 4080 in
957 4028 1046 4081 curte
1078 4021 1119 4081 de
1148 4021 1255 4082 casale
1278 4019 1399 4095 Iustuli,
1432 4021 1464 4081 in
1496 4026 1586 4081 curte
1617 4018 1660 4079 de
1691 4023 1802 4078 monte
1825 4011 1998 4084 Scudario,

324 4106 356 4166 in
373 4103 522 4178 Coruino,
546 4107 578 4166 in
595 4105 730 4167 castello
755 4115 788 4168 et
810 4115 900 4169 curte
925 4108 966 4169 de
983 4107 1076 4182 Valli,
1099 4112 1234 4172 terciam
1258 4118 1385 4190 partem
1410 4110 1507 4171 curtis
1532 4119 1565 4169 et
1581 4104 1703 4168 castelli
1720 4106 1763 4166 de
1779 4102 1998 4184 Camporena,

325 4195 535 4256 medietatem
568 4194 610 4255 de
634 4203 723 4256 curte
756 4203 788 4257 et
818 4195 951 4258 castello
982 4199 1024 4259 de
1047 4199 1185 4271 Rotano,
1218 4207 1342 4261 curtem
1374 4200 1475 4260 sancti
1501 4198 1654 4280 Mamme,
1683 4196 1819 4256 domum
1843 4211 1941 4251 unam
1968 4191 1998 4250 in

324 4281 455 4344 Lucana
486 4284 624 4345 civitate.
679 4281 873 4346 Sanctorum
908 4304 1039 4367 quoque
1069 4297 1198 4368 patrum
1229 4290 1455 4350 auctoritatem
1489 4296 1664 4366 sequentes
1696 4281 1929 4364 prohibemus,
1965 4286 2000 4339 ut

326 4371 402 4432 nulli
427 4371 583 4453 episcopo
608 4372 748 4451 aliquam
774 4374 1012 4438 ordinationem
1037 4378 1068 4438 in
1094 4376 1209 4441 eadem
1235 4375 1370 4439 ecclesia
1392 4377 1511 4438 'facere
1534 4375 1586 4438 vel
1618 4392 1792 4456 personam
1821 4367 1999 4431 excludere

326 4462 393 4522 sive
426 4461 512 4522 bona
544 4463 753 4542 episcopatus
786 4464 817 4523 in
849 4464 985 4545 pignore
1009 4465 1061 4529 vel
1092 4465 1193 4528 feudo
1224 4466 1317 4528 alicui
1351 4467 1429 4528 dare
1459 4486 1516 4528 seu
1547 4463 1694 4543 quolibet
1726 4461 1826 4523 modo
1859 4458 2000 4520 alienare

326 4549 451 4630 absque
475 4552 639 4612 communi
664 4550 797 4613 fratrum
820 4553 871 4615 vel
894 4555 1029 4616 sanioris
1054 4557 1154 4636 partis
1188 4556 1323 4618 consilio
1347 4554 1450 4618 liceat.
1496 4553 1688 4616 Adicientes
1721 4551 1819 4612 etiam
1853 4547 1999 4630 presenti

327 4639 460 4700 decreto
492 4641 691 4713 sanccimuS,
724 4648 759 4701 ut
790 4640 865 4703 nulli
897 4645 1056 4725 episeopo
1089 4644 1197 4719 liceat,
1228 4644 1309 4706 infra
1341 4645 1513 4726 spetialem
1545 4650 1685 4705 vestram
1716 4638 1924 4721 parrochiam
1947 4634 2000 4698 vel

328 4748 438 4789 muros
461 4727 645 4814 Wlterranq
677 4730 814 4791 civitatis
845 4730 982 4811 aliquam
1015 4733 1184 4796 ecclesiam
1210 4733 1400 4814 popularem
1425 4735 1467 4796 de
1490 4753 1577 4796 novo
1601 4734 1670 4793 sine
1692 4736 1802 4791 vestro
1833 4725 2000 4789 communi

327 4837 459 4878 assensu
494 4827 689 4880 construere.
743 4818 958 4882 Decernimus
991 4841 1086 4903 erg0,
1135 4831 1170 4884 ut
1207 4823 1283 4886 nulli
1317 4822 1449 4885 omnino
1482 4821 1652 4884 hominum
1684 4819 1791 4891 liceat,
1834 4815 1999 4898 prefatam

328 4905 496 4968 ecclesiam
522 4953 529 4967 .
556 4955 561 4968 .
587 4957 592 4969 .
617 4954 624 4968 .
650 4908 759 4970 usibus
784 4911 981 4972 omnimodis
1006 4911 1183 4993 profutura,
1214 4912 1302 4975 salva
1332 4913 1419 4976 sedis
1443 4911 1621 4994 apostolice
1652 4907 1844 4971 auctoritate
1868 4913 1903 4967 et
1934 4904 1999 4985 epi·

328 4997 420 5077 scopi
443 4998 542 5058 vestri
566 4997 721 5058 canonica
745 5001 935 5062 reverentia.
981 5000 1037 5062 Ad
1061 5002 1209 5064 inditium
1243 5011 1350 5064 autem
1375 5001 1469 5064 huius
1493 5021 1512 5064 a
1535 5001 1614 5062 sede
1638 4996 1818 5080 apostolica
1841 5003 2000 5076 percepte

328 5087 542 5166 protectionis
565 5105 625 5148 sex
648 5088 800 5149 denarios
822 5088 977 5151 Lucensis
1002 5099 1134 5174 monete
1159 5091 1252 5153 nobis
1276 5092 1459 5173 nostrisque
1482 5089 1723 5153 suecessoribus
1751 5087 1842 5148 annis
1867 5081 1999 5165 singulis

329 5172 527 5256 persolvetis.
573 5173 608 5237 Si
633 5194 696 5253 qua
713 5178 831 5257 igitur.
850 5227 880 5241 ..
905 5177 1036 5242 Cunctis
1053 5189 1161 5242 autem
1180 5229 1185 5242 .
1204 5230 1210 5242 .
1228 5229 1234 5243 .
1251 5183 1423 5243 inveniant.
1462 5180 1580 5242 Amen.
1596 5214 1639 5223 —
1655 5177 1744 5239 A-m.
1762 5212 1804 5221 —-
1820 5172 1941 5235 Amen.
1959 5205 2000 5216 -

540 5259 593 5348 (R)
617 5265 689 5346 Ego
713 5263 906 5330 Anastasius
930 5268 1089 5354 catholice
1113 5269 1249 5354 ecclesie
1273 5271 1448 5352 episcopus
1471 5291 1511 5332 ss.
1535 5267 1596 5352 (M)

541 5355 560 5438 †
583 5353 656 5436 Ego
679 5353 818 5418 Ymarus
842 5356 1044 5420 Tusculanus
1068 5359 1242 5441 episcopus
1264 5379 1305 5420 ss.

540 5477 584 5490 -
606 5445 626 5528 †
649 5445 723 5525 Ego
749 5443 1023 5531 GG.(Gregorius)
1046 5447 1209 5530 presbiter
1231 5445 1402 5512 cardinalis
1425 5447 1474 5510 tit.
1498 5445 1615 5509 Calixti
1639 5464 1679 5506 ss

365 5576 370 5580 -
394 5577 529 5585 ---.---.-.

343 5706 353 5753 l
408 5707 422 5753 ς
454 5637 598 5756 Ἴῐ)1ίΙνΙε.
617 5655 671 5687 auru
689 5641 706 5688 3
726 5639 800 5688 Mc'ira
823 5645 896 5690 1144.
990 5644 1016 5704 2)
1039 5641 1097 5692 Ure.
1122 5659 1176 5691 rrum
1196 5645 1227 5690 29
1247 5643 1321 5708 April
1337 5647 1409 5696 mo.
1508 5642 1534 5707 3)
1560 5639 1638 5704 Vergl.
1657 5654 1738 5702 turgeu
1760 5637 1804 5686 rirr
1822 5637 1877 5686 drri
1895 5635 2001 5700 Biscluss

329 5722 384 5754 uun
403 5742 428 5760 .,
449 5714 474 5756 οἰ
502 5724 572 5757 stetu.

557 5581 751 5588 .-—-...—-
