4090 6358
312 329 355 409 76

312 517 433 582 bilibus
465 516 616 581 iratribus
643 517 777 593 hostria,
817 514 1001 581 Littefredo
1033 515 1228 578 Novariensi
1268 524 1301 578 et
1330 513 1457 578 Gisollo
1487 515 1686 579 Vercellensi
1718 519 1894 602 episcopis
1925 531 1983 586 sta·

312 616 418 671 tutum
448 616 482 671 et
511 607 633 689 scripto
666 606 830 670 firmatum
862 616 913 670 est
929 605 970 688 ¹),
1000 616 1148 670 montem
1172 604 1321 682 Galliani,
1352 604 1518 681 Uliacum‚
1550 603 1805 686 Montonarium,
1837 621 1983 691 quartam

312 708 440 780 partem
470 697 630 774 Veuroni‚
669 697 842 785 ecclesiam
871 695 975 759 sancti
1009 694 1203 760 Christolori
1242 714 1316 758 cum
1354 703 1444 757 curte
1482 715 1556 771 sua,
1588 694 1812 774 Carracetum,
1853 700 1983 764 Portum

312 787 414 851 Sarvi.
460 786 645 851 Sanctimus
669 787 782 864 etiam,
814 794 864 863 ut,
894 786 920 849 si
953 785 1025 867 quis
1056 785 1263 849 benefitiatus
1294 784 1327 846 in
1358 783 1496 871 ecclesia
1525 795 1634 848 vestra
1664 786 1855 866 decesserit,
1889 791 1983 854 bene·

313 877 416 939 fitium
449 876 549 958 ipsius
581 876 625 938 ad
658 875 772 939 fratres
817 875 1035 939 communiter
1070 874 1257 939 habitantes
1303 893 1378 936 cum
1418 872 1605 956 integritate
1637 876 1806 955 deveniat,
1845 899 1984 963 persona

312 975 430 1042 tamen,
455 985 519 1052 que
542 964 620 1028 illud
644 967 802 1048 optineat,
827 965 985 1029 canonice
1009 965 1193 1030 substituta.
1239 963 1435 1028 Sanctorum
1460 984 1592 1046 quoque
1612 975 1743 1048 patrum
1759 970 1984 1033 auctoritatem

311 1065 484 1136 sequentes
507 1056 694 1132 sanctimus,
725 1065 761 1119 ut
783 1055 1004 1143 ecclesiastica
1036 1054 1169 1137 negotia
1197 1054 1266 1116 sine
1289 1055 1456 1116 communi
1481 1053 1616 1117 fratrum
1646 1065 1703 1120 aut
1724 1059 1863 1121 sanioris
1886 1061 1984 1141 partis

312 1144 448 1207 consilio
473 1145 515 1207 ab
540 1145 701 1227 episcopo
725 1165 792 1208 non
822 1154 1000 1208 tractentur
1032 1154 1073 1220 et,
1102 1153 1138 1207 ut
1169 1143 1274 1206 nullus
1307 1141 1400 1205 aliter
1431 1143 1464 1204 in
1495 1143 1611 1207 eadem
1642 1147 1781 1231 ecclesia
1811 1150 1984 1212 canonicus

311 1234 478 1297 ordinetur
500 1254 561 1297 nec
588 1234 761 1298 cuiuslibet
780 1235 991 1323 ecclesiastici
1016 1233 1110 1298 ollitii
1135 1232 1383 1296 amministratio
1400 1231 1494 1294 alicui
1511 1235 1743 1298 committatur.
1788 1238 1984 1321 Precipimus

313 1324 420 1400 etiam,
444 1332 480 1386 ut
503 1323 667 1400 benefitia,
693 1344 756 1412 que
779 1324 959 1407 spetialiter
981 1344 1002 1386 a
1024 1322 1158 1405 singulis
1181 1322 1294 1386 haberi
1319 1333 1565 1399 consueverant,
1593 1323 1636 1386 ad
1660 1345 1870 1391 communem
1895 1349 1985 1392 usum

312 1423 345 1477 et
369 1413 542 1476 utilitatem
566 1413 755 1496 redigantur
783 1423 815 1476 et
839 1414 1055 1477 communiter
1081 1412 1273 1477 habeantur.
1322 1409 1527 1474 Sententiam
1551 1433 1693 1495 quoque,
1725 1436 1789 1500 que
1821 1417 1984 1482 intervos

312 1512 345 1568 et
368 1502 514 1585 prefatos
537 1503 635 1591 beate
660 1504 762 1587 Marie
785 1504 962 1567 canonicos
985 1524 1005 1566 a
1029 1503 1156 1566 dilectis
1186 1501 1260 1564 liliis
1283 1501 1403 1564 nostris
1426 1500 1594 1565 GUIDONE
1625 1506 1729 1567 sancti
1753 1505 1933 1589 Grisogoni
1956 1518 1986 1572 et

311 1593 489 1658 HUBALDO
505 1603 617 1679 sancte
633 1593 790 1656 Praxedis
806 1593 993 1674 presbiteris
1017 1590 1236 1656 cardinalibus
1252 1591 1410 1654 canonice
1432 1591 1641 1674 promulgata
1664 1604 1714 1657 est
1730 1594 1768 1672 ²),
1793 1599 1985 1662 auctoritate

312 1682 497 1763 apostolica
520 1682 760 1746 confirmamus,
805 1684 935 1745 Pretera
965 1683 1115 1764 antiquas
1146 1690 1181 1744 et
1208 1680 1420 1744 rationabiles
1444 1682 1697 1746 consuetudines
1726 1685 1827 1766 ipsius
1852 1688 1985 1774 ecclesie

312 1780 399 1834 ratas
423 1791 555 1834 manere
578 1792 756 1835 censemus.
802 1772 1017 1835 Decernimus
1041 1791 1128 1853 ergo,
1152 1780 1189 1834 ut
1211 1769 1289 1833 nulli
1309 1770 1470 1852 episcopo
1485 1771 1537 1833 vel
1553 1770 1647 1834 alicui
1665 1774 1800 1837 omnino
1817 1774 1985 1839 hominum

312 1861 417 1938 liceat,
441 1861 603 1943 prefatam
626 1860 798 1949 ecclesiam
821 1870 944 1924 temere
972 1862 1164 1944 perturbare
1194 1869 1250 1923 aut
1273 1860 1342 1922 eius
1372 1860 1597 1941 possessiones
1629 1861 1755 1926 auferre
1777 1865 1829 1927 vel
1861 1866 1984 1929 ablatas

312 1952 461 2026 retinere,
495 1951 638 2014 minuere
661 1951 713 2014 vel
744 1951 906 2032 aliquibus
937 1950 1039 2014 fodris
1063 1959 1118 2014 aut
1141 1949 1369 2013 exactionibus
1392 1949 1461 2012 sive
1483 1951 1727 2031 gravaminibus
1751 1953 1898 2036 fatigare,
1931 1957 1985 2019 sed

313 2041 425 2104 omnia
448 2041 575 2124 integra
598 2051 829 2104 conserventur
852 2060 974 2118 eorum,
1003 2060 1063 2122 pro
1089 2059 1228 2122 quorum
1250 2039 1489 2122 gubernatione
1513 2048 1547 2102 et
1569 2043 1808 2106 sustentatione
1832 2065 1985 2109 concessa

311 2140 394 2205 sunt,
428 2131 539 2195 usibus
563 2130 761 2194 omnimodis
784 2129 962 2212 profutura,
994 2130 1084 2193 salva
1107 2129 1194 2192 sedis
1218 2127 1400 2216 apostolice
1424 2129 1627 2193 auctoritate.
1674 2129 1709 2195 Si
1742 2153 1807 2213 qua
1835 2135 1985 2216 igiturin

314 2219 455 2283 futurum
487 2219 707 2307 ecclesiastica
736 2219 930 2283 secularisve
961 2239 1116 2301 persona,
1146 2216 1240 2281 huius
1270 2227 1381 2305 nostre
1412 2219 1654 2282 constitutionis
1683 2223 1840 2303 paginam
1873 2227 1984 2301 sciens,

314 2320 428 2372 contra
452 2331 525 2372 eam
548 2319 670 2374 temere
692 2311 803 2373 venire
826 2309 1044 2390 temptaverit,
1067 2308 1213 2372 secundo
1230 2309 1368 2370 tertiove
1384 2309 1594 2385 commonita,
1619 2310 1645 2372 si
1662 2331 1729 2374 non
1745 2323 1872 2377 reatum
1895 2335 1985 2378 suum

314 2419 458 2481 congrua
477 2395 728 2484 satlisfalctione
751 2399 936 2475 correxerit,
960 2398 1134 2481 potestatis
1158 2396 1358 2479 honorisque
1380 2397 1429 2460 sui
1454 2397 1614 2480 dignitate
1638 2409 1746 2463 careat
1778 2423 1936 2486 reamque
1954 2425 1985 2468 se

315 2487 426 2550 divino
450 2489 564 2553 iuditio
589 2489 727 2552 existere
752 2489 793 2552 de
816 2497 1005 2571 perpetrata
1028 2487 1200 2568 iniquitate
1223 2496 1411 2568 cognoscat,
1436 2497 1469 2549 et
1492 2509 1511 2550 a
1533 2490 1752 2554 sacratissimo
1784 2513 1925 2575 corpore
1951 2515 1985 2556 ac

313 2578 471 2659 sanguine
495 2579 547 2641 dei
572 2589 604 2643 et
632 2579 766 2654 domini,
790 2578 1007 2659 redemptoris
1038 2577 1140 2640 nostri
1163 2576 1235 2640 Iesu
1259 2575 1387 2653 Christi,
1419 2576 1614 2655 alienafiat,
1645 2589 1744 2661 atque
1774 2582 1808 2644 in
1839 2593 1984 2646 extremo

315 2668 466 2731 examine
495 2668 636 2754 districte
667 2667 781 2731 ultioni
811 2667 988 2731 subiaceat.
1035 2666 1169 2731 Cunctis
1199 2674 1318 2742 autem,
1349 2665 1457 2728 eidem
1481 2666 1556 2730 loco
1586 2689 1646 2730 sua
1675 2668 1744 2732 iura
1773 2674 1984 2749 servantibus,

243 2755 245 2758 ’
315 2757 358 2819 sit
379 2778 447 2838 pax
471 2758 594 2821 domini
618 2759 719 2820 nostri
743 2758 814 2820 lesu
831 2756 957 2833 Christi,
979 2751 984 2841 1
1006 2757 1158 2838 quatinus
1181 2765 1214 2818 et
1236 2754 1290 2818 hic
1313 2753 1453 2818 fructum
1475 2756 1565 2845 bone
1587 2758 1725 2822 actionis
1746 2763 1935 2844 percipiant
1956 2772 1985 2825 et

316 2847 405 2928 apud
429 2847 609 2912 districtum
632 2847 773 2910 iudicem
796 2846 922 2928 premia
943 2855 1055 2934 eterne
1077 2846 1170 2928 pacis
1193 2845 1367 2908 inveniant.
1413 2845 1533 2909 Amen.
1558 2882 1602 2892 —
1620 2847 1711 2912 Am.
1735 2885 1779 2895 -
1801 2851 1924 2917 Amen.
1945 2887 1985 2898 -

529 2934 586 3019 (R)
610 2937 683 3018 Ego
707 2937 873 3018 Eugenius
897 2935 1058 3024 catholice
1081 2935 1218 3023 ecclesie
1241 2935 1417 3017 episcopus
1439 2956 1480 2998 ss.
1504 2931 1570 3020 (Μ)

529 3023 549 3109 †
573 3026 646 3108 Ego
671 3023 845 3089 Albericus
868 3025 1053 3090 Hostiensis
1076 3025 1253 3108 episcopus
1276 3045 1316 3086 ss.
1341 3023 1410 3105 (13)

526 3150 571 3161 -
594 3113 615 3198 †
638 3117 711 3196 Ego
734 3114 904 3178 Rainerius
927 3116 1088 3197 presbiter
1110 3112 1283 3178 cardinalis
1306 3113 1353 3176 tit.
1377 3123 1489 3177 sancte
1512 3114 1620 3178 Prisce
1643 3137 1684 3180 ss.
1709 3119 1762 3198 (3)

528 3205 549 3285 i
571 3206 645 3287 Ego
668 3204 841 3268 Hubaldus
864 3205 1025 3288 presbiter
1048 3204 1219 3269 cardinalis
1243 3204 1291 3266 tit.
1315 3213 1504 3266 sanctorum
1526 3202 1681 3269 Iohannis
1703 3218 1737 3272 et
1759 3209 1850 3274 Pauli
1873 3232 1916 3275 ss.

527 3294 548 3373 †
570 3295 644 3376 Ego
669 3293 859 3357 Manfredus
881 3294 1043 3377 presbiter
1065 3294 1236 3358 cardinalis
1259 3293 1308 3362 tit.
1332 3301 1444 3357 sancte
1467 3289 1587 3358 Savine
1610 3315 1652 3358 ss.

528 3380 549 3467 's
572 3385 646 3466 Ego
670 3383 842 3448 Aribertus
865 3384 1027 3467 presbiter
1049 3383 1222 3446 cardinalis
1245 3383 1293 3447 tit.
1317 3392 1430 3470 sancte
1453 3382 1628 3473 Anastasie
1652 3406 1692 3448 ss.

527 3474 548 3554 †
571 3474 645 3556 Ego
668 3473 820 3538 Ubaldus
842 3474 1004 3556 presbiter
1026 3473 1199 3537 cardinalis
1221 3474 1270 3536 tit.
1293 3482 1407 3536 sancte
1431 3472 1542 3538 Crucis
1565 3475 1598 3537 in
1622 3475 1797 3540 Ierusalem
1820 3499 1862 3542 ss.

529 3564 550 3642 †
571 3565 645 3645 Ego
670 3562 779 3627 Guido
803 3564 965 3646 presbiter
987 3561 1160 3626 cardinalis
1183 3563 1231 3625 tit.
1255 3572 1442 3626 sanctorum
1464 3563 1630 3627 Laurentii
1660 3575 1694 3629 et
1715 3567 1853 3632 Damasi
1876 3591 1919 3634 ss.
1942 3570 1985 3650 (1)

528 3654 550 3732 †
573 3653 646 3735 Ego
669 3652 854 3718 Bernardus
876 3653 1039 3737 presbiter
1061 3649 1234 3715 cardinalis
1256 3653 1305 3716 tit.
1329 3654 1433 3716 sancti
1458 3650 1635 3717 Clementis
1657 3675 1699 3719 ss.

530 3739 550 3825 †
573 3744 647 3825 Ego
671 3743 829 3807 Iordanus
852 3742 1013 3826 presbiter
1036 3740 1210 3805 cardinalis
1233 3742 1281 3806 tit.
1304 3751 1417 3828 sancte
1440 3741 1588 3832 Susanna
1612 3765 1654 3807 ss.
1678 3745 1726 3825 (ι)

530 3867 574 3877 -
596 3833 617 3913 †
639 3833 713 3913 Ego
737 3833 839 3897 Oddo
864 3833 1021 3896 diaconus
1044 3832 1218 3896 cardinalis
1241 3833 1344 3895 sancti
1368 3831 1501 3914 Georgii
1526 3831 1568 3896 ad
1591 3834 1710 3897 Velum
1736 3830 1879 3922 aurelium
1899 3859 1941 3902 ss.

529 3918 550 4004 †
573 3922 646 4004 Ego
671 3921 780 3986 Guido
805 3922 963 3985 diaconus
986 3921 1158 3985 cardinalis
1181 3930 1369 3986 sanctorum
1391 3920 1511 4010 Cosme
1534 3931 1568 3986 et
1589 3924 1745 3988 Damiani
1769 3947 1810 3990 ss.

529 4012 551 4090 †
573 4011 646 4094 Ego
671 4012 871 4074 Octavianus
895 4011 1051 4074 diaconus
1074 4011 1247 4075 cardinalis
1270 4011 1373 4075 sancti
1397 4011 1540 4092 Nicolay
1563 4013 1596 4075 in
1620 4034 1749 4079 carcere
1771 4016 1926 4082 Tulliano
1948 4039 1984 4080 ss

530 4100 551 4180 †
574 4102 647 4182 Ego
672 4100 848 4182 Gregorius
867 4097 896 4182 a)
921 4101 1079 4164 diaconus
1101 4101 1274 4165 cardinalis
1296 4101 1401 4164 sancti
1424 4099 1546 4183 Angeli
1569 4122 1610 4166 ss.
1784 4174 1786 4185 Ι

530 4189 551 4269 †
573 4190 647 4271 Ego
671 4188 833 4253 Iohannes
857 4190 1013 4253 diaconus
1036 4191 1209 4254 cardinalis
1231 4199 1344 4253 sancte
1368 4191 1470 4255 Marie
1493 4212 1579 4255 nove
1602 4213 1643 4257 ss.
1667 4191 1720 4276 (2)

530 4279 551 4359 †
573 4279 647 4360 Ego
671 4277 781 4342 Guido
805 4279 964 4343 diaconus
987 4279 1159 4344 cardinalis
1182 4289 1295 4343 sancte
1319 4281 1422 4344 Marie
1445 4281 1479 4344 in
1502 4281 1632 4346 Porticu
1656 4303 1697 4346 ss.

529 4368 551 4448 †
573 4369 647 4449 Ego
671 4367 784 4432 Petrus
807 4369 965 4432 diaconus
988 4369 1161 4432 cardinalis
1183 4378 1297 4432 sancte
1321 4370 1424 4434 Marie
1448 4371 1480 4434 in
1503 4369 1568 4434 Via
1591 4372 1658 4435 lata
1680 4393 1721 4436 ss.

529 4457 551 4535 †
573 4457 647 4540 Ego
672 4456 819 4521 Cinthius
843 4458 1001 4522 diaconus
1025 4458 1197 4522 cardinalis
1219 4467 1408 4522 sanctorum
1431 4460 1535 4543 Sergii
1560 4471 1593 4526 et
1614 4460 1716 4526 Bachi
1740 4484 1781 4526 ss.
1805 4459 1856 4546 (5)

476 4547 553 4610 Dat.
576 4545 684 4624 Sutrii,
712 4568 772 4628 per
795 4568 927 4612 manum
949 4550 1119 4625 ROBERH,
1150 4557 1262 4636 sancte
1285 4549 1436 4636 Romane
1459 4551 1595 4639 ecclesie
1617 4553 1790 4633 presbiteri
1815 4552 1983 4616 cardinalis

317 4643 350 4697 et
381 4635 571 4701 cancellarii.
617 4649 667 4700 xv
697 4635 751 4700 Kl.
784 4639 872 4702 Maii.
918 4639 1101 4703 Indictione
1131 4650 1216 4702 vnn.
1261 4636 1497 4703 Incamationis
1527 4641 1693 4729 dominice
1725 4662 1813 4706 anno
1845 4638 1984 4707 MCJlLvl.

318 4724 530 4788 Pontificatus
553 4747 631 4790 vero
656 4727 770 4791 domni
793 4728 932 4811 Eugenii
956 4742 994 4790 111
1017 4727 1076 4792 PP.
1102 4747 1189 4792 anno
1212 4741 1246 4791 ΙΙ.
1271 4761 1315 4774 -

481 4838 523 4888 Or.
543 4837 576 4888 im
594 4839 707 4891 Arctoa
728 4841 861 4906 capitolare
876 4860 907 4893 au
930 4842 1034 4895 Vercellr'.

249 4941 251 4947 ι
478 4911 547 4977 Perg.
565 4911 625 4973 ital,
644 4912 678 4962 br.
697 4915 784 4975 0,555,
801 4916 862 4982 lang
877 4917 963 4978 0,?36,
982 4921 1056 4966 unten
1075 4915 1153 4975 0‚036
1170 4915 1359 4982 umgerchlagen,
1388 4913 1466 4964 durch
1483 4912 1541 4966 maci
1557 4915 1650 4966 deher
1662 4916 1721 4984 geht
1736 4916 1773 4967 die
1788 4935 1845 4968 rosa
1862 4919 1919 4968 uad
1928 4917 1986 4984 gabe

317 4979 504 5042 Seidemclamr,
529 4999 563 5033 an
589 4985 632 5033 der
653 4985 699 5035 das
716 4985 841 5053 Blnsr'cgel
854 4987 901 5037 Nr.
922 4993 939 5038 4
957 4988 1039 5054 lld'ngt.
1076 4987 1186 5055 Faltrmg
1202 4988 1246 5038 der
1262 4989 1360 5038 Bullen.
1396 4985 1493 5036 Initiale
1511 4989 1591 5048 0,064
1608 4987 1675 5049 harh,
1698 4991 1808 5040 vmr'erte
1829 4991 1984 5056 Uncralsom.

322 5053 479 5120 Vcrewigung
493 5071 544 5108 nur
561 5055 623 5115 0,04
631 5057 749 5120 fitllcnd,
768 5058 827 5110 ohne
842 5060 970 5126 Betonurrg
986 5059 1034 5110 Nr.
1054 5063 1068 5109 1
1073 5059 1157 5126 Jerl,
1194 5061 1233 5110 Im
1250 5057 1392 5123 Kommpte
1409 5058 1468 5108 sind
1488 5057 1524 5108 die
1538 5075 1637 5126 grossen
1655 5061 1806 5114 Buchstaben
1823 5063 1893 5113 stark
1910 5064 1984 5120 bem,

318 5131 341 5174 ct
368 5127 423 5174 und
445 5133 467 5176 st
484 5127 530 5176 mir
553 5129 751 5190 Abbuchtbalken,
774 5131 855 5195 gmit
882 5131 1077 5197 Schlerfemattel,
1106 5131 1250 5182 Zeilenweite
1273 5148 1292 5180 c.
1313 5131 1400 5192 0,018.
1446 5131 1524 5179 Amen
1541 5131 1589 5182 Nr.
1616 5129 1680 5183 Ν.
1716 5135 1780 5184 Rota
1806 5134 1854 5184 Nr.
1878 5139 1896 5184 4
1922 5133 1985 5196 (Ver-

317 5196 450 5263 dickungen
468 5198 536 5248 nicht
550 5200 637 5260 starkl,
656 5202 832 5252 Durchmesser
849 5205 918 5264 O‚06,
937 5221 992 5253 vom
1011 5203 1181 5270 lllomgramm
1200 5205 1287 5264 om.
1324 5201 1494 5267 Managramm
1511 5203 1560 5255 Nr.
1577 5203 1617 5264 2⁶,
1636 5205 1808 5273 starkstn'ckrg,
1826 5206 1887 5255 loch
1905 5206 1984 5269 0,064,

316 5268 376 5318 dreit
400 5269 486 5333 0,038.
534 5271 685 5338 Ringkreur,
723 5275 781 5324 Um·
808 5276 864 5324 und
892 5275 1056 5341 Untarschnfl
1080 5276 1148 5326 wohl
1177 5291 1226 5324 von
1252 5273 1356 5341 gleichr
1386 5273 1467 5322 Hand
1497 5275 1553 5324 und
1577 5275 1659 5327 Dinia.
1712 5277 1761 5327 Die
1790 5277 1921 5346 Dati'nmg
1943 5291 1985 5325 voa

316 5341 360 5390 der
376 5341 458 5390 Hand
471 5343 527 5391 und
542 5343 616 5394 Diate
634 5346 673 5395 des
690 5346 844 5411 Komcn'pts,
870 5347 975 5398 Roberti
1001 5346 1075 5398 dorin
1099 5345 1280 5412 rrackgetragen.
1319 5343 1414 5411 Zeugen
1432 5345 1537 5396 riemliclr
1554 5346 1631 5398 sicher
1648 5347 1694 5398 mit
1709 5349 1816 5416 wenrgen
1833 5349 1984 5400 Aramum

316 5413 363 5461 alle
386 5429 434 5462 von
447 5413 553 5479 gleicher
569 5416 650 5466 Hand
670 5417 727 5467 uad
741 5418 829 5482 Dinte,
857 5418 993 5481 ther'lweise,
1024 5435 1044 5469 r.
1063 5420 1094 5468 B.
1118 5418 1153 5468 bei
1175 5418 1222 5467 dm
1247 5419 1328 5466 lemen
1355 5417 1408 5466 drei
1424 5417 1560 5479 Diakoaen,
1587 5419 1653 5470 rricht
1674 5421 1767 5471 einnral
1789 5421 1983 5472 r'srdrvr‘dualr'srri.

315 5485 482 5536 Abweichendc
499 5487 575 5538 Dinte
592 5490 648 5538 und
662 5489 729 5539 wohl
743 5489 806 5539 auch
823 5489 965 5555 Handsttr
979 5490 1029 5541 sich
1046 5491 1113 5542 wer'st
1128 5491 1172 5540 der
1188 5487 1288 5539 Drakon
1309 5487 1412 5553 Joharm
1429 5505 1476 5539 von
1494 5491 1521 5541 S.
1540 5490 1625 5541 Maria
1644 5492 1716 5542 Nova
1733 5494 1788 5548 aar.

474 5629 500 5696 a)
519 5631 527 5681 i
544 5647 590 5684 aras
608 5647 624 5682 o
641 5630 818 5698 bangia..--
835 5633 871 5700 .1)
896 5633 974 5699 Vergl.
993 5629 1375 5684 dieUrk.van25Mai114d.
1449 5637 1477 5702 2)
1503 5634 1579 5702 Vergl.
1599 5634 1637 5685 die
1658 5635 1718 5688 Ura
1737 5652 1792 5686 vom
1810 5637 1826 5686 2
1844 5637 1903 5688 Mai
1920 5637 1983 5686 1151.
