4126 6356
302 313 366 376 104

299 487 332 549 in
354 485 491 548 domino
514 480 577 556 filii,
599 480 715 541 vestris
739 478 828 540 iustis
853 478 1128 559 postulationibus
1152 477 1331 541 clementer
1353 477 1533 553 annuimus,
1557 483 1591 540 et
1613 477 1774 558 prefatam
1796 474 1983 552 ecclesiam,

299 577 332 637 in
356 593 420 655 qua
443 572 553 635 divino
577 569 753 649 mancipati
778 568 856 629 estis
879 567 1050 647 obsequio,
1073 566 1134 629 sub
1158 567 1247 630 beati
1263 567 1348 630 Petri
1372 575 1406 630 et
1428 573 1539 630 nostra
1555 565 1761 649 protectione
1782 567 1984 648 suscipimus

299 672 335 726 et
356 661 515 744 presentis
545 657 658 738 scripti
689 655 859 738 privilegio
892 659 1142 720 communimus.
1189 653 1385 732 Statuentes,
1418 664 1454 718 ut
1484 675 1710 737 quascumque
1738 657 1976 737 possessiones.

300 768 507 834 quecumque
536 747 625 809 bona
657 746 775 808 eadem
805 743 941 808 ecclesia
972 747 1005 808 in
1037 747 1275 828 presentiarum
1305 746 1389 808 iuste
1420 751 1453 806 et
1483 744 1640 807 canonice
1670 744 1828 827 possidet,
1861 753 1919 807 aut
1946 747 1981 807 in

299 841 442 902 futurum
467 837 680 900 concessione
703 833 904 916 pontificum,
928 833 1101 916 largitione
1125 853 1238 915 regum
1261 833 1313 897 vel
1337 833 1531 916 principum,
1559 832 1728 897 oblatione
1749 832 1897 897 fidelium
1921 851 1978 896 seu

299 930 369 992 aliis
405 927 498 991 iustis
529 924 637 987 modis
676 924 741 986 deo
773 923 920 1005 propitio
951 926 1074 1004 poterit
1103 924 1259 1005 adipisci,
1293 922 1386 985 firma
1418 923 1477 984 tibi
1508 922 1637 1001 tuisque
1668 922 1917 986 successoribus
1947 931 1982 986 et

299 1018 426 1081 illibata
449 1019 672 1097 permaneant.
718 1012 754 1076 In
776 1011 896 1092 quibus
919 1011 980 1098 hec
1002 1013 1143 1094 propriis
1173 1012 1328 1074 duximus
1361 1011 1576 1092 exprimenda
1597 1010 1783 1074 vocabulis:
1823 1011 1981 1074 ecclesias

297 1108 401 1170 sancti
426 1101 607 1180 MichaeliS,
631 1109 743 1185 sancte
766 1100 886 1174 Crucis,
910 1108 1021 1188 sanctq
1045 1099 1127 1162 Mari
1171 1102 1282 1163 matris
1307 1101 1441 1176 domini,
1464 1100 1638 1163 ecclesiam
1661 1102 1765 1162 sancti
1786 1097 1983 1174 Alexandri,

299 1194 471 1258 ecclesiam
487 1198 598 1275 sancte
613 1189 792 1264 Trinitatis,
816 1187 987 1252 ecclesiam
1011 1189 1114 1252 sancti
1129 1119 1300 1271 {tephani
1324 1189 1496 1252 ecclesiam
1513 1191 1617 1251 sancti
1633 1188 1782 1264 Zenonis,
1807 1189 1982 1252 ecclesiam

298 1291 485 1346 sanctorum
510 1278 684 1360 Symeonis
708 1286 741 1340 et
763 1278 853 1352 Iude,
888 1277 1058 1342 ecclesiam
1086 1279 1189 1340 sancti
1213 1277 1328 1360 Egidii,
1359 1287 1452 1341 extra
1476 1281 1642 1341 civitatem
1673 1277 1845 1342 ecclesiam
1877 1280 1983 1341 sancti

298 1373 437 1458 Thomq,
468 1369 640 1433 ecclesiam
663 1368 766 1429 sancti
790 1363 948 1442 Silvestri,
971 1366 1139 1430 ecelesiam
1163 1375 1274 1430 sancte
1298 1366 1403 1430 Marie
1426 1369 1458 1429 in
1482 1374 1577 1449 prato
1600 1367 1776 1442 Lamberti,
1806 1365 1982 1431 ecclesiam

298 1461 402 1525 sancti
418 1457 570 1523 Celestini
593 1459 625 1518 in
641 1455 773 1529 Pletula,
798 1455 969 1519 ecclesiam
993 1456 1095 1519 sancti
1111 1454 1238 1519 Nicolai
1262 1457 1293 1518 in
1314 1455 1474 1532 Casaleto,
1498 1455 1670 1519 ecclesiam
1694 1458 1798 1518 sancti
1823 1454 1982 1530 Cassiani,

299 1549 470 1613 ecclesiam
501 1546 605 1610 sancti
638 1543 771 1627 Georgii
804 1552 837 1607 et
867 1545 968 1607 sancti
999 1543 1069 1608 Viti
1101 1565 1200 1627 supra
1229 1544 1338 1608 locum
1370 1565 1444 1608 cum
1474 1545 1677 1627 pertinentiis
1710 1565 1838 1619 earum,
1870 1545 1982 1608 villana

299 1641 341 1702 de
366 1635 498 1711 Pletule‚
523 1643 652 1718 pratum
671 1633 848 1707 Lamberti,
872 1634 1081 1697 medietatem
1096 1632 1198 1696 Volte
1221 1641 1255 1697 et
1278 1632 1489 1716 medietatem
1514 1634 1640 1710 Cerete,
1665 1641 1698 1696 et
1720 1635 1880 1714 quicquid
1903 1636 1984 1698 iuris

299 1727 427 1791 habetis
458 1725 490 1786 in
520 1722 666 1786 ecclesiis
697 1723 877 1785 eorundem
901 1721 1060 1796 locorum,
1093 1721 1277 1785 Casaletum
1306 1743 1379 1785 curn
1405 1732 1495 1786 curte
1519 1724 1621 1785 sancti
1644 1722 1799 1798 Cassiani,
1831 1724 1988 1786 decimas

299 1818 400 1880 totius
424 1813 563 1877 civitatis
587 1819 621 1874 et
642 1811 809 1894 Bagneoli,
833 1813 1015 1887 Fomicate,
1047 1811 1177 1897 Ceresie
1208 1820 1241 1874 et
1264 1811 1461 1888 Runcorum,
1492 1811 1696 1888 Armanoris,
1727 1813 1806 1875 item
1831 1811 1986 1875 decimas

299 1907 403 1969 sancti
426 1902 557 1966 Thome
589 1909 622 1962 et
651 1901 753 1962 sancti
776 1897 934 1974 Silvestri,
958 1900 1063 1964 Castri
1094 1903 1178 1977 novi,
1202 1900 1284 1964 Asili
1315 1920 1419 1981 usque
1451 1902 1494 1964 ad
1518 1900 1693 1976 Ludulum,
1726 1921 1745 1963 a
1775 1904 1848 1983 ripa
1873 1902 1984 1964 Mintii

299 2013 404 2077 usque
427 1992 470 2054 ad
493 1990 614 2053 flumen
636 1989 777 2051 Larioris
796 1989 833 2065 a),
857 1998 922 2052 tres
942 1998 971 2062 ει)
996 1989 1154 2072 panesa)
1182 1990 1384 2053 decimarum
1404 1989 1433 2072 a)
1464 1991 1508 2052 de
1531 1989 1733 2064 Formicosa,
1763 1991 1931 2054 decimam
1950 1990 1983 2072 b)

300 2085 343 2147 de
367 2082 493 2164 Cepata
516 2088 551 2142 et
568 2078 598 2157 b)
622 2079 665 2141 de
689 2085 780 2140 curte
803 2087 837 2140 et
859 2078 984 2158 guarda
1006 2079 1107 2141 sancti
1131 2079 1273 2161 Georgii.
1321 2078 1537 2142 Decernimus
1561 2099 1650 2161 ergo,
1681 2089 1718 2140 ut
1739 2077 1818 2141 nulli
1843 2082 1986 2142 omnino

299 2171 470 2236 hominum
500 2169 611 2242 liceat,
642 2166 804 2249 prefatam
835 2166 1008 2231 ecclesiam
1035 2175 1159 2230 temere
1190 2167 1382 2250 perturbare
1411 2177 1468 2231 aut
1496 2169 1565 2231 eius
1596 2169 1822 2250 possessiones
1851 2168 1986 2232 auferre

300 2261 352 2324 vel
384 2258 511 2323 oblatas
542 2256 694 2330 retinere,
726 2256 871 2318 minuere
901 2265 958 2319 aut
988 2255 1149 2337 aliquibus
1177 2257 1406 2320 vexationibus
1437 2256 1589 2338 fatigare,
1630 2266 1683 2320 set
1714 2257 1824 2320 omnia
1854 2257 1986 2340 integra

301 2355 534 2414 conserventur
556 2364 680 2419 eorum,
710 2365 770 2427 pro
794 2364 933 2425 quorum
958 2345 1196 2427 gubernatione
1226 2353 1259 2408 et
1289 2348 1527 2409 sustentatione
1560 2366 1718 2410 concessa
1749 2354 1833 2421 sunt,
1866 2346 1985 2408 usibus

302 2437 500 2502 omnimodis
523 2432 702 2516 profutura,
726 2432 815 2495 salva
837 2434 925 2496 sedis
941 2433 1125 2517 apostolice
1147 2435 1341 2497 auctoritate
1362 2444 1395 2497 et
1411 2435 1578 2497 diocesani
1594 2438 1744 2517 episcopi
1764 2441 1795 2513 c)
1820 2437 1984 2498 canonica

302 2527 429 2590 iustitia
475 2521 510 2587 Si
533 2542 598 2602 qua
621 2523 720 2603 igitur
748 2522 780 2584 in
809 2521 952 2585 futurum
984 2524 1206 2587 ecclesiastica
1233 2523 1429 2587 secularisve
1456 2543 1611 2606 persona,
1642 2522 1726 2588 hanc
1759 2531 1873 2586 nostre
1902 2543 1986 2586 con-

299 2614 474 2679 stitutionis
497 2610 648 2694 paginam
672 2613 786 2686 sciens,
814 2619 928 2674 contra
955 2632 1028 2675 eam
1050 2615 1162 2675 venire
1184 2615 1404 2694 temptaverit,
1434 2612 1581 2676 secundo
1603 2615 1745 2676 tertiove
1768 2615 1986 2685 commonita,

301 2708 327 2768 si
358 2723 424 2766 non
455 2700 676 2763 satisfactione
707 2718 853 2781 congrua
883 2701 1120 2776 emendaverit,
1157 2702 1330 2783 potestatis
1359 2701 1560 2781 honorisque
1591 2704 1641 2764 sui
1676 2701 1834 2785 dignitate
1870 2709 1988 2763 careat

301 2811 457 2874 reamque
479 2809 515 2852 se
538 2787 648 2850 divino
671 2788 792 2850 iudicio
816 2790 957 2851 existere
980 2790 1023 2852 de
1046 2785 1235 2872 perpetrata
1258 2791 1428 2871 iniquitate
1452 2799 1640 2872 cognoscat,
1664 2799 1733 2854 eta
1755 2792 1987 2853 sacratissimo

301 2900 439 2964 corpore
462 2897 500 2941 ac
522 2878 677 2958 sanguine
700 2878 755 2939 dei
779 2885 814 2939 et
835 2877 971 2952 domini,
994 2878 1213 2960 redemptoris
1236 2882 1337 2942 nostri
1361 2879 1433 2943 Iesu
1450 2878 1578 2954 Christi,
1605 2879 1710 2942 aliena
1733 2878 1797 2954 fiat,
1821 2887 1925 2960 atque
1950 2879 1984 2941 in

301 2980 451 3035 extremo
474 2967 627 3029 examine
650 2965 797 3028 districte
813 2965 927 3028 ultioni
942 2966 1117 3030 subiaceat.
1158 2965 1291 3030 Cunctis
1306 2977 1425 3042 autem,
1449 2969 1558 3032 eidem
1574 2970 1650 3033 loco
1666 2972 1751 3032 iusta
1765 2967 1988 3041 servantibus,

300 3062 343 3123 sit
365 3077 433 3142 pax
462 3055 587 3118 domini
618 3056 720 3116 nostri
742 3051 746 3138 l
766 3054 839 3117 lesu
864 3053 991 3132 Christi,
1023 3063 1183 3136 quatenus
1205 3065 1238 3118 et
1261 3056 1313 3119 hic
1337 3057 1477 3120 fructum
1509 3057 1597 3146 bone
1628 3060 1768 3121 actionis
1796 3057 1989 3139 percipiant

301 3159 335 3212 et
358 3147 446 3230 apud
469 3145 652 3207 districtum
675 3143 816 3206 iudicem
840 3146 966 3226 premia
989 3152 1098 3231 eterne
1122 3146 1212 3226 pacis
1235 3147 1409 3208 inveniant.
1455 3145 1574 3210 Amen.
1597 3147 1688 3212 A·m.
1713 3147 1833 3210 Amen.

514 3233 570 3310 (R)
593 3231 667 3311 Ego
691 3230 857 3313 Eugenius
880 3233 1040 3320 catholicq
1063 3232 1200 3320 ecclesie
1225 3237 1400 3316 episcopus
1422 3255 1463 3298 ss.
1487 3237 1550 3314 (M)

514 3317 535 3402 †
558 3320 632 3401 Ego
655 3321 779 3383 lmarus
802 3320 1055 3385 Tusculanensis
1078 3324 1254 3404 episcopus
1277 3343 1318 3386 ss.

515 3405 536 3492 †
560 3407 632 3490 Ego
655 3407 812 3472 Nicolaus
834 3410 1035 3474 Albanensis
1058 3413 1236 3493 episcopus
1259 3431 1300 3474 ss.
1325 3411 1375 3494 (6)

513 3531 557 3542 -
580 3495 600 3580 †
624 3499 697 3579 Ego
721 3497 892 3562 Hubaldus
916 3500 1077 3582 presbiter
1099 3500 1271 3563 cardinalis
1293 3501 1342 3562 tit.
1366 3507 1477 3563 sancte
1500 3500 1655 3564 Praxedis
1678 3520 1719 3563 ss.
1745 3496 1796 3586 (1)

514 3583 534 3668 'r
558 3585 630 3667 Ego
653 3586 827 3649 Aribertus
850 3589 1011 3669 presbiter
1034 3587 1205 3650 cardinalis
1228 3592 1276 3651 tit.
1298 3597 1410 3676 sancte
1433 3589 1608 3652 Anastasie
1630 3609 1672 3652 ss

513 3673 534 3758 †
557 3673 630 3756 Ego
655 3674 765 3738 Guido
788 3677 950 3757 presbiter
973 3677 1144 3740 cardinalis
1166 3677 1213 3740 tit.
1238 3677 1381 3740 Pastoris
1402 3697 1444 3740 ss.

514 3761 534 3846 †
557 3762 630 3845 Ego
655 3763 812 3827 Astaldus
835 3766 998 3848 presbiter
1019 3767 1191 3829 cardinalis
1214 3769 1262 3829 tit
1286 3775 1399 3854 sancte
1421 3767 1530 3854 Priscq
1552 3785 1594 3828 ss.

513 3850 534 3935 †
557 3851 629 3934 Ego
652 3852 822 3916 Rolandus
846 3855 1009 3936 presbiter
1032 3855 1203 3918 cardinalis
1225 3859 1274 3918 tit.
1297 3858 1399 3919 sancti
1424 3857 1525 3919 Marci
1549 3876 1590 3919 ss.

512 3943 533 4024 's
556 3940 629 4022 Ego
655 3939 819 4005 Gerardus
850 3945 1011 4024 presbiter
1042 3943 1215 4007 cardinalis
1241 3945 1288 4007 tit.
1312 3947 1416 4008 sancti
1440 3942 1600 4025 Stephani
1623 3946 1656 4006 in
1681 3941 1774 4007 Celio
1799 3953 1916 4009 monte
1943 3967 1989 4008 ss.

512 4029 533 4110 †
556 4029 629 4111 Ego
653 4030 815 4093 lohannes
839 4051 964 4114 paparo
980 4032 1140 4114 presbiter
1155 4032 1326 4096 cardinalis
1349 4035 1397 4096 tit.
1415 4035 1518 4096 sancti
1534 4033 1701 4096 Laurentii
1722 4033 1754 4096 in
1770 4033 1923 4098 Damaso
1942 4055 1987 4098 ss.

515 4153 555 4163 —-
579 4119 600 4200 †
623 4117 697 4200 Ego
722 4116 805 4183 Otto
829 4121 987 4183 diaconus
1012 4121 1180 4184 cardinalis
1203 4122 1305 4184 sancti
1330 4119 1463 4204 Georgii
1487 4143 1527 4184 ss.
1552 4119 1602 4206 (1)

512 4208 533 4289 's
556 4204 629 4287 Ego
652 4207 815 4271 lohannes
838 4210 995 4272 diaconus
1018 4211 1191 4272 cardinalis
1215 4218 1327 4273 sancte
1352 4211 1454 4274 Marie
1477 4231 1563 4273 nove
1586 4231 1628 4274 ss.
1652 4210 1698 4291 (1)

513 4297 533 4378 †
556 4295 630 4376 Ego
655 4294 764 4359 Guido
789 4298 944 4361 diaconus
967 4298 1137 4361 cardinalis
1160 4306 1271 4365 sancte
1295 4300 1399 4362 Marie
1421 4301 1455 4362 in
1477 4300 1607 4362 Porticu
1631 4319 1672 4362 ss.
1697 4299 1743 4381 (1)

513 4385 533 4466 †
557 4383 630 4464 Ego
653 4383 813 4450 Iohannes
837 4388 993 4450 diaconus
1017 4386 1189 4450 cardinalis
1212 4395 1399 4450 sanctorum
1422 4389 1528 4469 Sergii
1553 4396 1586 4452 et
1608 4387 1710 4452 Bachi
1734 4408 1778 4451 ss.
1804 4389 1853 4468 (1)

459 4471 536 4533 Dat.
554 4470 727 4548 Ferentini,
752 4494 812 4556 per
834 4495 965 4538 manum
982 4476 1131 4550 Bosonis,
1154 4483 1266 4562 sancte
1289 4475 1440 4540 Romane
1463 4477 1601 4564 ecclesiq
1624 4477 1802 4560 scriptoris.
1843 4491 1879 4541 11.
1895 4477 1986 4542 Non.

300 4559 387 4622 Maii.
432 4557 613 4623 Indictione
643 4575 728 4626 x1111.
776 4565 1012 4627 Incarnationis
1049 4565 1215 4627 dominice
1246 4583 1332 4626 anuo
1362 4577 1457 4630 Mth.
1509 4565 1721 4629 Pontificatus
1753 4586 1834 4630 vero
1866 4567 1988 4630 domni

300 4645 455 4711 Eucuurr
477 4660 516 4712 111
539 4670 595 4731 pp.
618 4670 705 4713 anno
727 4665 786 4714 vrr.

462 4761 505 4812 Or.
524 4763 581 4813 und
598 4764 624 4813 T
620 4773 760 4830 ransmmpt
776 4781 830 4814 vona
853 4765 932 4830 Jahre
951 4765 1028 4825 1350,
1046 4766 1079 4814 im
1098 4765 1214 4817 Archivio
1235 4766 1368 4830 Capr'tolarc
1384 4783 1414 4816 au
1432 4766 1546 4818 Mantua.

463 4833 533 4901 Perg.
552 4835 613 4896 irat,
634 4837 668 4886 br.
688 4839 773 4898 oum,
798 4839 858 4902 lang
874 4837 961 4896 0,636,
985 4843 1060 4885 unam
1078 4839 1157 4899 0,033
1180 4838 1373 4904 umgesclrlagm,
1400 4838 1478 4888 durch
1501 4838 1559 4888 ranei
1578 4839 1672 4890 L'o'clm
1690 4840 1750 4907 gclrt
1772 4841 1811 4892 die
1836 4841 1989 4892 maiorm

299 4903 490 4966 Seidemcinur,
519 4907 590 4956 deren
615 4907 740 4973 Bler'siegel
762 4911 878 4958 verloren.
915 4906 1024 4972 Fallung
1049 4908 1093 4956 der
1109 4910 1206 4959 Μαι.
1242 4909 1353 4958 Initialc:
1379 4911 1458 4976 wem'g
1473 4910 1580 4970 amm,
1610 4911 1773 4977 Uncr'alfom.
1825 4913 1988 4981 γενετείρῃ

298 4977 346 5026 Nr.
367 4980 381 5026 1
402 4976 487 5040 Ρῐυῆ,
506 4979 676 5044 fitllt0,079,
701 4981 735 5028 im
753 4991 783 5029 m
801 4979 870 5028 mehr
885 4978 969 5038 beroart,
996 4981 1034 5028 als
1051 4979 1084 5027 im
1103 4993 1165 5033 rest.
1201 4980 1354 5030 Amm'Nr.
1374 4979 1443 5031 7x¹.
1490 4983 1553 5030 Rota
1571 4982 1619 5030 Nr.
1641 4987 1665 5043 1,
1692 4984 1877 5034 Durctmesser
1894 4988 1984 5046 0,062.

299 5047 469 5112 Monogromm
487 5049 534 5098 Nr.
554 5051 599 5108 41³,
623 5049 683 5099 koch
702 5051 771 5111 0,06,
796 5051 855 5099 brcit
880 5050 967 5110 0,037.
1004 5049 1141 5116 Ringtreur
1163 5053 1220 5101 und
1244 5051 1408 5117 Untersclmft
1429 5053 1505 5117 uigen
1519 5053 1611 5118 glacie
1627 5053 1709 5105 Harrd
1731 5057 1789 5104 und
1804 5057 1891 5108 Dr'nte.
1936 5059 1989 5107 Vox

298 5120 343 5169 den
362 5119 456 5185 ngm
472 5121 530 5170 sind
543 5121 612 5170 wohl
625 5121 663 5170 die
681 5121 809 5171 Diakonm
830 5121 894 5180 otro,
922 5120 1002 5170 Guido
1022 5123 1078 5170 und
1096 5123 1223 5187 Johonms
1246 5123 1336 5188 (Sergii
1360 5130 1383 5172 et
1399 5123 1500 5188 Bachi),
1526 5123 1726 5176 watrscteealici
1750 5127 1816 5176 auch
1842 5129 1882 5178 die
1904 5129 1986 5178 Μαι

297 5190 410 5256 Bischt'sr
436 5207 484 5241 von
509 5193 628 5242 derselbm
654 5192 734 5242 Hand
754 5191 910 5258 gescln'ebm.
948 5193 1057 5242 Bosonis
1081 5194 1107 5241 r'n
1125 5194 1169 5243 der
1190 5194 1320 5259 Datr'nmg
1341 5194 1372 5242 tu
1398 5195 1578 5261 mehgctragm.
1616 5197 1665 5246 Die
1693 5197 1811 5250 Urhmde
1835 5199 1882 5249 liat
1906 5201 1986 5249 draci

298 5263 459 5329 Feuchtr'gkcit
475 5265 543 5314 stork
555 5263 661 5330 getium

297 5511 375 5561 mer
416 5441 485 5560 σε)
515 5440 570 5505 aus
591 5441 677 5490 Rasur
813 5440 840 5506 b)
866 5456 913 5490 von
941 5440 991 5489 cim
1024 5439 1059 5488 bis
1085 5445 1110 5488 et
1141 5453 1188 5505 aus
1216 5441 1303 5490 Ramr
1439 5447 1463 5510 c)
1490 5444 1550 5494 iiber
1580 5445 1621 5509 epi
1650 5445 1911 5498 Abbrem'aturuickm
1939 5464 1988 5498 vm

373 5526 401 5562 er
444 5519 500 5563 mu.
