4126 6356
1710 313 1754 379 97

835 475 900 550 Nr.
932 479 994 552 94.

64 601 189 686 Eugen
214 604 282 669 III
302 605 488 688 beaustragt
513 606 575 669 den
601 605 913 688 Kardinalbiscleos
937 608 1043 674 Gnido
1068 632 1129 674 von
1163 609 1264 690 Ostia,
1291 611 1354 675 den
1370 611 1472 676 Streit
1495 615 1654 680 emischen
1679 616 1754 680 dem

67 690 216 776 Kapitel
235 715 297 758 von
313 693 402 760 Sant'
421 694 579 758 Antonino
604 695 673 758 uret
692 695 765 758 dem
790 694 959 763 Bisthume
982 721 1043 763 von
1069 698 1228 765 Procenza
1257 722 1367 784 wegen
1390 701 1447 766 des
1474 702 1572 770 Gutes
1595 704 1755 786 Brugneto

64 781 134 860 (D.
152 783 335 862 Penceneo)
350 784 544 867 britulegerz,
565 784 627 848 den
642 782 912 864 Archidiakonen,
935 788 1001 852 den
1016 790 1135 872 Propst
1148 790 1217 853 und
1229 789 1291 853 den
1317 788 1536 856 Viredominns
1550 794 1602 857 als
1617 793 1756 874 bischis-

637 872 721 937 liche
735 874 975 940 Prokuratoren
990 881 1195 942 einauseteen.

670 991 753 1052 1149
768 989 845 1053 Mai
858 995 908 1054 10.
941 991 1110 1056 Ferentino
1127 995 1161 1074 ¹).

237 1103 406 1185 Eugenius
429 1105 613 1185 episcopus,
637 1123 750 1168 servus
773 1125 940 1170 servorum
957 1107 1020 1182 dei,
1043 1106 1220 1172 venerabili
1236 1107 1328 1170 fratri
1373 1106 1561 1193 .G(uidoni)‚
1584 1111 1754 1200 Hostiepsi

66 1191 237 1296 episcopo
254 1193 290 1275 ²),
322 1193 504 1274 apostolice
527 1194 615 1256 sedis
640 1192 760 1276 legato,
791 1195 928 1258 salutem
959 1205 993 1259 et
1024 1197 1242 1280 apostolicam
1273 1197 1552 1263 benedictionem.
1598 1200 1681 1264 Tres
1713 1203 1756 1264 de

67 1280 242 1343 canonicis
269 1281 275 1367 Ι
310 1280 446 1344 ecclesie
484 1284 589 1345 sancti
619 1281 781 1347 Antonini
820 1304 863 1346 ex
892 1293 986 1367 parte
1019 1288 1163 1350 omnium
1195 1286 1331 1348 fratrum
1361 1307 1494 1352 suorum
1529 1290 1571 1352 ad
1611 1297 1756 1354 nostram

65 1371 245 1433 venientes
269 1372 467 1474 presentiam
492 1371 523 1432 in
547 1381 727 1454 conspectu
755 1382 869 1436 nostro
900 1382 933 1436 et
956 1374 1092 1437 fratrum
1115 1382 1303 1438 nostrorum
1332 1380 1503 1456 conquesti
1534 1387 1618 1454 sunt,
1639 1376 1644 1464 1
1665 1379 1756 1459 quod

66 1457 164 1522 bone
190 1463 348 1522 memorie
394 1457 607 1544 .A(rduinus),
639 1480 751 1524 eorum
784 1462 959 1546 episcopus
977 1463 1012 1546 ⁸,)
1042 1472 1164 1528 terram
1194 1465 1237 1526 de
1265 1465 1433 1547 Brugneto
1450 1467 1484 1548 ⁴),
1508 1485 1605 1547 quam
1635 1468 1715 1530 ad
1707 1489 1756 1530 rus

67 1546 213 1611 ecclesie
236 1568 294 1611 sue
317 1557 467 1612 asserunt
489 1552 662 1631 pertinere,
686 1551 728 1612 de
752 1570 817 1630 qua
840 1553 1030 1615 multotiens
1053 1556 1184 1635 questio
1207 1553 1361 1617 ventilata
1384 1562 1443 1629 est,
1466 1564 1580 1619 contra
1603 1558 1758 1620 iustitiam

67 1639 227 1712 tenuerit,
260 1646 293 1700 et
324 1638 442 1701 exinde
472 1640 631 1702 rationem
663 1642 820 1719 consequi
851 1650 926 1703 ante
950 1640 1011 1704 hac
1034 1650 1241 1724 nequaquam
1274 1643 1448 1724 potuerint.
1496 1642 1583 1726 Quia
1605 1664 1694 1728 ergo,
1725 1648 1757 1709 in

67 1726 156 1789 sede
194 1727 315 1790 iustitie
346 1725 461 1810 positi,
502 1729 655 1790 omnibus
687 1727 830 1791 ecclesiis
861 1739 895 1792 et
926 1732 1135 1794 ecclesiarum
1169 1731 1340 1812 prelatis
1332 1752 1364 1794 m
1396 1753 1456 1796 suo
1488 1737 1556 1797 iure
1588 1735 1757 1798 debitores

68 1815 254 1890 existimus,
288 1816 330 1878 de
354 1824 409 1879 tua
432 1817 606 1897 prudentia
631 1816 808 1898 plurimum
831 1818 1043 1894 confidentes,
1076 1822 1363 1884 controversiam
1355 1841 1462 1902 ipsam
1487 1823 1679 1887 fraternitati
1702 1833 1758 1887 tue

69 1904 277 1967 audiendam
307 1906 612 1985 terminandamque
642 1909 889 1970 committimus.
940 1909 984 1971 Et
1011 1911 1167 1989 quoniam
1199 1909 1335 1972 ecclesia
1364 1909 1550 1974 Placentina
1582 1913 1758 1994 episcopali

68 1993 234 2075 regimine
251 1995 283 2056 in
306 1997 546 2077 presentiarum
562 1996 719 2058 destituta
735 2003 793 2071 est,
818 1997 956 2060 dilectos
979 1997 1061 2060 filios
1077 2005 1207 2060 nostros
1237 1997 1467 2084 .T(edaldum)
1483 1999 1757 2076 archidiaconum,

70 2083 331 2166 .F(redericum)
355 2086 561 2166 prepositum
587 2093 619 2146 et
653 2085 843 2166 .M(arcum)
866 2088 1108 2150 vicedominum
1133 2087 1279 2150 eiusdem
1303 2087 1470 2152 ecclesie
1464 2109 1494 2151 m
1517 2088 1593 2153 loco
1610 2091 1758 2173 episcopi

70 2172 261 2253 responsali
285 2176 472 2236 constituas.
518 2172 579 2236 Per
601 2176 769 2255 presentia
792 2175 904 2254 itaque
926 2176 986 2239 tibi
1014 2179 1136 2258 scripta
1170 2178 1371 2252 mandamus,
1402 2186 1563 2257 quatenus
1587 2187 1759 2269 utramque

70 2270 207 2343 partem
231 2270 307 2324 ante
330 2269 418 2325 tuam
443 2262 641 2345 presentiam
667 2283 794 2338 evoces
818 2272 851 2326 et
873 2263 992 2347 allegat
979 2266 1121 2328 tionibus
1144 2285 1183 2328 ac
1206 2265 1386 2329 rationibus
1402 2269 1566 2347 utrimque
1586 2261 1760 2350 diligenter

70 2351 197 2412 auditis
221 2357 255 2412 et
278 2351 420 2433 plenarie
444 2353 592 2433 cognitis,
617 2351 756 2414 eandem
780 2372 921 2428 causam,
949 2355 1070 2417 iustitia
1093 2356 1247 2428 dictante,
1270 2354 1415 2416 decidas.
1456 2353 1557 2437 Quod
1590 2357 1627 2431 si,
1651 2357 1759 2437 aliqua

71 2443 253 2502 occasione
276 2441 517 2517 interveniente,
541 2444 709 2522 negotium
734 2444 840 2522 ipsum
865 2443 906 2504 ad
931 2463 1065 2524 presens
1088 2465 1153 2506 non
1177 2446 1299 2525 poterit
1321 2444 1429 2506 sortiri
1452 2443 1615 2521 effectum,
1647 2454 1758 2520 testes,

71 2530 131 2610 qui
162 2530 224 2591 tibi
256 2528 375 2591 luerint
406 2530 593 2612 presentati,
625 2530 799 2612 diligenter
821 2534 1005 2608 examines,
1033 2535 1038 2614 Ι
1066 2541 1099 2594 et
1130 2532 1361 2615 postmodum,
1393 2535 1477 2596 sicut
1508 2536 1642 2597 rationis
1674 2534 1757 2598 ordo

73 2621 242 2702 deposcit,
265 2619 490 2681 attestationes
514 2638 627 2681 eorum
652 2621 799 2701 recipias.
825 2655 864 2664 —
889 2619 964 2682 Dat.
987 2621 1159 2695 Ferentini,
1183 2633 1220 2682 vt
1243 2621 1290 2684 Id.
1315 2621 1405 2684 Maii.

243 2732 286 2781 Or.
307 2731 409 2798 (Sekret)
427 2733 461 2780 im
479 2733 593 2782 Archivio
616 2733 750 2796 capitolare
768 2734 796 2782 di
811 2733 837 2781 S.
857 2735 979 2784 Antonino
997 2751 1027 2783 au
1048 2735 1176 2784 Piacenea.

241 2803 310 2869 Perg.
329 2804 390 2866 etot,
408 2805 444 2854 tr.
463 2807 550 2865 0,187,
569 2807 730 2870 long0,118.
766 2804 877 2870 Faltung
899 2806 942 2856 der
964 2807 1057 2856 Sekrete
1082 2807 1149 2864 (nuci
1172 2809 1228 2856 naal
1242 2808 1285 2856 der
1301 2807 1386 2872 Longe
1403 2806 1491 2870 noch),·
1515 2807 1542 2856 in
1559 2807 1633 2856 εὲνεεεη
1652 2807 1696 2857 der
1711 2823 1759 2856 un-

73 2873 298 2941 aufgesclenittmen
315 2875 408 2924 L'o'cher
432 2874 508 2942 ltingt
531 2893 565 2924 an
586 2876 652 2924 einer
669 2875 834 2940 Hanfschnur
857 2877 902 2925 dos
918 2878 1045 2944 Bleisiegel
1065 2880 1112 2928 Nr.
1133 2880 1158 2928 3.
1199 2877 1266 2928 Oine
1288 2878 1377 2928 Lrnr'en
1398 2878 1555 2944 geschrieben.
1592 2879 1689 2945 Scin'st
1704 2879 1761 2928 sehr

70 2945 219 2996 vetticieen.
253 2947 397 3010 Austrin'ft
404 2946 465 3012 fust
480 2949 599 3008 nnkshor,
618 2948 664 2996 mit
675 2947 805 2996 Sicherieit
820 2963 872 2997 nur
889 2950 950 2998 noch
962 2950 1091 3000 Hostieusi
1111 2950 1233 3014 episcopo
1253 2987 1299 3002 ...
1319 2951 1435 3014 (legato).
1455 2978 1486 2987 -
1508 2949 1561 2998 Mit
1578 2950 1662 3000 diesem
1681 2951 1760 3001 Breve

72 3019 133 3068 ebed
147 3019 186 3067 die
203 3017 285 3067 &iiten
294 3019 429 3086 folgenden
446 3019 481 3068 iis
497 3019 549 3083 nus
559 3019 658 3084 gerirrge
674 3019 874 3084 Abweictnngen,
891 3022 1039 3070 nomentlicle
1057 3038 1097 3071 ane
1117 3021 1237 3082 Scietusse,
1256 3022 1365 3072 wenrici
1379 3021 1565 3088 gler'chloutend.

837 3303 906 3380 Nr.
938 3308 999 3380 95.

74 3435 198 3520 Eugen
214 3434 280 3499 III
288 3435 476 3518 beanftragt
488 3434 564 3500 drei
578 3435 712 3500 Richter
724 3458 785 3499 von
801 3436 970 3516 Piaoenea,
984 3436 1047 3499 den
1062 3435 1165 3500 Streit
1177 3436 1338 3500 zwisalten
1352 3436 1426 3499 dem
1445 3434 1581 3519 Kapitel
1592 3458 1653 3500 von
1669 3433 1760 3500 Sant’

75 3527 238 3589 Antonino
261 3525 334 3588 und
352 3524 428 3587 dem
443 3522 614 3589 Bistlznme
629 3526 789 3589 Procenea
808 3546 918 3608 wegen
933 3525 990 3589 des
1009 3524 1107 3589 Gntes
1123 3526 1284 3608 Brugneto
1300 3525 1356 3609 (D.
1374 3525 1546 3604 Piaoenna)
1568 3525 1760 3608 beizulegen.

672 3643 755 3704 1149
771 3639 849 3704 Mai
859 3644 909 3705 10.
945 3637 1113 3704 Ferentino
1128 3639 1169 3726 ⁵).

241 3752 410 3836 Eugenius
435 3759 619 3840 episcopus,
644 3778 755 3821 servus
778 3778 944 3820 servorum
970 3757 1030 3830 dei,
1053 3755 1182 3823 dilectis
1206 3755 1278 3819 filiis
1301 3755 1340 3818 R.
1365 3757 1409 3819 de
1424 3755 1546 3834 Arena,
1575 3755 1620 3820 .F.
1636 3753 1760 3819 Stricto

77 3852 111 3907 et
136 3842 185 3908 .N.
202 3843 245 3906 de
261 3845 396 3908 castello
412 3845 569 3920 Arcuato,
592 3846 754 3910 iudicibus
776 3845 977 3920 Placentinis,
999 3843 1003 3931 Ι
1023 3844 1160 3908 salutem
1185 3854 1219 3908 et
1240 3845 1459 3927 apostolicam
1481 3846 1760 3909 benedictionem.

77 3932 163 3995 Tres
187 3933 231 3995 de
255 3935 420 3996 canonicis
445 3934 584 3997 ecclesie
600 3938 704 3998 sancti
720 3935 886 4010 Antonini,
910 3954 953 3998 ex
969 3943 1061 4016 parte
1077 3934 1220 3997 omnium
1242 3935 1376 3998 fratrum
1398 3954 1530 3997 suorum
1555 3934 1598 3997 ad
1615 3942 1760 3997 nostram

77 4024 250 4086 venientes
273 4026 481 4105 presentiam,
512 4025 543 4085 in
568 4023 760 4110 conlspectu
784 4033 897 4087 nostro
921 4033 955 4086 et
978 4024 1113 4086 fratrum
1138 4031 1321 4086 nostrorum
1352 4026 1524 4103 conquesti
1554 4031 1637 4098 sunt,
1669 4022 1760 4103 quod

77 4113 171 4174 bone
194 4114 353 4175 memorie
399 4111 612 4194 .A(rduinus),
644 4115 818 4195 episcopus
841 4121 959 4188 vester,
982 4122 1102 4175 terram
1120 4113 1162 4175 de
1178 4114 1356 4194 Brugneto,
1380 4132 1479 4195 quam
1496 4112 1538 4175 ad
1555 4115 1604 4176 ius
1621 4111 1760 4175 ecclesie

78 4221 138 4264 sue
162 4209 312 4264 asserunt
335 4203 506 4283 pertinere,
530 4202 573 4264 de
596 4220 661 4282 qua
685 4202 874 4266 multotiens
898 4204 1026 4282 questio
1049 4202 1204 4264 ventilata
1227 4209 1285 4277 est,
1310 4211 1424 4265 contra
1440 4202 1595 4265 iustitiam
1611 4203 1761 4276 tenuerit,

78 4299 112 4354 et
136 4290 260 4352 exinde
284 4292 443 4353 rationem
467 4293 623 4372 consequi
648 4299 723 4354 ante
746 4290 808 4354 hac
832 4311 1038 4373 nequaquam
1062 4293 1239 4373 potuerint.
1286 4288 1373 4372 Quia
1387 4311 1477 4374 ergo,
1500 4292 1532 4354 in
1547 4291 1627 4353 sede
1643 4290 1761 4353 iustitie

79 4381 192 4462 positi,
224 4379 379 4442 omnibus
411 4379 556 4442 ecclesiis
587 4388 620 4442 et
652 4379 860 4443 ecclesiarum
894 4379 1026 4463 prelatis
1059 4383 1091 4442 in
1122 4401 1183 4443 suo
1216 4381 1285 4442 iure
1308 4381 1477 4443 debitores
1508 4380 1687 4453 erdstimus,
1718 4379 1761 4441 de

78 4477 191 4531 vestra
213 4469 387 4551 prudentia
409 4469 586 4551 plurimum
611 4469 823 4546 confidentes,
855 4469 1110 4533 controversiam
1134 4469 1239 4552 ipsam
1263 4469 1359 4532 vobis
1382 4469 1534 4533 duximus
1562 4468 1760 4532 audiendam

78 4558 386 4639 terminandamque
413 4560 628 4621 committere.
659 4559 702 4621 Et
717 4561 873 4641 quoniam
890 4558 1029 4620 ecclesia
1044 4557 1231 4621 Placentina
1254 4558 1433 4640 episcopali
1458 4560 1615 4640 regimine
1638 4559 1672 4620 in
1688 4577 1762 4640 pre·

78 4647 257 4710 sentiarum
274 4645 430 4709 destituta
446 4655 503 4722 est,
525 4647 664 4710 dilectos
681 4647 763 4711 filios
786 4655 916 4710 nostros
932 4645 1153 4728 .T(edaldum)
1169 4645 1434 4711 archidiaconum
1454 4650 1493 4725 ει),
1517 4646 1761 4729 .F(redericum)

79 4737 289 4818 prepositum
308 4734 337 4814 b)
353 4743 386 4797 et
402 4735 583 4817 .M(arcum)
600 4738 842 4800 vicedominum
863 4739 890 4817 Ο)
907 4737 1053 4800 eiusdem
1070 4736 1205 4824 ecclesie
1220 4737 1252 4799 in
1267 4736 1344 4800 loco
1360 4736 1509 4820 episcopi
1532 4743 1762 4818 procuratores

80 4826 322 4887 constituimus.
367 4825 429 4886 Per
452 4827 617 4906 presentia
640 4829 751 4906 itaque
774 4827 869 4890 vobis
890 4827 1013 4909 scripta
1036 4824 1237 4902 mandamus,
1261 4833 1421 4905 quatenus
1437 4833 1609 4905 utramque
1633 4833 1762 4907 partem

80 4920 158 4976 ante
181 4921 324 4978 vestram
347 4915 547 4994 presentiam
577 4915 774 4990 convocetis,
806 4923 839 4978 et
862 4915 1113 4997 allegationibus
1136 4933 1175 4976 ac
1199 4915 1378 4978 rationibus
1402 4915 1566 4996 utrimque
1589 4914 1763 4996 diligenter

81 5003 199 5065 auditis
222 5010 256 5065 et
276 5002 420 5084 plenarie
443 5003 590 5084 cognitis,
614 5005 752 5068 eandem
777 5006 1087 5079 causam-dictante
1102 5004 1231 5080 iustitia,
1254 5004 1423 5069 decidatis.
1470 5000 1571 5084 Quod
1594 5004 1631 5078 si,
1654 5002 1762 5083 aliqua

82 5091 258 5155 occasione
275 5092 519 5169 interveniente,
542 5112 639 5155 causa
662 5095 736 5176 ipsa
757 5095 923 5157 terminari
946 5114 1013 5156 non
1036 5093 1170 5177 poterit,
1192 5101 1303 5168 testes,
1326 5091 1432 5176 quid)
1456 5093 1498 5156 ab
1515 5100 1653 5174 utraque
1669 5098 1763 5174 parte

245 5253 271 5318 a)
289 5251 467 5302 archidiacono
539 5253 567 5315 b)
585 5255 714 5318 preposito
787 5255 811 5316 ο)
830 5253 991 5303 vicedomino
1070 5252 1097 5319 d)
1116 5254 1168 5318 ares
1181 5254 1266 5304 Roster
1281 5269 1330 5302 von
1347 5254 1452 5303 crederer
1461 5253 1650 5316 Dente-4)
1677 5251 1763 5316 Wegen
1822 5279 1825 5288 ·

82 5325 126 5373 der
149 5322 282 5389 Daremg
302 5326 377 5390 vergi.
405 5326 479 5376 Amr.
498 5327 523 5386 2,
551 5325 609 5374 doch
636 5343 702 5375 muss
728 5325 831 5376 bemnkt
851 5325 955 5384 werdm,
980 5324 1036 5374 dass
1053 5325 1090 5374 die
1112 5325 1173 5376 Urk.
1197 5325 1260 5375 nach
1284 5326 1337 5375 dem
1355 5325 1462 5375 Itr'nerar
1485 5325 1512 5374 in
1536 5325 1582 5373 dar
1603 5323 1673 5389 John
1691 5325 1760 5372 1151

79 5395 210 5514 ‘mh
292 5397 319 5458 2)
342 5396 434 5456 Geeido,
459 5396 681 5461 Kardmalbisctiof
698 5413 746 5447 von
774 5397 848 5457 Ostia,
868 5399 1041 5447 1149-1160
1062 5396 1126 5461 Jan.
1147 5397 1189 5447 30.
1227 5397 1265 5446 Im
1283 5397 1359 5461 Apn'l
1376 5397 1468 5446 komnrt
1492 5397 1565 5446 sehon
1582 5395 1662 5444 dessen
1680 5393 1763 5443 Noch-

74 5463 210 5533 folgrrH
205 5481 255 5533 ugo
270 5481 323 5517 vor.
395 5471 423 5534 3)
442 5469 553 5530 Ardur'n,
578 5468 683 5532 Baitios
693 5485 740 5518 von
761 5468 1194 5529 Piacmnac.1118-c.,1147
1217 5471 1319 5518 lemnes
1334 5469 1401 5518 kann
1425 5469 1499 5518 kaum
1523 5466 1611 5532 richere
1626 5466 1683 5528 sein,
1708 5465 1766 5514 weil

82 5537 146 5588 nect
163 5539 241 5588 dhaer
261 5537 320 5588 Urk.
346 5531 541 5588 Sedu-vatins·
531 5557 558 5590 en
577 5540 698 5589 Prbcenea
720 5540 849 5605 statp‘and.
894 5541 950 5588 Vom
969 5541 1002 5589 31
1023 5539 1084 5604 Julr'
1100 5541 1170 5590 1148
1191 5539 1267 5590 haben
1293 5539 1343 5590 wir
1363 5539 1445 5590 bereits
1468 5540 1535 5590 einen
1558 5538 1634 5604 Brief
1653 5537 1761 5604 Engeers,

83 5610 161 5660 norit
183 5609 289 5675 Jotm
311 5611 350 5659 als
366 5610 509 5661 Enoeihlter
530 5627 578 5661 von
598 5611 717 5661 Prbcmsa
735 5619 847 5677 genennt
863 5612 929 5660 nond
948 5607 1027 5678 Jaffe,
1046 5613 1105 5678 Reg.
1125 5613 1201 5662 6448.
1273 5617 1301 5675 4)
1319 5613 1450 5678 Bnegnete,
1469 5610 1584 5661 harim
1602 5610 1643 5658 del
1657 5625 1716 5659 com.
1736 5608 1765 5658 di

83 5683 177 5732 Bettola
193 5683 252 5731 nelt'
269 5681 370 5742 Emitia,
386 5689 455 5746 prov.
475 5683 502 5733 di
520 5683 647 5733 Pr'acenao.
721 5685 748 5750 5)
774 5683 858 5750 Wegen
877 5683 920 5732 der
936 5683 1065 5750 Datr'neng
1080 5687 1154 5750 vergi.
1175 5684 1212 5733 die
1228 5685 1309 5750 vorige
1330 5683 1391 5734 Urk.
1408 5685 1482 5734 Anne.
1503 5686 1526 5732 1.

135 5791 160 5818 v.
174 5779 467 5832 netega-autem,
482 5782 539 5823 neu
552 5781 595 5821 111.
1531 5776 1562 5828 ¹3
