4090 6358
1679 312 1829 386 53.

50 483 134 550 bone
154 481 322 587 ¹memorie
351 482 535 547 Benedicto
554 483 578 564 ¹)
610 483 769 562 videlicet,
800 483 966 550 Ermanno
984 485 1010 570 ¹)
1041 492 1074 550 et
1095 485 1239 567 Rogerio
1256 482 1291 570 ⁸),
1315 483 1520 549 Vulterranis
1550 486 1721 570 episcopis,

50 594 202 640 canonice
226 573 317 635 vobis
349 592 530 636 concessas.
578 571 744 655 Quicquid
773 574 901 639 habetis
930 577 961 639 in
995 585 1085 638 curte
1116 583 1149 638 et
1182 577 1313 639 civitate
1334 573 1537 653 Vulterrana,
1569 579 1601 639 in
1632 587 1722 642 curte

50 668 89 729 de
121 670 233 726 monte
257 661 462 736 Vulterrano,
493 665 526 725 in
557 672 647 726 curte
676 664 718 728 de
749 663 876 741 Casula,
907 667 939 728 in
970 672 1060 728 curte
1090 665 1132 727 de
1164 664 1321 740 Mezano,
1352 667 1384 727 in
1414 674 1505 729 curte
1536 668 1578 730 de
1608 676 1721 731 sancto

52 754 252 828 Geminiano,
282 753 313 814 in
343 760 435 815 curte
467 753 510 814 de
543 752 686 816 Castello
716 757 827 830 veteri,
860 757 892 817 in
928 764 1018 818 curte
1048 763 1082 818 et
1113 752 1249 816 castello
1282 755 1325 818 de
1354 753 1464 837 Nigra,
1496 756 1527 818 in
1557 768 1647 821 curte
1679 759 1722 822 de

52 851 159 908 monte
183 843 330 916 Tinioso,
361 842 392 904 in
417 849 508 904 curte
532 842 575 905 de
598 844 694 906 Petra
718 841 877 926 Raninga,
908 846 1036 907 tertiam
1065 852 1192 926 partem
1217 845 1314 906 curtis
1345 853 1377 907 et
1401 844 1525 908 castelli
1558 848 1601 910 de
1625 845 1722 911 Com·

51 953 181 1017 porena,
212 933 243 994 in
268 938 358 993 curte
383 931 426 994 de
450 933 586 994 castello
610 931 701 1008 Falfi,
729 932 761 995 in
786 943 876 997 curte
900 934 942 996 de
965 933 1081 1015 Liguli,
1111 933 1143 996 in
1175 941 1266 994 curte
1297 941 1331 997 et
1354 934 1490 998 castello
1513 935 1556 998 de
1580 935 1722 1012 Gezano,

50 1025 78 1087 in
101 1031 192 1087 curte
223 1022 266 1083 de
288 1021 433 1096 Latret0‚
464 1023 496 1082 in
529 1029 618 1084 curte
651 1023 693 1085 de
716 1023 860 1098 Pezzole‚
891 1025 923 1085 in
953 1032 1044 1086 curte
1075 1023 1116 1084 de
1140 1022 1319 1099 Monteclo,
1350 1025 1381 1086 in
1414 1032 1505 1087 curte
1534 1025 1578 1088 de
1610 1033 1723 1090 monte

52 1114 193 1186 Cuccari,
216 1111 249 1173 in
272 1119 362 1173 curte
386 1110 428 1172 de
450 1108 539 1173 Villa
562 1131 689 1193 magna,
720 1114 752 1174 in
777 1121 868 1175 curte
892 1113 934 1175 de
957 1114 1054 1186 Pava,
1087 1113 1119 1174 in
1151 1119 1241 1174 curte
1273 1119 1305 1174 et
1336 1112 1471 1176 castello
1500 1113 1542 1176 de
1564 1114 1723 1191 Laiatico,

51 1206 80 1266 in
103 1210 194 1266 curte
218 1201 261 1264 de
284 1199 414 1276 Berola,
446 1199 478 1261 in
501 1209 592 1264 curte
615 1201 658 1264 de
682 1201 790 1264 casale
812 1201 933 1278 Iustuli,
957 1204 988 1264 in
1012 1208 1103 1265 curte
1127 1202 1168 1263 de
1194 1207 1304 1264 monte
1328 1199 1485 1278 Scudaro,
1514 1205 1547 1267 in
1572 1202 1723 1278 Cornin0,

52 1296 81 1356 in
103 1291 241 1355 castello
264 1299 298 1353 et
321 1297 412 1352 curte
436 1290 479 1352 de
493 1289 592 1364 Valli,
618 1291 830 1355 medietatem
855 1292 898 1354 de
923 1298 1013 1355 curte
1036 1301 1070 1353 et
1093 1290 1228 1353 castello
1252 1292 1294 1354 de
1309 1291 1450 1368 Rotano‚
1473 1300 1598 1356 curtem
1621 1294 1724 1357 sancti

53 1380 212 1456 Mamme,
244 1381 380 1443 domum
412 1398 509 1442 unam
541 1382 573 1442 in
597 1379 730 1443 Lucana
759 1383 900 1444 civitate.
947 1381 1144 1445 Sanctorum
1177 1399 1311 1462 quoque
1342 1390 1471 1462 patrum
1494 1385 1722 1447 auctoritatem

51 1479 224 1554 sequentes
248 1469 474 1552 prohibemus
498 1477 532 1532 ut
557 1468 633 1532 nulli
657 1471 817 1553 episcopo
842 1469 982 1553 aliquam
1006 1471 1247 1534 ordinationem
1271 1471 1303 1532 in
1318 1471 1434 1534 eadem
1456 1472 1594 1535 ecclesia
1617 1472 1724 1536 lacere

51 1561 99 1624 vel
124 1580 302 1643 personam
333 1557 510 1622 excludere
541 1561 610 1622 sive
642 1558 732 1622 bona
762 1561 974 1642 episcopatus
998 1561 1030 1622 in
1062 1560 1199 1642 pignore
1223 1559 1275 1622 vel
1304 1559 1404 1622 leudo
1435 1561 1529 1624 alicui
1559 1562 1638 1625 dare
1667 1583 1724 1626 seu

54 1651 200 1734 quolibet
231 1650 333 1712 modo
365 1647 505 1711 alienare
542 1648 668 1728 absque
698 1651 864 1712 communi
897 1649 1031 1712 fratrum
1062 1649 1113 1711 vel
1151 1649 1286 1711 sanioris
1320 1650 1420 1731 partis
1451 1649 1584 1713 consilio
1619 1651 1724 1715 liceat.

52 1742 266 1804 Decemimus
291 1758 380 1820 ergo,
411 1745 446 1800 ut
476 1737 554 1801 nulli
579 1738 711 1802 omnino
742 1737 911 1802 hominum
935 1738 1038 1814 liceat,
1068 1738 1278 1802 iamdictam
1310 1739 1482 1802 ecclesiam
1507 1746 1631 1804 temere
1655 1762 1726 1824 per-

53 1832 180 1894 turbare
219 1837 277 1894 aut
314 1830 383 1890 eius
412 1830 640 1910 possessiones
675 1827 801 1891 auferre
832 1829 884 1891 vel
916 1828 1041 1891 ablatas
1065 1828 1222 1902 retinere,
1237 1821 1242 1832 ³
1258 1829 1402 1892 minuere
1432 1849 1490 1893 seu
1526 1830 1726 1909 quibuslibet

54 1922 211 1986 molestiis
235 1918 387 1999 fatigare,
418 1919 477 1981 sed
509 1919 619 1981 omnia
649 1919 774 2000 integra
805 1925 1038 1981 conserventur
1070 1937 1194 1993 eorum,
1224 1939 1286 1999 pro
1317 1937 1457 1998 quorum
1490 1919 1726 2001 gubernatione

54 2019 84 2075 et
104 2009 343 2074 sustentatione
366 2027 524 2070 concessa
539 2015 623 2083 sunt,
647 2007 757 2070 usibus
773 2008 970 2070 omnimodis
986 2007 1163 2090 profutura,
1187 2007 1276 2070 salva
1292 2010 1439 2090 episcopi
1456 2010 1554 2071 vestri
1571 2011 1728 2071 canonica

55 2101 233 2164 reverentia
256 2106 290 2161 et
312 2097 494 2179 apostolice
518 2097 606 2160 sedis
630 2099 833 2160 auctoritate.
879 2097 936 2159 Ad
960 2098 1116 2159 indicium
1140 2105 1249 2164 autem
1280 2095 1374 2159 huius
1398 2118 1417 2159 a
1439 2098 1520 2160 sede
1543 2097 1727 2179 apostolica

55 2199 210 2274 percepte
233 2189 446 2271 protectionis
470 2201 506 2249 vt
530 2187 682 2249 denarios
704 2185 861 2249 Lucensis
886 2195 1017 2249 monete
1041 2184 1137 2248 nobis
1161 2186 1344 2266 nostrisque
1367 2186 1612 2251 successoribus
1635 2189 1728 2250 annis

55 2279 183 2362 singulis
218 2276 420 2361 persolvetis.
467 2273 502 2340 Si
532 2297 597 2358 qua
628 2275 725 2358 igitur
755 2277 786 2338 in
819 2275 962 2339 futurum
993 2275 1212 2339 ecclesiastica
1240 2275 1436 2338 secularisve
1467 2295 1616 2358 persona,
1644 2275 1728 2339 hanc

56 2379 161 2433 nostre
194 2367 437 2433 constitutionis
460 2366 613 2448 paginam
645 2368 761 2442 sciens,
794 2374 907 2428 contra
937 2385 1009 2428 eam
1040 2374 1165 2428 temere
1188 2367 1298 2427 venire
1329 2367 1551 2447 temptaverit,
1582 2367 1727 2429 secundo

56 2461 189 2524 tertiove
214 2458 426 2532 commonita,
450 2457 477 2518 si
502 2476 566 2519 non
590 2455 811 2519 satisfactione
835 2475 978 2537 congrua
1002 2454 1232 2529 emendaverit,
1262 2457 1436 2536 potestatis
1457 2455 1658 2534 honorisque
1681 2455 1729 2518 sui

57 2552 214 2632 dignitate
237 2554 347 2610 careat
376 2564 532 2626 reamque
556 2565 591 2607 se
615 2545 726 2607 divino
750 2545 872 2606 iudicio
897 2547 1037 2607 existere
1060 2545 1103 2606 de
1127 2551 1315 2626 perpetrata
1345 2547 1516 2624 iniquitate
1550 2553 1730 2626 cognoscat

57 2648 87 2704 et
107 2661 126 2703 a
148 2637 369 2704 sacratissimo
400 2654 540 2716 corpore
569 2655 609 2697 ac
640 2635 797 2716 sanguine
828 2634 881 2696 dei
906 2642 939 2696 et
962 2634 1095 2711 domini,
1119 2634 1339 2715 redemptoris
1373 2637 1476 2697 nostri
1503 2631 1576 2696 Iesu
1601 2631 1728 2709 Christi,

57 2729 243 2802 alienafiat,
266 2735 366 2806 atque
391 2727 422 2786 in
446 2732 598 2787 extremo
622 2725 772 2787 examine
795 2723 941 2786 districte
965 2722 1078 2786 ultioni
1100 2723 1277 2785 subiaceat.
1324 2722 1454 2786 Cunctis
1478 2731 1596 2799 autern,
1621 2724 1727 2785 eidem

57 2821 127 2886 loco
154 2824 241 2884 iusta
272 2815 486 2888 servantibus,
519 2815 561 2876 sit
593 2834 660 2896 pax
688 2814 813 2876 domini
844 2815 946 2876 nostri
969 2813 1042 2875 Iesu
1067 2811 1194 2886 Christi,
1221 2817 1226 2893 Ι
1255 2815 1408 2893 quatinus
1438 2821 1471 2876 et
1500 2812 1555 2875 hic
1587 2811 1728 2875 fructum

58 2913 139 2975 bone
168 2908 310 2976 actionis
341 2905 526 2986 percipiant
553 2911 587 2966 et
616 2903 705 2985 apud
737 2903 920 2965 districtum
952 2903 1094 2965 iudicem
1127 2904 1252 2983 premia
1284 2911 1394 2966 eterne
1432 2903 1521 2986 pacis
1557 2902 1728 2965 inveniant.

58 3001 128 3066 Am.
151 3003 232 3067 Am.
255 2996 332 3059 Am.
354 3029 399 3040 -

269 3087 323 3167 (R)
346 3087 420 3168 Ego
445 3081 624 3146 Celestinus
648 3081 808 3169 catholice
832 3080 968 3167 ecclesie
991 3082 1168 3163 episcopus
1192 3101 1235 3143 ss
1259 3078 1323 3165 (M)

270 3176 289 3259 i
313 3177 387 3257 Ego
412 3172 583 3236 Conradus
606 3171 795 3235 Sabinensis
820 3171 996 3254 episcopus
1019 3190 1061 3232 ss

270 3264 290 3350 i
314 3267 388 3347 Ego
411 3261 644 3326 Theodevinus
667 3270 780 3326 sancte
803 3259 922 3324 Rufine
943 3262 1119 3343 episcopus
1141 3279 1183 3322 ss

271 3354 292 3440 †
315 3354 389 3436 Ego
411 3352 588 3433 Alberigus
612 3351 794 3414 Hostiensis
818 3351 994 3432 episcopus
1017 3369 1058 3412 ss.

272 3445 291 3530 †
315 3447 388 3526 Ego
412 3439 567 3506 Stelanus
590 3441 799 3503 Prenestinus
822 3442 999 3522 episcopus
1022 3459 1063 3501 ss

271 3533 291 3618 ’ς
315 3534 388 3616 Ego
412 3533 536 3595 Imarus
560 3529 812 3592 Tusculanensis
836 3531 1012 3612 episcopus
1035 3548 1077 3592 ss.
1101 3523 1150 3612 (1)

271 3624 291 3708 t
315 3625 388 3706 Ego
412 3622 525 3685 Petrus
548 3619 744 3684 Albanensis
768 3619 952 3702 episcopus.
977 3619 1023 3698 (3)

271 3753 314 3762 -
339 3711 359 3796 †
382 3712 455 3794 Ego
480 3709 590 3775 Guido
614 3709 777 3792 presbiter
801 3708 972 3772 cardinalis
995 3709 1036 3769 tit
1068 3707 1170 3769 sancti
1195 3704 1370 3786 Grisogoni
1393 3723 1435 3766 ss‚

272 3803 292 3888 t
315 3805 389 3885 Ego
412 3800 579 3866 Rainerius
603 3800 765 3882 presbiter
788 3796 960 3861 cardinalis
983 3797 1031 3859 tit.
1055 3801 1168 3859 sancte
1192 3795 1300 3880 Prisce
1322 3813 1363 3856 ss.

272 3893 292 3976 †
317 3892 390 3975 Ego
413 3893 527 3956 Petrus
551 3888 710 3971 presbiter
734 3888 904 3951 cardinalis
929 3887 971 3950 de
994 3885 1089 3948 titulo
1112 3885 1255 3948 Pastoris
1278 3903 1320 3945 ss.

272 3983 293 4066 †
316 3983 390 4065 Ego
414 3978 518 4044 Goizo
543 3978 705 4061 presbiter
727 3977 898 4040 cardinalis
920 3978 970 4038 tit.
993 3983 1107 4038 sancte
1130 3974 1252 4038 Cecilie
1274 3993 1316 4035 ss.
1340 3974 1387 4051 (4)

273 4070 294 4156 †
315 4072 389 4154 Ego
414 4069 605 4134 Manfredus
630 4067 791 4150 presbiter
814 4065 985 4131 cardinalis
1007 4066 1054 4127 tit.
1077 4071 1189 4151 sancte
1212 4060 1332 4147 Savine
1355 4081 1397 4122 ss.

272 4199 316 4209 -—
340 4159 360 4244 †
383 4160 456 4242 Ego
481 4157 659 4240 Gregorius
682 4159 841 4220 diaconus
865 4154 1036 4219 cardinalis
1060 4162 1246 4217 sanctorum
1270 4150 1373 4232 Sergii
1397 4157 1430 4212 et
1452 4147 1553 4212 Bachi
1577 4169 1617 4210 ss.
1641 4144 1688 4233 (1)

272 4253 293 4334 †
316 4252 389 4332 Ego
414 4247 523 4313 Guido
547 4249 706 4310 diaconus
730 4245 902 4309 cardinalis
925 4252 1112 4308 sanctorum
1136 4242 1256 4329 Cosmq
1280 4247 1313 4304 et
1336 4239 1490 4302 Damiani
1512 4258 1554 4301 ss.

272 4342 293 4423 †
316 4341 389 4423 Ego
415 4337 579 4403 Gerardus
603 4338 758 4400 diaconus
781 4335 954 4398 cardinalis
976 4343 1088 4397 sancte
1112 4333 1214 4396 Marie
1238 4335 1269 4394 in
1293 4330 1420 4394 Donica
1443 4349 1484 4391 ss.

272 4433 293 4513 †
316 4431 389 4513 Ego
414 4428 524 4493 Guido
548 4430 581 4491 in
605 4426 756 4489 Romana
780 4425 918 4488 ecclesia
941 4423 1051 4487 altaris
1075 4423 1221 4484 minister
1244 4421 1396 4502 indignus
1418 4439 1460 4482 ss.
1484 4419 1530 4499 (3)

272 4520 292 4603 †
316 4520 389 4603 Ego
412 4518 576 4582 lohannes
600 4517 758 4578 diaconus
782 4515 954 4578 cardinalis
977 4518 1091 4575 sancte
1115 4512 1216 4574 Marie
1240 4510 1335 4573 Nove
1357 4529 1399 4571 ss.

220 4611 297 4674 Dat.
328 4609 488 4682 Laterani,
518 4627 578 4690 per
609 4625 740 4669 manum
772 4602 945 4678 GERARDI,
977 4610 1088 4665 sancte
1114 4601 1264 4664 Romane
1294 4598 1431 4662 ecclesie
1464 4595 1636 4679 presbiteri
1666 4614 1734 4657 car·

66 4700 175 4765 dinalis
206 4721 246 4764 ac
277 4697 527 4764 bibliothecarii.
566 4710 590 4758 v
619 4693 703 4758 Non.
723 4695 754 4776 a)
785 4694 904 4757 Martii.
964 4691 1146 4754 Indictione
1177 4703 1235 4753 vll.
1295 4687 1530 4752 Incarnationis
1568 4685 1735 4748 dominice

67 4809 145 4855 anno
169 4803 318 4854 MCme.
365 4786 575 4851 Pontificatus
599 4804 677 4848 vero
702 4785 815 4846 domni
840 4782 993 4846 Celestini
1018 4781 1234 4844 PP.11anno
1259 4778 1374 4861 primo.

224 4905 267 4956 Or.
286 4903 342 4953 und
356 4902 481 4967 Absclrrist
496 4901 529 4950 im
547 4899 660 4950 Archivr'o
682 4899 816 4964 Caprlolare
832 4914 862 4946 su
885 4897 998 4947 Volterra.

224 4977 268 5027 Or.
289 4976 358 5040 Perg.
378 4975 439 5034 rial,
464 4974 498 5022 br.
519 4975 607 5035 0,.585,
630 4975 691 5036 lang
709 4973 795 5031 ostar,
824 4977 898 5018 umen
916 4971 994 5029 (toti
1013 4966 1201 5032 unigescklagen,
1230 4964 1308 5014 durch
1331 4963 1388 5013 nuri
1409 4962 1501 5011 Lbclaer
1521 4959 1579 5027 geht
1600 4959 1738 5009 verschiirzt

67 5049 110 5097 eine
126 5067 180 5099 rosa
200 5047 384 5106 Seidemclnmr,
402 5061 488 5095 weron
507 5044 632 5110 Bltriiegel
646 5043 721 5092 Nr.3
739 5043 816 5108 lui'ngt
859 5040 968 5107 Faltung
984 5040 1028 5088 der
1044 5040 1141 5088 Bullen.
1178 5037 1290 5087 Inuiale:
1308 5035 1517 5100 demergetobems
1534 5030 1736 5098 eingrknicktesC

68 5120 107 5168 nri
122 5123 277 5188 aegestatem
290 5121 319 5169 E.
356 5119 411 5168 Der
422 5118 501 5166 Name
520 5117 560 5165 des
574 5117 669 5180 Papstes
686 5115 718 5163 ist
734 5115 767 5163 im
786 5131 814 5164 us
833 5113 967 5162 abbreviirt.
1010 5111 1168 5176 Veretuigreng
1185 5109 1262 5158 Nr.4
1280 5105 1308 5157 Il
1322 5107 1367 5167 Pr,
1386 5107 1453 5156 slark
1471 5107 1551 5164 betoni,
1562 5105 1632 5170 frillt
1648 5103 1735 5163 0,085.

68 5192 101 5240 Im
118 5193 260 5256 Konscripte
275 5190 334 5240 sind
350 5191 388 5239 die
408 5188 549 5255 Majrukeln
566 5189 648 5247 helmst,
674 5187 711 5235 die
732 5187 880 5251 Oberlri'ngen
897 5183 1001 5233 n'emlich
1016 5183 1139 5248 gestreckt,
1164 5181 1280 5230 detuliclle
1298 5177 1550 5244 Sckuppenscdn'o'rkcl
1564 5175 1640 5236 ders,
1659 5191 1677 5240 g
1694 5173 1739 5222 mit

68 5263 259 5330 Srller'femauel.
297 5262 441 5312 Zeilenweitc
474 5261 551 5322 0,02,·
586 5261 624 5309 die
647 5257 742 5323 Schrist
766 5274 837 5324 gross
866 5256 922 5305 und
949 5256 976 5304 in
1003 5256 1049 5304 dm
1081 5254 1176 5304 Wortcn
1202 5253 1257 5302 wer't
1283 5268 1331 5302 von
1362 5250 1478 5300 einander
1505 5248 1612 5315 gmickt.
1660 5248 1737 5296 Amen

138 5431 160 5434 ..
173 5425 487 5434 ν--ι--ν----.--

222 5516 247 5570 a)
271 5512 330 5561 Erst
352 5512 429 5560 stand
451 5511 494 5562 Kl.
520 5509 557 5558 dic
582 5507 693 5558 dadurch
715 5506 845 5572 gebt'ldeteu
867 5506 948 5555 brrilm
970 5504 1068 5569 Scbdste
1091 5505 1130 5553 als
1153 5503 1190 5552 dic
1216 5501 1256 5550 des
1277 5501 1302 5550 N
1327 5499 1461 5550 amandu.
1484 5537 1508 5542 -
1521 5537 1532 5543 .
1552 5500 1588 5566 ,1)
1614 5494 1737 5556 Benedikl,

69 5583 165 5651 Bisclof
177 5601 226 5636 von
250 5584 365 5643 Voltcrra,
390 5584 570 5641 rouo-1014,
589 5582 638 5646 agl.
657 5580 800 5639 Amnem,
825 5578 919 5628 Vescrui
935 5577 963 5626 di
984 5577 1091 5626 Voltma
1101 5583 1128 5639 p.
1143 5577 1190 5633 79;
1213 5573 1243 5622 G.
1263 5571 1382 5631 Leoncr‘ni,
1401 5569 1565 5620 Illustracrbne
1583 5568 1610 5618 di
1632 5568 1739 5617 Volterra

67 5662 89 5716 p.
107 5661 164 5708 244.
274 5669 301 5722 2)
319 5657 461 5716 Hermann,
490 5655 672 5712 rous-1077,
697 5652 768 5717 vergl
790 5652 932 5710 Ammiratq
964 5648 1058 5697 Vescovi
1081 5648 1108 5696 di
1129 5647 1243 5705 Voltma,
1257 5652 1283 5709 p.
1303 5646 1352 5704 83,
1382 5643 1411 5692 G.
1431 5643 1552 5704 Leoncini,
1572 5640 1739 5694 Iltutrazione

67 5733 90 5789 p.
105 5729 161 5792 248,
181 5731 242 5781 306.
316 5741 343 5794 3)
362 5731 448 5793 Roger,
468 5727 648 5776 1099-1131.
685 5723 821 5773 Ammirato
834 5729 861 5787 p.
881 5724 928 5785 88,
947 5719 1063 5770 Leoncim'
1075 5726 1101 5784 p.
1123 5722 1163 5778 17,
1185 5720 1243 5776 120,
1264 5719 1324 5776 249,
1343 5716 1403 5767 290.
