4126 6356
1674 337 1736 400 109

804 500 873 576 Nr.
902 505 988 578 105.

63 628 170 712 Eugen
187 625 253 690 III
263 627 381 690 nimmt
401 625 463 690 das
488 621 619 687 Kloster
632 622 705 687 San
721 623 892 688 Salvatore
907 623 948 690 di
962 626 1153 712 Gossolengo
1168 627 1227 710 (D.
1244 627 1427 708 Precenea)
1451 630 1489 693 in
1507 624 1738 713 apostolr'sclren

507 713 626 777 Schute
648 714 718 777 und
741 713 895 797 bestdttgt
914 714 1026 781 dessen
1049 718 1295 784 Besz'tetlrrimer.

644 822 727 883 1151
747 819 934 886 November
950 825 1006 886 28.
1045 822 1152 908 Segni.

217 939 384 1023 Eugenius
407 939 593 1021 episcopus
617 958 728 1001 servus
751 959 919 1003 servorum
936 940 997 1016 dei,
1022 942 1149 1005 dilectis
1170 942 1244 1005 filiis
1259 942 1410 1019 Sansoni,
1433 943 1533 1025 priori
1550 933 1739 1005 monasterii

63 1031 161 1096 sancti
185 1027 377 1105 Salvatoris,
408 1028 500 1110 quod
523 1029 557 1090 in
588 1029 751 1091 territorio
775 1029 966 1092 Placentino
998 1032 1088 1094 iuxta
1112 1029 1345 1113 Goxolengum
1368 1033 1480 1110 (situm
1503 1035 1574 1110 est),
1605 1033 1739 1112 eiusque

65 1121 218 1198 fratribus,
250 1129 320 1182 tarn
343 1117 550 1201 presentibus
574 1137 674 1198 quam
698 1117 821 1195 suturis,
852 1119 1042 1201 regulariter
1063 1121 1306 1198 substituendis
1340 1123 1373 1184 in
1396 1131 1600 1204 perpetuum.
1646 1121 1740 1183 Desi-

65 1211 191 1286 derium,
218 1209 311 1291 quod
334 1208 378 1270 ad
401 1207 566 1288 religionis
590 1207 799 1289 propositum
822 1219 856 1271 et
878 1209 1060 1272 animarum
1083 1211 1222 1274 salutem
1237 1212 1401 1293 pertinere
1421 1221 1582 1287 noscatur,
1607 1220 1740 1273 auctore

64 1305 120 1364 deo
147 1300 219 1362 sine
248 1299 359 1380 aliqua
382 1308 432 1360 est
455 1296 619 1359 dilacione
643 1297 887 1379 complendum.
933 1299 1129 1382 Eapropter,
1162 1301 1271 1363 dilecti
1303 1300 1336 1362 in
1367 1300 1503 1363 domino
1528 1300 1594 1376 filii,
1624 1300 1740 1362 vestris

64 1390 147 1452 iustis
170 1387 393 1471 peticionibus
417 1387 595 1450 clementer
618 1387 799 1464 annuimus,
831 1398 865 1451 et
894 1388 1059 1470 prefatum
1083 1391 1326 1466 monasterium,
1360 1390 1393 1452 in
1425 1410 1491 1471 quo
1516 1390 1627 1453 divino
1652 1409 1740 1451 man·

64 1479 156 1562 cipati
188 1479 268 1542 estis
298 1476 479 1557 obsequi0,
512 1476 573 1538 sub
606 1475 696 1538 beati
725 1477 812 1539 Petri
844 1487 878 1540 et
908 1488 1021 1541 nostra
1050 1480 1258 1561 protectione
1288 1480 1482 1561 suscipimus
1518 1489 1551 1542 et
1581 1479 1741 1561 presentis

63 1569 168 1651 scripti
200 1567 373 1650 privilegio
407 1565 656 1629 communimus.
710 1565 915 1644 Statuentes,
947 1578 983 1630 ut
1015 1589 1238 1649 quascumque
1268 1569 1504 1650 possessiones,
1536 1588 1741 1650 quecumque

64 1659 146 1722 bona
176 1658 268 1720 idem
295 1655 531 1719 monasterium
561 1655 594 1717 in
624 1656 867 1736 presenciarum
890 1657 974 1720 iuste
998 1667 1031 1720 et
1054 1659 1213 1721 canonice
1236 1659 1419 1740 possideat,
1452 1668 1508 1721 aut
1538 1659 1570 1721 in
1599 1658 1742 1721 futurum

64 1747 274 1811 concessione
303 1745 507 1828 pontificum,
539 1744 717 1826 largicione
749 1765 862 1827 regum
892 1747 945 1810 vel
975 1748 1180 1829 principum,
1211 1747 1387 1810 oblacione
1414 1746 1560 1810 fidelium
1592 1768 1648 1810 seu
1672 1747 1743 1810 aliis

64 1838 147 1901 iustis
188 1837 298 1900 modis
330 1836 394 1898 deo
426 1834 578 1916 propicio
617 1834 740 1915 poterit
777 1836 931 1917 adipisci,
972 1837 1067 1899 firma
1095 1836 1191 1900 vobis
1222 1838 1405 1918 vestrisque
1435 1837 1677 1900 successoribus
1710 1845 1743 1899 et

64 1928 183 1990 illibata
206 1933 432 2008 permaneant.
478 1923 514 1986 In
539 1923 658 2005 quibus
688 1923 750 1988 hec
783 1927 925 2007 propriis
957 1926 1110 1989 duximus
1143 1927 1359 2009 exprimenda
1390 1926 1595 1990 nominibus:
1634 1926 1743 1988 locum

64 2018 173 2099 ipsum,
198 2017 232 2078 in
250 2035 317 2097 quo
342 2014 523 2077 antefatum
548 2014 783 2076 monasterium
805 2015 904 2077 situm
920 2025 978 2091 est,
1003 2036 1078 2078 cum
1101 2016 1256 2079 omnibus
1279 2016 1483 2098 pertinentiis
1506 2017 1581 2092 suis,
1605 2025 1743 2098 pontem

64 2106 177 2170 Trebie
201 2125 279 2168 cum
301 2105 399 2167 bonis
421 2113 455 2167 et
471 2103 625 2166 omnibus
645 2103 855 2184 pertinenciis
871 2105 945 2180 suis,
971 2107 1253 2186 quemadmodum
1269 2127 1289 2168 a
1304 2105 1393 2169 bone
1409 2105 1566 2168 memorie
1581 2105 1743 2180 Arduino,

65 2194 253 2258 Placentino
276 2194 489 2276 episcop01)‚
523 2202 557 2255 et
579 2192 729 2268 Nicolao,
761 2203 887 2256 rectore
919 2195 1021 2276 ipsius
1052 2196 1173 2276 pontis,
1205 2206 1304 2277 atque
1335 2195 1523 2258 consulibus
1545 2195 1744 2258 Placentinis

65 2285 260 2348 monasterio
282 2294 392 2347 vestro
416 2292 529 2346 sancte
545 2283 649 2345 Marie
672 2282 714 2344 de
729 2282 871 2345 Pulsano
894 2284 1086 2347 racionabili
1102 2285 1316 2367 providencia
1335 2305 1528 2348 concessum
1551 2293 1609 2347 est.
1657 2283 1744 2348 Sane

65 2375 209 2437 laborum
231 2384 424 2450 vestrorum,
457 2392 541 2454 quos
564 2372 706 2454 propriis
737 2372 888 2435 manibus
917 2383 974 2436 aut
997 2374 1182 2456 sumptibus
1213 2375 1335 2450 colitis,
1368 2375 1436 2438 sive
1468 2375 1510 2437 de
1540 2374 1744 2437 nutrimentis

65 2476 242 2528 vestrorum
272 2463 463 2526 animalium
495 2460 601 2524 nullus
633 2462 769 2524 omnino
797 2482 816 2524 a
842 2462 939 2525 vobis
972 2464 1117 2526 decimas
1147 2465 1280 2546 exigere
1306 2473 1483 2546 presumat.
1528 2464 1744 2526 Decernimus

66 2575 145 2636 erg0,
177 2565 214 2618 ut
246 2553 325 2617 nulli
358 2552 494 2614 omnino
524 2550 696 2614 hominum
727 2550 832 2628 liceat,
861 2552 1026 2634 prefatum
1053 2555 1289 2616 monasterium
1319 2563 1442 2616 temere
1465 2553 1656 2635 perturbare
1689 2562 1744 2615 aut

67 2647 127 2710 eius
149 2644 380 2728 possessiones
411 2641 537 2704 auferre
566 2640 619 2704 vel
649 2639 777 2704 ablatas
809 2643 948 2705 retinere
978 2653 1035 2706 aut
1058 2643 1221 2724 aliquibus
1248 2642 1484 2706 vexacionibus
1508 2642 1653 2724 fatigare,
1685 2642 1745 2704 sed

68 2737 170 2799 omnia
185 2737 315 2815 integra
331 2741 572 2805 conserventur,
592 2731 709 2793 vestris
725 2740 758 2793 et
774 2730 920 2809 aliorum,
937 2753 998 2814 pro
1015 2753 1155 2814 quorum
1170 2732 1413 2816 gubernacione
1429 2743 1462 2795 et
1477 2731 1744 2796 substentacione

68 2846 218 2890 concessa
244 2832 336 2897 sunt,
367 2821 480 2883 usibus
503 2820 706 2883 omnimodis
729 2821 908 2901 profutura,
933 2822 1024 2884 salva
1054 2823 1140 2886 sedis
1164 2822 1347 2905 apostolice
1370 2822 1573 2885 auctoritate.
1620 2821 1655 2886 Si
1680 2841 1746 2903 qua

19 2967 20 2970 ,
68 2917 156 2998 igitur
178 2917 212 2977 in
244 2913 386 2975 futurum
418 2910 640 2972 ecclesiastica
666 2910 862 2973 secularisve
892 2931 1043 2993 persona,
1074 2911 1160 2975 hanc
1184 2923 1295 2976 nostre
1318 2912 1566 2974 constitucionis
1589 2911 1745 2994 paginam

67 3007 173 3082 sciens,
198 3013 316 3068 contra
331 3021 406 3062 eam
425 3008 549 3062 temere
571 3000 682 3062 venire
705 3001 924 3081 temptaverit,
948 3002 1093 3065 secundo
1116 3003 1261 3065 terciove
1284 3003 1496 3077 commonita,
1520 3003 1547 3063 si
1570 3021 1638 3063 non
1654 3001 1744 3063 satis-

69 3095 187 3158 facione
219 3110 367 3173 congrua
397 3089 636 3165 emendaverit,
670 3090 846 3170 potestatis
880 3089 1082 3171 honorisque
1112 3093 1161 3154 sui
1193 3091 1353 3173 dignitate
1383 3100 1493 3154 careat
1522 3110 1679 3171 reamque
1710 3110 1746 3153 se

69 3185 172 3248 divino
196 3181 321 3247 iudicio
346 3180 485 3242 existere
509 3179 551 3240 de
574 3187 765 3260 perpetrata
788 3178 961 3259 iniquitate
984 3190 1173 3261 cognoscat,
1202 3191 1235 3243 et
1258 3201 1278 3243 a
1300 3181 1520 3243 sacratissimo
1545 3200 1683 3262 corpore
1707 3200 1746 3242 ac

68 3275 220 3356 sanguine
245 3271 299 3334 dei
323 3279 357 3333 et
380 3268 520 3343 domini,
550 3267 770 3349 redemptoris
793 3269 896 3330 nostri
919 3269 993 3332 Iesu
1015 3268 1143 3346 Christi,
1175 3269 1369 3346 alienafiat,
1403 3280 1502 3352 atque
1533 3269 1566 3332 in
1597 3278 1745 3333 extremo

69 3364 214 3427 examine
240 3360 387 3425 districte
409 3357 530 3420 ulcioni
553 3356 731 3420 subiaceat.
786 3355 920 3420 Cunctis
951 3369 1070 3434 autem,
1102 3359 1210 3422 eidem
1240 3359 1314 3422 loco
1343 3360 1428 3422 iusta
1458 3359 1672 3436 servantibus,
1704 3360 1747 3422 sit

69 3474 130 3535 pax
152 3451 282 3516 domini
306 3449 409 3512 nostri
432 3447 504 3510 Iesu
534 3445 662 3522 Christi,
694 3455 855 3528 quatenus
886 3456 919 3510 et
947 3447 1001 3511 hic
1033 3448 1172 3511 fructum
1202 3449 1291 3511 bone
1314 3446 1476 3528 ac(t)i0nis
1499 3449 1683 3530 percipiant
1713 3458 1747 3511 et

69 3543 150 3625 apud
174 3542 361 3606 districtum
385 3537 526 3600 iudicem
550 3537 678 3618 premia
701 3545 812 3599 eterne
834 3538 927 3619 pacis
950 3538 1126 3600 inveniant.
1171 3537 1292 3600 Amen.
1317 3537 1437 3603 Amen.
1461 3535 1581 3600 Amen.

277 3628 335 3705 (R)
357 3627 432 3709 Ego
455 3626 623 3707 Eugenius
647 3625 808 3689 catholice
832 3626 969 3690 ecclesie
992 3627 1169 3709 episcopus
1192 3648 1233 3690 ss.
1258 3625 1320 3711 (M)

279 3715 299 3800 †
322 3718 397 3799 Ego
420 3716 544 3779 Imarus
566 3714 771 3779 Tusculanus
794 3716 971 3798 episcopus
993 3737 1034 3780 ss.

279 3804 300 3891 †
322 3808 396 3888 Ego
420 3803 578 3868 Nicolaus
600 3803 802 3868 Albanensis
825 3807 1002 3888 episcopus
1024 3827 1065 3870 ss

278 3891 359 3977 —†
382 3896 457 3977 Ego
480 3894 655 3958 Hubaldus
677 3895 841 3976 presbiter
862 3895 1036 3959 cardinalis
1059 3895 1108 3960 tit.
1133 3903 1246 3959 sancte
1268 3894 1426 3958 Praxedis
1447 3915 1489 3958 ss.

280 3981 300 4067 †
323 3985 397 4067 Ego
420 3984 595 4048 Aribertus
617 3985 780 4066 presbiter
803 3985 975 4048 cardinalis
998 3985 1046 4048 tit
1069 3995 1182 4050 sancte
1204 3985 1381 4049 Anastasie
1403 4005 1444 4047 ss.

279 4076 301 4154 †
322 4075 397 4156 Ego
420 4074 519 4137 lulius
542 4074 705 4156 presbiter
727 4073 900 4138 cardinalis
923 4076 972 4138 tit.
994 4077 1098 4138 sancti
1122 4075 1269 4138 Marcelli
1293 4096 1333 4138 ss.

279 4165 301 4243 †
323 4165 397 4246 Ego
421 4163 598 4226 Hubaldus
619 4164 783 4246 presbiter
804 4164 978 4227 cardinalis
1001 4165 1050 4228 tit.
1073 4173 1186 4228 sancte
1210 4163 1322 4228 Crucis
1344 4165 1377 4226 in
1401 4162 1576 4226 Ierusalem
1599 4183 1641 4226 ss.

280 4251 302 4338 †
324 4254 398 4335 Ego
422 4252 608 4316 Beruardus
631 4253 793 4335 presbiter
816 4254 990 4317 cardinalis
1013 4255 1061 4318 tit.
1085 4255 1190 4318 sancti
1215 4253 1393 4318 Clementis
1416 4274 1457 4317 ss.

280 4377 324 4389 -
347 4340 368 4427 †
390 4342 465 4424 Ego
489 4342 667 4425 Gregorius
690 4343 848 4406 diaconus
871 4343 1045 4407 cardinalis
1067 4344 1171 4407 sancti
1194 4341 1317 4425 Angeli
1339 4364 1380 4406 ss.

282 4430 302 4516 †
324 4433 399 4514 Ego
424 4432 563 4497 Cencius
587 4432 747 4496 diaconus
770 4432 944 4496 cardinalis
967 4443 1081 4497 sancte
1104 4433 1208 4497 Marie
1232 4433 1264 4494 in
1287 4432 1417 4515 Aquiro
1442 4428 1512 4518 (ss).

226 4522 304 4585 Dat.
332 4521 454 4604 Signie‚
483 4542 545 4603 per
574 4541 709 4585 manum
731 4523 882 4598 Bosonis‚
915 4533 1029 4586 sancte
1050 4523 1202 4586 Romane
1231 4523 1368 4586 ecclesie
1399 4521 1575 4606 scriptoris.
1620 4534 1673 4584 1111
1695 4519 1748 4582 Kl.

73 4611 226 4674 Decemb.
269 4611 453 4676 Indictione
475 4625 534 4674 xv.
571 4610 810 4675 incarnationis
841 4613 1006 4675 dominice
1037 4632 1124 4676 anno
1144 4623 1239 4676 MCLI.
1284 4612 1498 4677 Pontificatus
1524 4631 1603 4674 vero
1634 4610 1748 4673 domni

73 4699 230 4782 Eugeni(i)
252 4721 342 4783 pape
363 4714 403 4764 111
426 4722 513 4764 anno
537 4715 597 4765 vlt.

226 4813 354 4881 Abschrrst
369 4831 424 4866 vom
445 4819 478 4867 14
496 4815 555 4866 oder
574 4817 605 4867 15
626 4815 720 4882 Jahrb.
739 4815 779 4865 des
802 4813 940 4882 Regiorum
960 4813 1082 4884 Magnum
1095 4824 1123 4882 p.
1141 4819 1200 4878 562,
1224 4815 1257 4866 im
1275 4814 1390 4866 Archivrb
1408 4813 1558 4880 Municipalr
1575 4829 1605 4862 ru
1625 4813 1748 4868 Pr'aceme

816 5055 883 5131 Nr.
914 5059 1001 5131 106.

77 5175 183 5262 Eugen
207 5178 274 5244 III
293 5178 444 5263 bestiitigt
465 5178 539 5244 dem
563 5177 775 5265 Domkapr'tel
793 5201 854 5245 von
877 5179 1003 5244 Pistoia
1025 5179 1088 5244 den
1109 5179 1218 5244 Besitz
1242 5179 1300 5244 des
1321 5179 1492 5264 Hospitals
1515 5201 1575 5244 von
1596 5179 1749 5246 Ombron·

662 5269 739 5334 cello
761 5271 824 5334 mit
845 5269 944 5335 allem
967 5268 1116 5336 Zubelziir
1130 5271 1165 5351 ¹).

654 5377 737 5440 1151
758 5375 934 5440 December
956 5379 1006 5442 11.
1053 5375 1162 5460 Segni.

231 5481 397 5568 Eugenius
413 5485 598 5568 episcopus,
622 5505 734 5549 servus
748 5504 916 5548 servorum
932 5485 994 5563 dei,
1019 5485 1147 5549 dilectis
1166 5483 1240 5548 filiis
1255 5485 1377 5562 Verno,
1393 5483 1598 5548 Pistoriensis
1613 5483 1749 5572 ecclesie

78 5574 257 5656 preposito,
296 5575 430 5657 eiusque
463 5576 633 5653 fratribus,
670 5585 740 5638 tam
770 5575 978 5657 presentibus
1015 5595 1114 5658 quam
1153 5574 1285 5653 suturis,
1325 5575 1484 5638 canonice
1515 5573 1750 5637 substituendis

235 5717 569 5786 1)Ardur‘n,Br'sckofvon
588 5715 717 5778 Piacenra,
736 5731 756 5767 c.
777 5717 1013 5767 1118-c.1147.
1086 5717 1113 5784 2)
1137 5715 1215 5783 Vergl.
1235 5715 1273 5765 die
1294 5715 1354 5766 Ure.
1372 5731 1428 5765 vom
1446 5716 1463 5766 8
1481 5713 1592 5766 Febnm
1609 5717 1687 5767 rior.
