4142 6366
1691 322 1751 404 too

71 519 245 586 canonicis
267 519 372 584 sancti
387 517 540 592 Fridiani,
565 515 702 579 salutem
719 521 752 578 et
768 513 983 597 apostolicam
1007 510 1280 578 benedictionem.
1318 511 1362 576 Et
1378 511 1511 576 iniuncti
1527 514 1624 577 nobis
1647 535 1667 576 a
1690 515 1753 578 deo

72 611 285 693 apostolatus
315 607 569 671 honorificamus
606 605 751 668 officium
788 614 821 666 et
859 605 892 666 in
925 603 976 666 die
1008 603 1179 666 messionis
1214 612 1323 666 eterne
1356 603 1553 684 sempiterne
1591 603 1754 668 felicitatis

72 702 242 782 premium
266 707 488 780 expectamus,
520 697 546 758 si
570 695 795 775 religiosorum
820 693 919 774 quieti
944 703 1071 756 attenta
1093 713 1169 755 cura
1201 693 1419 775 prospicimus
1450 702 1482 755 et
1506 693 1754 757 rationabilibus

73 810 192 853 comm
215 787 433 870 petitionibus
457 785 584 848 facilem
608 784 784 865 prebemus
812 801 988 858 assensum,
1020 783 1191 864 presertim
1222 801 1296 843 cum
1327 781 1369 856 id,
1401 781 1491 862 quod
1515 782 1686 864 expetitur,
1721 792 1754 846 et

74 879 247 961 preceptis
278 875 451 939 dominicis
482 882 515 936 et
546 884 733 935 sanctorum
764 881 894 953 patrum
933 882 1095 934 consonat
1125 872 1288 933 institutis.
1341 871 1541 952 Eapropter‚
1578 871 1687 935 dilecti
1721 873 1754 934 in

73 969 216 1030 domino
248 965 315 1042 filii,
348 965 449 1046 quieti
481 970 588 1025 vestre
615 963 649 1023 in
672 971 841 1043 posterum
864 960 1037 1042 providere
1059 959 1216 1036 volentes,
1248 961 1442 1022 auctoritate
1472 961 1656 1042 apostolica
1677 982 1753 1024 con-

73 1057 251 1131 stituimus,
275 1065 312 1117 ut
335 1053 412 1116 nulli
437 1053 572 1114 omnino
592 1052 662 1114 sine
678 1070 837 1114 consensu
853 1060 962 1112 vestro
978 1051 1084 1126 liceat,
1107 1050 1139 1111 in
1155 1049 1313 1132 parochia
1334 1059 1442 1112 vestra
1463 1049 1516 1112 vel
1532 1050 1565 1112 in
1591 1051 1754 1132 parochiis

73 1147 299 1218 ecclesiarum,
323 1163 387 1224 que
410 1141 558 1224 regimini
582 1151 691 1203 vestro
714 1149 790 1202 sunt
812 1140 995 1214 commisse,
1020 1159 1123 1202 novas
1147 1138 1300 1202 ecclesias
1316 1139 1349 1200 in
1366 1139 1596 1202 detrimentum
1611 1150 1754 1203 vestrum

73 1234 242 1297 edificare.
289 1232 324 1296 Si
348 1233 421 1312 quis
444 1239 555 1293 autem
577 1230 642 1292 hoc
665 1235 861 1310 attemptare
884 1229 1120 1310 presumpserit
1142 1238 1182 1303 et,
1206 1227 1351 1291 secundo
1373 1229 1511 1292 tertiove
1526 1230 1754 1304 commonitus,

73 1323 362 1406 presumptionem
385 1339 476 1384 suam
501 1317 725 1382 satisfactione
749 1339 894 1399 congrua
917 1338 984 1380 non
1011 1318 1197 1392 correxerit,
1228 1317 1488 1398 indignationem
1520 1319 1755 1400 omnipotentis

74 1414 131 1475 dei
147 1423 183 1476 et
197 1413 371 1474 beatorum
385 1410 471 1472 Petri
488 1419 521 1472 et
535 1409 635 1484 Pauli,
660 1407 885 1490 apostolorum
910 1408 986 1484 eius,
1010 1428 1045 1470 se
1069 1407 1196 1471 noverit
1219 1407 1428 1471 incursurum.
1442 1442 1487 1454 -
1501 1407 1578 1471 Dat
1593 1407 1755 1484 Laterani,

74 1515 154 1564 vnn
178 1500 233 1563 Kl.
256 1500 349 1563 lunii.

240 1611 366 1677 Abschrefl
381 1627 436 1660 voni
457 1613 489 1661 15
509 1610 602 1676 Jahrb.
622 1610 662 1660 des
683 1610 738 1659 Cod.
758 1611 805 1660 Nr.
826 1614 873 1661 115
889 1617 915 1675 p.
935 1613 968 1660 66
986 1611 1042 1660 und
1057 1611 1105 1661 Nr.
1124 1613 1160 1660 40
1172 1617 1199 1675 p.
1219 1611 1274 1670 135,
1299 1609 1326 1659 in
1344 1610 1387 1660 der
1403 1610 1466 1661 Br'bl.
1486 1609 1600 1660 Rebble'ca
1618 1626 1648 1659 m
1665 1611 1754 1664 Lutea.

245 1686 324 1750 Vergl.
343 1683 380 1732 die
401 1683 461 1733 Urk.
483 1685 656 1733 1099-1115
673 1682 805 1731 December
822 1688 846 1744 4,
865 1683 921 1731 und
937 1684 982 1732 das
998 1683 1053 1731 dor!
1069 1683 1102 1732 im
1121 1681 1265 1731 Nachworte
1286 1682 1391 1748 Gesagre.
1411 1710 1442 1720 -
1467 1683 1522 1732 Cod.
1542 1683 1590 1732 Nr.
1609 1685 1644 1733 40
1661 1683 1757 1749 bege'nnt

73 1757 185 1808 Ininncti
203 1756 277 1806 nobis
294 1757 350 1804 und
365 1755 445 1820 biergt
461 1754 522 1804 noch
540 1754 577 1803 die
594 1770 628 1803 an
646 1754 702 1802 rand
708 1755 762 1819 fiir
779 1755 828 1804 sich
846 1755 997 1820 unmoglich
1017 1755 1168 1819 Jahreszall
1184 1757 1251 1804 1155
1268 1754 1348 1803 linter
1364 1754 1416 1804 dem
1439 1754 1608 1822 Tagesdatum.

825 1933 894 2009 Nr.
923 1937 1010 2008 187.

74 2064 242 2132 Hadrian
258 2067 282 2130 I
288 2063 320 2130 V
334 2063 451 2130 neinmt
464 2065 519 2128 die
536 2062 811 2149 Kollegiatke'rclee
833 2065 932 2130 Santo
955 2064 1087 2146 Stefana
1101 2064 1141 2128 de'
1153 2064 1313 2128 Malesine
1329 2063 1388 2147 (D.
1405 2065 1554 2152 Brescia)
1579 2066 1613 2130 in
1635 2075 1755 2150 aposto·

368 2154 492 2219 lischen
515 2153 632 2219 Schuta
658 2155 728 2218 und
747 2155 882 2240 betctte'gv
904 2155 974 2218 ihre
992 2153 1233 2220 Besitatlu'c'mer
1253 2154 1323 2218 und
1343 2153 1470 2220 Rechte.

680 2273 763 2333 1159
778 2271 918 2346 Janrear
931 2273 981 2334 14.
1014 2271 1163 2333 Lateran.

241 2385 407 2450 Adrianus
430 2389 616 2469 episcopus,
639 2405 750 2449 servus
766 2407 932 2451 servorum
949 2388 1013 2462 dei,
1037 2386 1163 2449 dilectis
1184 2385 1258 2449 liliis
1274 2385 1459 2462 Manfredo,
1482 2387 1756 2471 archipresbitero

78 2475 221 2540 ecclesie
243 2477 348 2538 sancti
365 2475 524 2558 Stephani
548 2475 591 2539 de
608 2476 785 2539 Malesisini
804 2475 836 2561 ¹),
860 2479 994 2558 eiusque
1010 2475 1171 2552 fratribus,
1195 2484 1262 2538 tam
1286 2476 1490 2558 presentibus
1514 2496 1613 2557 quam
1633 2475 1755 2551 futuris,

79 2566 239 2630 canonice
262 2564 504 2640 substituendis,
527 2579 565 2628 IN
581 2577 660 2626 PPM.
707 2562 874 2646 Quocicns
897 2564 975 2628 illud
1000 2565 1132 2628 anobis
1148 2567 1279 2647 petitur,
1302 2566 1391 2645 quod
1408 2567 1528 2629 racioni
1545 2573 1578 2630 et
1593 2563 1756 2628 honestati

78 2657 260 2718 convenire
283 2655 476 2730 dinoscitur,
510 2657 619 2717 animo
644 2675 703 2716 nos
726 2654 823 2716 decet
853 2653 967 2717 libenti
989 2655 1173 2717 concedere
1202 2663 1235 2718 et
1265 2657 1447 2738 petentium
1476 2656 1648 2718 desideriis
1680 2675 1755 2718 con·

78 2765 198 2828 gruum
216 2742 373 2826 Impertiri
388 2743 585 2824 suffragium.
616 2744 811 2826 Eapropter‚
835 2743 945 2808 dilecti
962 2745 992 2806 in
1007 2744 1142 2806 domino
1158 2743 1222 2822 filii,
1238 2747 1353 2807 vestris
1375 2744 1463 2808 iustis
1479 2744 1756 2828 postulationibus

78 2833 259 2897 clementer
286 2833 456 2895 annuimus
479 2841 513 2895 et
539 2832 701 2915 prefatam
725 2834 906 2908 ecclesiam,
930 2836 961 2896 in
984 2852 1050 2912 qua
1073 2834 1184 2896 divino
1208 2833 1384 2916 mancipati
1404 2836 1483 2897 estis
1499 2834 1670 2913 obsequio,
1694 2834 1755 2897 sub

78 2924 169 2986 beati
192 2923 279 2986 Petri
303 2930 336 2984 et
360 2929 471 2984 nostra
494 2922 701 3004 protectione
723 2924 918 3005 suscipimus
941 2931 975 2985 et
998 2925 1159 3004 presentis
1182 2923 1293 3006 scripti
1317 2922 1488 3006 privilegio
1505 2924 1755 2986 communImus.

78 3011 280 3088 Statuentes,
303 3017 347 3086 ut,
363 3030 586 3092 quascumque
601 3011 834 3093 possessiones
859 3031 1065 3094 quecumque
1080 3012 1170 3075 bona
1187 3012 1301 3076 eadem
1319 3012 1457 3076 ecclesia
1471 3012 1503 3074 in
1519 3012 1754 3095 presentiarum

79 3103 164 3165 iuste
195 3111 229 3164 et
260 3102 418 3163 canonice
441 3101 591 3182 possidet
632 3108 689 3163 aut
718 3103 751 3162 in
782 3100 925 3164 futurum
957 3103 1170 3165 concessione
1200 3101 1404 3184 pontificum,
1434 3101 1604 3184 largitione
1642 3121 1755 3184 regum

77 3191 129 3254 vel
155 3191 350 3274 principum,
375 3189 541 3253 oblatione
565 3189 711 3252 fidelium
732 3209 790 3252 seu
814 3191 885 3253 aliis
907 3190 999 3253 iustis
1029 3191 1136 3253 modis
1159 3192 1224 3253 deo
1256 3193 1408 3274 propicio
1435 3193 1557 3274 poterit
1585 3190 1754 3273 adhipisei,

78 3279 173 3342 firma
204 3279 300 3341 vobis
328 3281 509 3358 vestrisque
540 3280 783 3343 successoribus
814 3288 848 3343 et
875 3280 1001 3343 illibata
1031 3287 1254 3362 permaneant.
1306 3279 1347 3342 In·
1374 3281 1492 3361 quibus
1522 3278 1583 3344 hec
1613 3282 1756 3363 propriis

78 3370 234 3431 duximus
265 3367 477 3450 exprimenda
499 3368 682 3432 vocabulis:
714 3368 875 3452 capellam
898 3369 1051 3432 videlicet
1071 3371 1175 3432 sancti
1198 3369 1338 3432 Zenonis
1369 3371 1411 3433 de
1433 3370 1603 3433 Brancone
1623 3367 1651 3456 a)
1681 3390 1755 3433 cum

78 3459 218 3521 decimis
247 3464 280 3520 et
309 3456 572 3538 possessionibus
602 3459 676 3533 suis,
707 3459 868 3540 capellam
892 3459 995 3522 sancti
1017 3458 1141 3540 Angeli
1165 3478 1238 3522 cum
1263 3459 1470 3541 pertinenciis
1492 3460 1566 3536 suis,
1596 3459 1754 3542 capellam

78 3548 184 3610 sancti
200 3543 338 3621 Nicolai,
362 3545 521 3627 capellam
545 3554 732 3610 sanctorum
753 3545 1098 3633 Sym(e)oniset1ude
1118 3557 1152 3611 et
1174 3551 1278 3611 sancti
1293 3547 1447 3611 Iohannis
1463 3549 1660 3632 evangeliste
1682 3568 1756 3611 cum

80 3637 289 3719 pertinenciis
314 3653 435 3710 earum,
459 3637 603 3699 modium
627 3656 761 3718 quoque
784 3637 857 3712 olei,
882 3638 973 3717 quod
997 3638 1039 3700 ab
1062 3658 1137 3701 arce
1153 3639 1224 3720 ipsa
1248 3637 1481 3701 rationabiliter
1503 3638 1593 3700 annis
1623 3637 1758 3720 sIngulis

79 3746 142 3808 pro
166 3723 376 3788 lumlnaribus
400 3725 529 3788 debetis
551 3727 707 3809 recipere.
754 3725 970 3790 Prohibemus
994 3729 1102 3803 etiam,
1126 3734 1161 3789 ut
1184 3727 1303 3790 nemini
1325 3725 1430 3802 liceat,
1459 3728 1492 3789 in
1522 3726 1661 3791 ecclesia
1685 3729 1757 3809 ipsa

79 3815 132 3878 vel
157 3813 346 3878 hominibus
370 3820 404 3875 et
426 3814 523 3876 rebus
545 3814 588 3877 ad
612 3834 685 3878 eam
702 3816 941 3897 pertinentibus
957 3818 1147 3879 exactiones
1163 3816 1329 3880 indebitas
1345 3834 1508 3879 exercere.
1546 3813 1756 3899 Sepulturam

80 3923 217 3987 quoque
250 3902 350 3984 ipsius
380 3901 445 3965 loci
476 3902 610 3967 liberam
640 3923 712 3967 esse
744 3907 879 3968 omnino
909 3907 1081 3981 sancimus,
1112 3914 1147 3968 ut
1175 3926 1298 3982 eorum,
1331 3905 1385 3987 qui
1408 3924 1445 3967 se
1466 3903 1528 3968 illic
1551 3904 1678 3988 sepeliri
1701 3904 1757 3968 de·

80 3993 305 4068 liberaverint,
335 3992 509 4054 devocioni
540 4001 574 4056 et
606 4001 754 4057 extreme
784 3994 960 4070 voluntati,
992 3996 1052 4056 nisi
1084 3993 1169 4058 forte
1200 3995 1477 4059 excommunicati
1504 3993 1557 4058 vel
1594 3995 1757 4057 interdicti

80 4083 155 4160 sint,
185 4080 293 4145 nullus
317 4079 465 4156 obsistat,
487 4081 576 4145 salva
599 4090 708 4146 tamen
731 4083 855 4145 iusticia
876 4082 1114 4167 parochialium
1145 4083 1361 4160 ecclesiarum,
1392 4084 1435 4147 de
1466 4084 1586 4164 quibus
1617 4103 1758 4166 corpora

81 4179 286 4236 mortuorum
310 4178 525 4233 assumuntur.
570 4173 787 4236 Decernimus
811 4193 900 4255 ergo,
930 4181 966 4236 ut
989 4172 1066 4236 nulli
1091 4175 1226 4237 omnino
1258 4172 1428 4237 hominum
1461 4172 1564 4250 liceat,
1595 4173 1756 4256 prefatam

3 4285 4 4290 ¹
80 4262 255 4326 ecclesiam
279 4267 402 4322 temere
429 4260 620 4342 perturbare
643 4270 700 4324 aut
723 4263 792 4324 eius
814 4263 1038 4344 possessiones
1061 4261 1187 4327 auferre
1210 4263 1262 4326 vel
1291 4263 1418 4326 ablatas
1443 4265 1591 4339 retinere,
1614 4263 1757 4326 minuere

79 4359 137 4414 aut
160 4348 322 4430 aliquibus
345 4350 578 4413 vexacionibus
603 4350 747 4432 fatigare,
772 4352 831 4414 sed
855 4353 965 4415 omnia
988 4353 1114 4434 integra
1137 4360 1371 4416 conserventur
1385 4372 1509 4428 eorum,
1532 4372 1592 4435 pro
1617 4372 1756 4433 quorum

80 4441 327 4523 gubemacioue
351 4445 384 4500 et
407 4441 645 4503 sustentatione
678 4460 834 4503 concessa
861 4449 944 4518 sunt,
976 4441 1087 4504 usibus
1118 4442 1315 4505 omnimodis
1339 4441 1518 4525 profutura,
1550 4441 1640 4504 salva
1670 4443 1758 4505 sedis

80 4529 266 4612 apostoIIce
282 4527 476 4590 auctoritate
492 4537 525 4591 et
540 4529 708 4592 diocesani
725 4532 874 4614 episcopi
892 4532 1048 4593 canonica
1063 4530 1191 4594 iustitia.
1231 4532 1266 4596 Si
1290 4551 1355 4612 qua
1370 4531 1467 4614 igitur
1489 4578 1497 4593 .
1520 4578 1527 4593 .
1552 4578 1559 4592 .
1583 4532 1756 4595 inveniant.

80 4620 201 4683 Amen.
225 4619 315 4683 A-m.
339 4616 458 4680 Amen.

295 4703 352 4789 (R)
375 4705 449 4788 Ego
472 4705 636 4770 Adrianus
660 4693 822 4771 catholice
846 4707 984 4772 ecclesie
1006 4707 1181 4794 episcopus
1205 4729 1247 4772 ss.
1272 4708 1337 4796 (M)

293 4794 315 4876 †
337 4795 410 4878 Ego
433 4795 609 4876 Hymarius
631 4795 834 4860 Tusculanus
858 4800 1034 4881 episcopus
1058 4819 1100 4861 ss.

293 4883 315 4965 †
337 4882 410 4966 Ego
434 4883 607 4948 Hubaldus
631 4882 817 4950 HostIensis
840 4887 1016 4970 episcopus
1038 4907 1080 4949 ss

294 4973 315 5056 †
337 4973 410 5055 Ego
434 4972 534 5036 Iulius
557 4975 762 5038 Prenestinus
786 4978 965 5059 episcopus
987 4997 1028 5038 ss.

294 5063 316 5142 †
338 5063 412 5144 Ego
434 5063 618 5126 Bemardus
641 5065 828 5128 Portuensis
851 5073 885 5128 et
906 5074 1018 5129 sancte
1040 5064 1157 5128 Rufine
1180 5065 1353 5147 episcopus
1376 5085 1416 5128 ss.

294 5187 338 5200 -
359 5151 381 5233 †
403 5151 475 5234 Ego
499 5152 672 5216 Hubaldus
696 5155 858 5236 presbiter
881 5155 1054 5218 cardinalis
1077 5155 1124 5217 tit.
1147 5162 1260 5218 sancte
1284 5154 1395 5219 Crucis
1418 5154 1449 5217 in
1471 5153 1647 5220 Ierusalem
1670 5173 1711 5218 ss.

293 5242 316 5321 †
338 5240 411 5322 Ego
435 5240 612 5304 Hastaldus
636 5243 800 5325 presbiter
823 5242 995 5307 cardinalis
1018 5246 1067 5306 tit.
1091 5252 1202 5307 sancte
1224 5245 1333 5308 Prisce
1356 5264 1397 5308 ss.

294 5329 315 5410 †
336 5331 409 5412 Ego
425 5329 587 5394 Iohannes
603 5332 766 5414 presbiter
780 5333 950 5396 cardinalis
966 5342 1153 5396 sanctorum
1165 5331 1316 5396 Iohannis
1329 5341 1362 5397 et
1374 5334 1464 5397 Pauli
1476 5335 1525 5397 tit.
1537 5333 1702 5399 Pamachii
1714 5355 1756 5398 ss.

294 5417 315 5498 †
336 5417 410 5500 Ego
432 5419 595 5484 lohannes
618 5422 779 5503 presbiter
801 5422 974 5485 cardinalis
996 5423 1045 5484 tit
1069 5431 1255 5485 sanctorum
1278 5420 1426 5487 SIlvestri
1450 5430 1484 5486 et
1507 5424 1639 5487 Martini
1660 5443 1702 5486 ss.

294 5507 315 5588 †
338 5505 411 5590 Ego
433 5507 650 5573 Ildebrandus
673 5512 837 5593 presbiter
859 5511 1031 5575 cardinalis
1055 5511 1190 5575 basiIice
1212 5526 1263 5576 ΧΗ
1286 5511 1528 5594 Apostolorum
1550 5533 1592 5576 ss.

295 5593 316 5678 †
337 5595 411 5678 Ego
433 5597 596 5664 Iohannes
619 5600 783 5683 presbiter
806 5600 977 5664 cardinalis
1000 5603 1050 5664 tit.
1073 5609 1185 5664 sancte
1207 5600 1382 5665 Anastasie
1405 5621 1447 5666 ss

88 5705 98 5710 -
110 5703 504 5718 -..⁶qu

239 5742 266 5805 a)
286 5737 427 5798 Branqono.
447 5779 499 5786 „-
519 5743 555 5807 .1)
575 5739 698 5802 Malesine,
718 5739 788 5790 Fran.
807 5741 849 5791 del
863 5759 921 5792 com.
940 5743 968 5791 di
989 5743 1161 5804 Verolameova,
1179 5743 1205 5793 in
1223 5743 1461 5808 lombardiam.
1482 5743 1518 5794 dic
1535 5744 1641 5796 Bresria.
