4126 6366
324 324 387 402 398

1066 505 1133 581 Nr.
1164 509 1253 582 473.

327 615 470 679 cerasten
488 614 552 678 III
563 611 703 678 schreibt
715 636 759 676 an
775 614 916 696 Birthas
923 615 993 678 und
1005 613 1216 697 Domkcpr‘tel
1227 636 1287 678 von
1303 613 1429 692 Narni,
1437 634 1475 676 er
1488 613 1556 696 lege
1571 613 1723 676 derint
1685 612 1923 696 Streitigkrr'teu
1936 614 1991 694 ici,

322 705 464 792 versuge
474 704 553 768 tiber
565 704 620 768 die
632 702 720 768 Zalel
732 703 794 768 der
805 701 993 768 Kanoniker
1006 703 1076 767 und
1088 704 1188 767 deren
1204 703 1306 783 Walrl,
1321 703 1391 766 und
1399 701 1667 766 exkcmmumcire
1677 702 1867 789 de'eytmgrerc
1882 704 1992 768 welche

771 793 832 856 den
849 792 992 874 Besclcos
1004 795 1066 857 enit
1080 792 1209 857 Steinen
1218 752 1385 876 gewirsen
1400 791 1503 856 haben
1521 790 1553 878 ¹.)

902 912 985 973 1194
1000 908 1179 973 December
1191 911 1242 972 17.
1275 909 1426 972 Lateran.

482 1026 684 1091 Caelestinus
708 1025 893 1108 episcopus
921 1047 1033 1089 servus
1056 1045 1223 1089 servorum
1248 1024 1310 1100 dei,
1333 1025 1509 1088 venerabili
1534 1027 1694 1108 episcopo
1717 1035 1750 1088 et
1766 1025 1895 1089 dilectis
1919 1027 1994 1102 filiis,

323 1117 489 1179 canonicis
519 1115 772 1189 Narniensibus,
804 1114 942 1178 salutem
973 1126 1005 1179 et
1035 1115 1254 1197 apostolicam
1282 1114 1557 1178 benedictionem.
1603 1115 1686 1184 Cum
1716 1136 1815 1200 super
1845 1117 1996 1181 effrenata

323 1216 356 1268 et
380 1205 566 1268 detestabili
583 1206 662 1268 satis
679 1203 870 1267 clericorum
888 1200 1127 1290 [ordinatione]
1145 1203 1278 1286 quaein
1295 1212 1403 1266 vestra
1419 1204 1566 1280 ecclesia,
1590 1224 1674 1287 quae
1691 1203 1897 1287 apostolicae
1913 1207 1995 1269 sedis

323 1305 373 1358 est
396 1294 462 1357 filia
485 1294 646 1377 specialis,
671 1295 703 1356 in
720 1293 904 1356 discordiae
928 1315 1031 1376 nuper
1054 1295 1168 1375 spiritu
1192 1293 1381 1355 denoscitur
1404 1293 1576 1369 celebrata,
1601 1295 1633 1356 in
1650 1304 1762 1356 nostra
1778 1296 1896 1358 essetis
1912 1316 1996 1378 prae-

322 1385 428 1446 sentia
457 1385 635 1459 constituti,
669 1392 701 1445 et
724 1382 828 1458 vobis,
860 1383 1036 1446 maioribus
1068 1383 1229 1465 occupati,
1254 1382 1423 1444 intendere
1446 1383 1669 1464 nequiremus,
1703 1384 1882 1446 venerabili
1914 1385 1997 1448 fratri

322 1482 436 1536 nostro
452 1469 613 1557 A(lbino),
637 1471 820 1534 Albauensi
844 1473 1012 1554 episcop0,
1037 1482 1069 1535 et
1091 1472 1212 1536 dilecto
1229 1471 1296 1534 filio
1313 1467 1508 1556 G(regorio),
1532 1482 1665 1536 sanctae
1681 1473 1805 1536 Mariae
1822 1473 1855 1535 in
1871 1474 1998 1537 Porticn

322 1563 464 1625 diacono
495 1561 668 1637 cardinali,
704 1581 764 1623 vos
797 1562 1020 1624 commisimus
1051 1561 1242 1624 audiendos.
1295 1559 1444 1642 Cumque
1477 1581 1496 1624 a
1525 1560 1621 1624 vobis
1652 1562 1696 1624 rei
1726 1582 1941 1644 progressum
1969 1574 1998 1626 et

322 1651 493 1714 veritatem
517 1650 689 1732 diligenter
713 1650 923 1732 inquisissent
947 1661 980 1714 et
1003 1650 1100 1714 nobis
1131 1660 1164 1714 et
1196 1649 1347 1713 iratribus
1372 1651 1508 1726 uostris,
1541 1671 1626 1733 quae
1650 1672 1668 1714 a
1691 1650 1787 1714 vobis
1811 1653 2000 1735 praeposita

323 1741 459 1816 fuerunt,
484 1761 542 1823 per
565 1740 715 1803 ordinem
738 1740 938 1816 recitassent,
963 1750 1075 1822 aperte
1099 1740 1324 1822 cognovimus
1349 1738 1591 1802 ordinationem
1614 1741 1720 1822 ipsam
1737 1741 1837 1804 luisse
1855 1743 2000 1824 nequiter

322 1829 535 1904 celebratam,
568 1828 761 1912 praesertim
790 1848 864 1891 cum
897 1838 964 1891 tam
995 1851 1038 1893 ex
1068 1839 1160 1913 parte
1190 1829 1387 1891 Nomanucii
1419 1837 1518 1911 atque
1542 1829 1714 1912 Smaragdi
1744 1830 1949 1894 confratrum
1970 1842 1998 1895 et

322 1919 620 1982 concanonicorum
642 1927 824 1981 vestrorum
841 1918 1077 2001 quinquaginta
1101 1940 1169 1996 sex,
1192 1919 1288 1981 vobis
1305 1918 1463 2001 exceptis,
1488 1919 1543 2000 qui
1560 1921 1638 1982 estis
1654 1919 1839 2000 vigintiduo
1857 1941 1997 1996 numero,

323 2009 355 2070 in
379 2008 495 2070 eadem
519 2008 657 2071 ecclesia
680 2008 830 2070 canonici
859 2008 1028 2071 constituti
1053 2009 1182 2071 fuerunt
1212 2009 1243 2070 in
1281 2007 1416 2071 clericos
1454 2017 1486 2071 et
1517 2008 1632 2072 iratres
1661 2008 1757 2071 electi
1788 2009 1996 2072 nihilominus

322 2106 356 2160 et
379 2097 510 2179 recepti,
535 2116 673 2178 quorum
698 2096 841 2178 quidam,
865 2097 948 2158 sieut
972 2098 1133 2174 asseritur,
1158 2107 1275 2174 aetate,
1299 2097 1433 2179 quidam
1456 2097 1555 2160 etiam
1580 2098 1742 2180 imperitia
1765 2099 1875 2161 minus
1894 2099 1996 2162 idonei

322 2196 398 2249 sunt
421 2187 552 2268 recepti.
599 2185 824 2268 Quapropter,
858 2206 897 2248 ne
927 2185 992 2249 hoc
1022 2187 1192 2269 exemplo,
1223 2187 1427 2269 perniciosae
1457 2186 1594 2250 audacia
1623 2187 1816 2250 temeritatis
1848 2189 1996 2264 subnixo,

322 2277 436 2338 civitas
465 2285 573 2338 vestra
603 2275 635 2338 in
665 2274 886 2357 spiritualibus
917 2285 1031 2356 posset
1061 2285 1116 2338 aut
1147 2277 1179 2338 in
1209 2275 1446 2357 temporalibus
1471 2324 1602 2338 .....
1627 2275 1788 2339 incurrere
1810 2276 1996 2352 laesionem,

323 2365 364 2427 de
388 2365 553 2428 communi
577 2364 711 2427 fratrum
735 2363 873 2426 consilio
897 2365 1048 2427 eamdem
1071 2365 1322 2440 ordinationem,
1347 2365 1379 2428 in
1403 2364 1569 2428 discordia
1592 2364 1799 2441 celebratam,
1831 2386 1995 2430 cassamus

322 2454 451 2535 penitus
476 2474 514 2516 ac
542 2453 755 2529 decernimus,
780 2453 901 2516 iuribus
925 2456 1061 2516 omnino
1091 2474 1209 2530 carere,
1240 2456 1434 2518 auctoritate
1456 2453 1551 2517 vobis
1582 2454 1766 2536 apostolica
1798 2456 1862 2518 sub
1893 2477 1996 2538 poena

322 2542 672 2606 excommunicationis
696 2541 795 2604 officii
816 2551 848 2605 et
865 2543 1015 2607 beneficii
1032 2544 1131 2606 artius
1148 2544 1341 2620 inhibentes,
1366 2564 1406 2606 ne
1423 2543 1665 2606 ordinationem
1688 2543 1795 2606 iacere
1811 2545 1845 2607 in
1862 2547 1996 2608 scissura

322 2632 485 2694 scismatis
514 2633 556 2694 de
586 2641 716 2694 caetero
746 2633 977 2713 praesumatiS,
1018 2653 1078 2697 nec
1108 2633 1237 2696 illorum
1268 2633 1426 2715 aliquem,
1464 2633 1519 2714 qui
1553 2633 1681 2696 luerunt
1714 2633 1822 2697 taliter
1853 2653 1874 2697 a
1907 2635 1994 2698 vobis

323 2721 495 2802 assumpti,
523 2720 575 2782 vel
598 2719 740 2802 aliquem
764 2719 863 2782 alium
887 2742 990 2803 usque
1013 2723 1181 2786 biennium
1205 2723 1237 2785 in
1261 2722 1399 2786 ecclesia
1422 2732 1530 2786 vestra
1563 2721 1814 2803 quomodolibet
1846 2725 1994 2806 recipere,

322 2820 474 2872 caventes
499 2809 726 2891 inposterum,
750 2830 791 2872 ne
807 2819 883 2891 post
900 2811 985 2873 hanc
999 2820 1068 2874 tam
1085 2811 1288 2888 destabilem,
1313 2812 1396 2874 sicut
1412 2811 1649 2892 praemisimus
1673 2812 1919 2876 ordinationem
1939 2813 1993 2875 sub

322 2919 431 2980 poena
454 2901 634 2980 praemissa
657 2898 852 2961 discorditer
874 2899 906 2962 in
931 2899 1045 2963 fratres
1068 2899 1196 2982 aliquos
1219 2901 1272 2965 vel
1294 2901 1472 2964 canonicos
1495 2901 1678 2964 assumatis.
1724 2901 1781 2964 Ad
1805 2902 1890 2965 haec
1912 2923 1993 2984 prae·

323 2987 470 3070 cipimus,
501 3009 568 3063 eos,
590 2988 647 3090 qui
671 2983 730 3071 (in)
755 2988 902 3050 iniuriam
925 2997 1031 3064 tuam,
1057 2989 1155 3052 irater
1177 2985 1367 3092 episc[ope],
1392 2988 1517 3072 lapides
1540 2990 1756 3092 proiecerunt,
1788 2990 1916 3054 tamdiu
1940 2992 1993 3053 sub

323 3077 672 3140 excommunicationis
695 3075 825 3139 vinculo
849 3079 919 3140 sine
942 3099 1001 3159 spe
1024 3079 1087 3161 ipsi
1112 3088 1167 3141 aut
1190 3079 1280 3143 alteri
1304 3079 1515 3161 episcopatus
1539 3079 1586 3140 tui
1607 3079 1807 3142 obtinendae
1823 3100 1994 3154 remanere,

323 3164 429 3227 donec
452 3167 512 3228 tibi
536 3176 569 3227 et
592 3165 759 3229 canonicis
783 3167 1000 3229 satisfecerint
1024 3178 1258 3250 competenter.
1305 3168 1556 3232 Ordinationem
1573 3169 1672 3230 etiam
1695 3189 1752 3230 seu
1775 3170 1993 3252 receptionem

323 3229 455 3315 Beraidi
472 3264 505 3317 et
521 3255 621 3317 Ionae
638 3253 913 3336 presbyterorum,
930 3256 1013 3319 sicut
1030 3258 1237 3320 concorditer
1252 3267 1285 3320 et
1301 3257 1537 3320 rationabiliter
1552 3257 1639 3320 iacta
1654 3267 1705 3320 est
1721 3278 1740 3320 a
1755 3259 1862 3334 vobis,
1887 3269 1994 3322 sancta

324 3344 520 3405 auctoritate
528 3343 712 3425 apostolica
722 3343 963 3421 confirmantes
980 3365 1199 3429 praecipimus
1209 3347 1335 3428 absque
1343 3343 1540 3431 cu1(us)lrbet
1549 3347 1732 3410 contradic
1719 3341 1992 3452 tioniset[appel·

322 3428 465 3517 lationis]
490 3432 662 3494 obstaculo
686 3431 821 3494 firmiter
843 3435 1018 3497 observari.
1065 3434 1153 3498 Nulli
1177 3456 1255 3518 ergo
1279 3433 1415 3499 omnino
1432 3436 1603 3498 hominum
1620 3436 1724 3510 liceat,
1741 3437 1827 3499 hanc
1844 3439 1993 3539 paginam

323 3531 455 3584 nostrae
472 3521 715 3584 constitutionis
731 3530 764 3584 et
781 3521 1039 3586 confirmationis
1057 3524 1230 3606 infringere
1246 3524 1296 3587 vel
1321 3525 1349 3587 ei
1367 3545 1447 3588 ausu
1464 3526 1636 3588 temerario
1659 3525 1830 3588 contraire.
1870 3525 1906 3589 Si
1930 3527 1994 3608 quis

323 3621 431 3674 autem
456 3610 520 3673 hoc
545 3619 741 3693 attemptare
765 3614 1029 3694 praesumpserit,
1054 3613 1313 3695 indignationem
1337 3615 1575 3695 omnipotentis
1600 3615 1653 3677 dei
1676 3623 1709 3676 et
1724 3615 1900 3678 beatorum
1916 3616 1993 3678 Petri

322 3709 355 3762 et
371 3699 469 3776 Pauli,
494 3697 733 3783 (apostolorum
757 3697 848 3785 eius)
872 3721 908 3764 se
932 3703 1059 3765 noverit
1075 3703 1286 3767 incursurum.
1302 3739 1345 3748 -
1362 3704 1487 3766 Datum
1504 3704 1667 3780 Laterani,
1682 3716 1745 3766 xvl
1760 3703 1835 3768 Kal.
1852 3705 1994 3768 Ianuarii.

322 3788 534 3852 Pontificatus
558 3790 660 3853 nostri
684 3809 772 3853 anno
796 3799 923 3872 quarto.

484 3902 527 3954 Or.
546 3901 580 3952 im
596 3902 712 3954 Arctivio
734 3902 868 3969 capitolare
885 3919 916 3953 ru
934 3902 1025 3955 Nerui.

1069 4079 1135 4155 Nr.
1159 4084 1250 4157 474.

326 4184 467 4249 Cri'lestin
483 4185 549 4248 III
558 4183 683 4249 erkllirt
696 4185 770 4249 dem
785 4183 993 4269 Erspriester
1006 4187 1075 4252 und
1087 4185 1301 4254 Prime'cerius
1320 4209 1381 4252 von
1397 4189 1510 4270 Lucca,
1532 4209 1571 4253 er
1590 4187 1674 4253 habe
1694 4189 1769 4254 dem
1785 4187 1919 4255 chster
1931 4189 1993 4254 San

481 4273 590 4338 Pietrc
604 4273 643 4337 di
656 4274 788 4338 Pozrclc
804 4274 864 4357 (D.
883 4275 1002 4361 Lucra)
1018 4275 1081 4342 das
1097 4276 1201 4342 Recht
1214 4277 1270 4343 des
1276 4279 1389 4360 freien
1404 4277 1637 4363 Begritbnrrses
1651 4278 1782 4343 erthee'lt
1797 4280 1838 4357 ²).

947 4395 1030 4456 1195
1044 4391 1188 4477 Aprr'ld.
1221 4395 1372 4458 Latercn.

482 4506 664 4570 Celestinus
688 4507 873 4590 episcopus,
897 4528 1007 4573 servus
1031 4531 1198 4574 servorum
1222 4511 1285 4587 dei,
1309 4510 1436 4575 dilectis
1460 4511 1534 4575 filiis
1559 4521 1567 4576 .’
1591 4561 1597 4574 .
1621 4510 1899 4593 archipresbitero
1914 4523 1945 4576 et
1963 4562 1989 4575 ..

299 4623 301 4626 ’
320 4596 505 4680 primicerio
527 4593 531 4679 Ι
551 4597 691 4659 Lucensi
711 4593 748 4682 ²),
772 4597 911 4661 salutem
934 4608 967 4662 et
991 4599 1208 4682 apostolicam
1224 4601 1499 4665 benedictionem.
1538 4600 1761 4665 Attendentes
1778 4602 1990 4675 devotionem,

322 4706 420 4767 quam
445 4706 521 4768 erga
544 4705 605 4748 nos
629 4695 663 4748 et
685 4687 871 4750 Romanam
901 4688 1087 4773 eclclesiam
1117 4689 1227 4754 dilecti
1258 4690 1315 4753 filii
1340 4740 1346 4754 .
1371 4741 1377 4753 .
1401 4690 1505 4753 abbas
1536 4699 1570 4754 et
1600 4690 1753 4753 monachi
1783 4693 1891 4754 sancti
1914 4691 1989 4755 Petri

321 4775 363 4838 de
386 4775 538 4849 Puteolis
560 4775 718 4838 Lucensis
739 4771 766 4860 a)
790 4776 941 4854 diocesis
966 4776 1087 4842 habere
1110 4789 1302 4857 noscuntur,
1335 4780 1482 4862 ipsorum
1505 4780 1642 4844 ecclesie
1665 4778 1803 4844 liberam
1826 4802 1901 4844 esse
1922 4800 1990 4844 con·

321 4865 496 4939 cessimus,
527 4864 617 4926 iuxta
648 4865 737 4946 quod
761 4874 811 4928 est
834 4867 934 4929 moris
958 4867 1188 4945 ecclesiastici,
1221 4869 1430 4952 sepulturam.
1477 4869 1689 4953 Quapropter
1724 4890 1783 4952 per
1815 4869 1989 4952 apostolica

321 4953 417 5017 vobis
448 4953 570 5035 scripta
606 4954 820 5036 precipiendo
857 4955 1066 5034 mandamus,
1106 4968 1267 5040 quatenus
1300 4979 1361 5022 nee
1392 4979 1452 5022 vos
1485 4969 1600 5023 contra
1632 4959 1857 5022 concessionis
1889 4969 1990 5023 nostre

321 5043 477 5126 paginam
501 5042 640 5106 eandem
663 5043 835 5107 ecclesiam
860 5045 1020 5108 infestetis
1051 5067 1113 5111 nec
1135 5048 1333 5129 permittatis
1364 5048 1406 5112 ab
1435 5047 1505 5112 aliis
1530 5048 1705 5124 molestari,
1729 5049 1988 5122 contradictores

321 5133 348 5195 si
382 5132 436 5236 qui
461 5132 678 5213 apparuerint,
703 5134 993 5216 apresumptione
1017 5156 1077 5198 sua
1099 5157 1158 5218 per
1181 5133 1364 5222 censulram
1380 5137 1646 5213 ecclesiasticam,
1670 5136 1894 5220 appellatione
1908 5145 1987 5220 post·

321 5222 439 5304 posita,
464 5231 781 5304 compescentes-
797 5225 873 5286 Dat.
889 5224 1050 5300 Laterani,
1071 5221 1134 5308 {VI
1150 5227 1226 5290 Idus
1242 5226 1376 5309 Aprilis.
1415 5226 1627 5291 Pontificatus
1648 5227 1751 5290 nostri
1769 5247 1857 5292 anno
1873 5236 1987 5310 quarto

484 5335 527 5384 Or.
548 5336 611 5396 (ΑΛ.
633 5333 717 5404 18),'
706 5353 740 5387 rm
757 5338 872 5388 Archirrio
894 5337 1027 5402 Capitolcre
1044 5353 1075 5388 ree
1094 5341 1183 5390 Lucra.

482 5407 551 5472 Perg.
570 5407 630 5467 irat,
649 5409 684 5458 br.
704 5411 788 5470 0„158
807 5411 869 5475 lang
888 5411 971 5471 una,
990 5417 1066 5460 reum
1086 5413 1167 5472 uota
1185 5412 1374 5480 rengercirlagm
1401 5413 1479 5462 durch
1502 5412 1561 5462 cavei
1577 5413 1669 5462 Licin
1681 5414 1740 5479 gelet
1755 5411 1807 5463 cirre
1825 5411 1985 5478 Hassetrrr.

319 5494 406 5528 weron
424 5479 469 5528 das
486 5478 611 5545 Blessiegel
625 5481 709 5546 ltingt,
728 5480 839 5548 Faltrerg
855 5482 899 5531 der
914 5483 1017 5532 Breven.

481 5601 506 5666 a)
525 5600 576 5651 Er'n
588 5617 602 5651 c
614 5603 823 5668 wegradirt.-
842 5605 878 5668 .1)
896 5604 944 5653 Dic
961 5605 1088 5669 Abschrift
1104 5604 1181 5655 dieser
1201 5604 1319 5655 Urkunde
1335 5605 1456 5656 verdanke
1474 5605 1511 5656 ici
1529 5605 1615 5656 Ir'errn
1630 5605 1690 5655 Can.
1703 5605 1763 5654 Dore
1775 5607 1861 5656 Romo
1872 5601 1987 5670 Fagieli

319 5671 474 5810 ἴωΝΞΖὲἰ
478 5673 676 5811 segniciae&
705 5674 823 5725 Urkurrde
847 5689 902 5724 vom
920 5675 1114 5741 sepriense
1207 5679 1233 5744 2)
1257 5678 1335 5749 Vergl.
1361 5677 1398 5731 die
1423 5677 1542 5732 Uriunde
1564 5677 1803 5728 venementer
1829 5676 1984 5728 1138-1142
