4090 6358
301 289 345 354 60

301 477 377 554 illas,
400 497 482 558 quas
505 475 635 539 illustris
659 473 707 535 vir
729 467 929 534 Pelavicinus
953 469 1099 534 marchio
1124 490 1283 532 unacum
1309 488 1412 531 uxore
1436 475 1469 530 et
1491 467 1563 532 filiis
1587 467 1660 545 suiS,
1693 464 1752 556 [et]
1777 463 1979 555 C[onrad]us

304 565 587 655 [C]avalcabovem
613 559 757 625 marchio
789 581 862 623 cum
886 579 944 623 sua
967 581 1079 636 uxore,
1112 567 1144 623 et
1167 558 1297 622 vassalli
1328 559 1474 641 ipsorum
1508 557 1743 634 marchionum,
1774 567 1808 622 et
1838 557 1981 645 ecclesia

302 665 414 744 sancte
437 656 540 742 Marie
571 654 612 716 de
637 648 846 725 castellione,
878 659 911 712 et
943 649 1059 713 nobilis
1090 648 1223 730 signifer
1247 647 1433 734 Placentiae
1464 648 1620 722 civitatiS,
1653 657 1687 712 et
1718 644 1979 735 M[al]conredus

302 747 535 819 vicedominus
559 751 592 804 et
607 739 709 803 Fulco
733 739 922 814 advocatus
945 747 978 801 et
1000 740 1122 802 Bonizo
1147 737 1190 800 de
1206 735 1344 813 Andit0,
1368 745 1402 800 et
1417 734 1490 800 Ard
1507 786 1514 801 .
1531 786 1538 800 .
1555 759 1658 821 angus
1678 741 1707 816 ει)
1730 741 1802 801 vice
1825 739 1980 812 domnus

304 845 337 900 et
360 835 525 900 Grimerus
549 839 583 894 et
604 830 779 893 Baiamons
802 830 873 891 vice
896 830 1043 904 comites,
1067 835 1099 890 et
1120 827 1275 892 Gislincio
1299 835 1332 890 et
1354 828 1537 890 Bernardus
1561 835 1595 890 et
1619 827 1778 891 lohannes
1802 835 1835 890 et
1859 826 1980 890 Calvus

305 926 428 999 fratres,
459 923 511 986 filii
543 922 586 984 de
619 918 705 984 Salvi
735 916 938 993 Ardicionis,
971 925 1005 980 et
1035 916 1142 980 Malus
1173 935 1306 999 parens,
1344 925 1376 978 et
1407 915 1461 979 filii
1491 916 1640 992 Rainerii,
1672 916 1798 981 nobiles
1829 917 1980 1003 predicte

304 1013 449 1089 civitatis
471 1033 528 1076 seu
553 1029 666 1073 omnes
690 1007 744 1072 alii
767 1007 845 1070 boni
869 1007 934 1082 viri,
963 1008 1018 1086 qui
1049 1007 1154 1070 eidem
1179 1005 1253 1070 loco
1277 1005 1463 1069 devotionis
1490 1006 1604 1069 intuitu
1627 1007 1679 1070 vel
1701 1006 1896 1070 venditionis
1920 1026 1981 1069 seu

304 1101 484 1167 concambii
508 1109 607 1180 atque
631 1097 898 1161 commutationis
922 1095 1136 1171 contulerunt,
1160 1115 1240 1178 quas
1264 1095 1411 1159 nimirum
1436 1096 1580 1160 eiusdem
1605 1095 1668 1160 loci
1685 1096 1836 1160 fratribus
1852 1096 1981 1178 quietas

305 1202 339 1257 et
360 1192 478 1255 liberas
501 1192 571 1254 iure
594 1195 755 1271 perpetuo
780 1205 972 1269 permanere
996 1193 1029 1248 et
1045 1185 1087 1248 ab
1104 1187 1192 1248 omni
1209 1185 1344 1248 seculari
1360 1187 1532 1248 exactione
1552 1194 1696 1250 remotas
1712 1186 1783 1251 fore
1806 1187 1981 1249 sancimus.

304 1285 348 1347 Et
370 1283 525 1362 quoniam
550 1295 758 1342 communem
781 1277 880 1340 vitam
905 1283 1038 1358 agentes
1061 1276 1103 1338 de
1122 1274 1256 1338 aliorum
1273 1267 1483 1338 helemosini's
1508 1296 1546 1338 ac
1571 1275 1832 1357 beneficientiae)
1854 1275 1984 1339 debent

305 1374 422 1446 vivere,
452 1371 688 1440 constituimus,
720 1373 757 1428 ut
787 1365 829 1428 de
862 1364 1038 1440 laboribus,
1071 1385 1154 1446 quos
1182 1363 1298 1428 fratres
1322 1366 1422 1447 ipsius
1447 1365 1631 1428 monasterii
1663 1365 1803 1448 propriis
1828 1364 1983 1428 manibus

305 1469 361 1524 aut
391 1458 575 1544 sumptibus
608 1454 779 1530 excolunt,
812 1461 912 1535 atque
942 1454 985 1517 de
1017 1454 1171 1518 omnibus
1203 1454 1415 1529 animalibuS,
1448 1473 1511 1540 que
1541 1457 1693 1530 nutriunt,
1718 1454 1825 1518 nullus
1856 1455 1900 1518 ab
1934 1456 1983 1517 eis

305 1551 449 1613 decimas
473 1550 606 1628 exigere
630 1565 690 1607 nec
714 1543 880 1627 suscipere
903 1544 1033 1607 audeat.
1080 1543 1296 1607 Decernimus
1319 1545 1428 1620 etiam,
1451 1551 1487 1606 ut
1508 1564 1528 1606 a
1550 1543 1634 1618 loco,
1662 1545 1717 1627 qui
1740 1545 1859 1608 dicitur
1882 1545 1984 1608 Bara-

305 1639 407 1717 stalla‚
440 1657 543 1718 usque
567 1632 709 1709 Seolum,
742 1640 774 1697 et
796 1654 816 1696 a
839 1629 938 1696 Seolo
966 1652 1070 1713 usque
1093 1631 1337 1708 Florentiolam,
1367 1641 1402 1696 et
1423 1654 1443 1696 a
1466 1631 1666 1697 Florentiola
1695 1653 1800 1714 usque
1823 1635 1983 1708 Butrium,

307 1739 340 1793 et
368 1749 387 1792 a
414 1729 528 1790 Butrio
559 1743 663 1806 usque
694 1722 736 1785 ad
769 1731 916 1785 sanctum
940 1722 1127 1799 Andream,
1160 1730 1193 1786 et
1224 1743 1243 1785 a
1272 1729 1387 1786 sancto
1418 1723 1554 1786 Andrea
1584 1743 1689 1804 usque
1719 1724 1762 1788 ad
1795 1723 1983 1807 predictam

306 1817 535 1891 Barastallam,
565 1832 649 1894 quos
677 1813 835 1875 terminos
866 1833 886 1875 a
916 1811 1091 1876 venerabili
1123 1813 1221 1875 fratre
1253 1820 1366 1876 nostro
1395 1809 1546 1876 Arduino
1578 1815 1738 1897 episcopo
1757 1811 1792 1898 ¹),
1823 1833 1885 1876 nec
1914 1833 1984 1876 non

307 1908 395 1971 clero
418 1914 451 1969 et
474 1904 598 1988 populo
616 1899 646 1987 b)
669 1901 856 1965 Placentino
881 1902 1065 1983 specialiter
1088 1901 1275 1984 designatos
1299 1909 1398 1984 atque
1429 1921 1448 1965 a
1471 1900 1631 1966 Lothario
1662 1903 1714 1967 dei
1743 1903 1846 1987 gratia
1876 1903 1985 1976 tertio,

305 1998 531 2060 Romanorum
555 1995 754 2076 imperatore
777 1998 925 2073 augusto,
956 1990 1164 2055 confirmatos
1189 1990 1258 2054 fore
1291 1992 1530 2073 cognoscimus,
1558 1991 1644 2056 nulla
1668 1993 1808 2057 ecclesia
1831 1991 1985 2074 quolibet

307 2096 458 2168 tempore
488 2090 694 2147 construatur
722 2080 873 2160 nullaque
896 2078 1046 2168 secularis
1068 2078 1229 2144 habitatio
1254 2101 1386 2162 prorsus
1410 2081 1474 2144 fiat
1522 2079 1688 2162 Quicquid
1712 2084 1811 2146 etiam
1836 2081 1985 2164 prefatus

308 2177 482 2259 episcopus
505 2174 547 2236 de
570 2171 671 2247 terris,
694 2169 736 2232 ad
760 2171 810 2232 ius
833 2171 881 2234 sui
906 2171 1116 2253 episcopatus
1140 2170 1384 2253 pertinentibus,
1408 2170 1543 2234 fratrum
1567 2191 1699 2236 suorum
1733 2171 1869 2236 consilio
1899 2171 1985 2235 iuste

307 2267 402 2330 vobis
426 2262 587 2327 concessit
610 2269 643 2323 et
673 2259 794 2341 scripto
824 2279 884 2323 suo
915 2259 1064 2335 firmavit,
1095 2259 1332 2323 confirmamus.
1379 2259 1530 2324 Confinia
1552 2280 1695 2343 quoque,
1725 2281 1791 2348 que
1815 2261 1984 2344 predictus

308 2356 510 2420 Pelavicinus
533 2349 679 2414 marchio
704 2369 768 2411 una
798 2368 872 2412 cum
904 2369 1007 2413 uxore
1036 2357 1069 2412 et
1092 2348 1163 2412 filiis
1186 2357 1221 2412 et
1243 2348 1412 2413 Conradus
1436 2348 1698 2414 Cavalcabovem
1730 2349 1875 2414 marchio
1907 2371 1984 2413 cum

309 2464 411 2508 uxore
440 2463 499 2506 sua
529 2442 571 2503 de
602 2439 697 2503 terris
729 2439 778 2500 sui
809 2438 885 2502 iuris
915 2459 976 2522 pro
1008 2439 1153 2503 remedio
1185 2439 1362 2510 animarum
1396 2459 1526 2503 suarum
1557 2439 1687 2522 prelato
1717 2441 1915 2504 monasterio
1941 2440 1985 2502 de

309 2533 473 2599 Columba
503 2534 752 2602 concesserunt,
784 2535 817 2590 et
847 2526 912 2590 suis
943 2529 1083 2611 propriis
1115 2528 1262 2592 manibus
1292 2537 1489 2611 posuerunt,
1520 2537 1553 2592 et
1583 2531 1694 2613 scripti
1725 2532 1774 2594 sui
1805 2530 1985 2593 munimine

309 2625 519 2697 roborarunt,
551 2640 611 2683 nos
642 2636 775 2698 quoque
800 2616 992 2680 auctoritate
1022 2617 1203 2699 apostolica
1234 2617 1428 2682 roboramus
1459 2625 1501 2693 et,
1533 2639 1574 2682 ne
1605 2621 1677 2701 quis
1709 2640 1748 2683 ea
1781 2628 1909 2683 mutare
1930 2619 1985 2683 vel

306 2713 479 2778 transferre
503 2716 677 2794 presumat,
702 2705 923 2789 prohibemus,
947 2705 1115 2769 videlicet:
1147 2708 1229 2770 sicut
1253 2709 1338 2771 rivus
1354 2709 1397 2770 de
1412 2709 1571 2771 Ponciore
1586 2711 1703 2774 transit
1718 2729 1822 2792 usque
1838 2709 1869 2771 in
1888 2709 1986 2785 viarm

309 2824 373 2893 que
397 2801 486 2867 vadit
508 2799 551 2862 ad
574 2795 719 2872 Seolum,
749 2805 782 2860 et
814 2797 899 2858 sicut
920 2798 992 2878 ipsa
1015 2795 1154 2859 confinia
1186 2799 1295 2879 posita
1318 2805 1392 2860 sunt
1415 2798 1458 2860 de
1481 2817 1581 2880 snper
1603 2795 1790 2862 Salecetum
1813 2819 1918 2880 usque
1943 2800 1986 2861 ad

309 2895 396 2957 viam
420 2911 483 2977 que
500 2888 590 2952 vadit
605 2887 646 2949 ad
664 2884 903 2960 Castellionem,
928 2893 961 2948 et
976 2886 1061 2948 sicut
1083 2886 1200 2949 eadem
1222 2888 1275 2948 via
1297 2887 1386 2949 vadit
1409 2887 1451 2951 de
1474 2907 1574 2970 super
1589 2885 1737 2952 Caudam
1761 2889 1803 2951 de
1819 2888 1988 2952 Luxerclo

311 2983 468 3064 usquein
491 2981 594 3041 rivum
619 2977 784 3050 Veterem,
808 2983 841 3038 et
862 2977 946 3037 sicut
968 2975 1039 3058 ipse
1063 2977 1149 3038 rivus
1173 2974 1264 3039 vadit
1287 2995 1390 3056 usque
1412 2977 1455 3039 ad
1471 2976 1689 3053 Budrachum,
1713 2985 1748 3040 et
1769 2979 1854 3041 sicut
1876 2979 1987 3060 ipsum

310 3070 518 3136 Budrachum
542 3065 633 3130 vadit
656 3083 759 3146 usque
782 3065 823 3126 ad
847 3063 960 3127 canale
983 3065 1025 3127 de
1048 3066 1290 3148 Burgundione,
1321 3074 1354 3128 et
1384 3067 1467 3129 sicut
1490 3068 1596 3148 ipsum
1629 3066 1740 3130 canale
1762 3067 1851 3130 vadit
1882 3087 1989 3147 usque

310 3164 352 3227 ad
377 3162 497 3224 clusam
521 3155 668 3220 eiusdem
684 3154 933 3235 Burgundionis,
957 3161 990 3216 et
1014 3155 1096 3216 sicut
1120 3156 1205 3217 rivus
1228 3154 1271 3217 de
1294 3153 1474 3220 Fraseneto
1498 3156 1586 3219 vadit
1608 3156 1651 3220 ab
1675 3159 1746 3240 ipsa
1770 3156 1861 3220 clusa
1883 3177 1990 3238 usque

310 3253 353 3317 ad
377 3251 560 3334 predictum
584 3245 693 3308 locum
718 3244 760 3305 de
784 3242 946 3306 Pontiore.
993 3241 1080 3306 Nulli
1104 3263 1183 3327 ergo
1207 3243 1377 3308 hominum
1402 3245 1451 3309 las
1474 3247 1525 3322 sit,
1557 3246 1719 3329 prefatum
1751 3249 1988 3310 monasterium

311 3352 435 3405 temere
466 3334 673 3421 perturbare,
712 3339 768 3395 aut
797 3332 864 3395 eius
895 3334 1122 3413 possessiones
1153 3333 1294 3409 auferre,
1325 3335 1377 3398 vel
1407 3335 1534 3400 ablatas
1564 3337 1714 3412 retinere,
1744 3337 1890 3400 minuere
1929 3356 1989 3400 seu

311 3429 513 3512 quibuslibet
536 3423 694 3488 molestiis
717 3421 863 3503 fatigare,
887 3422 946 3484 sed
970 3423 1080 3486 omnia
1103 3424 1229 3505 integra
1250 3433 1484 3488 conserventur
1504 3431 1544 3505 c),
1568 3425 1678 3489 usibus
1695 3425 1840 3502 fratrum,
1863 3425 1989 3490 ibidem

311 3519 447 3585 domino
471 3513 703 3586 famulantium,
734 3511 914 3594 profutura,
944 3511 1035 3575 salva
1057 3512 1239 3594 apostolice
1261 3513 1349 3576 sedis
1373 3516 1575 3578 auctoritate.
1621 3513 1744 3598 Siqua
1774 3535 1853 3579 sane
1885 3516 1990 3579 eccle

311 3611 441 3674 siastica
462 3602 654 3669 secularisve
678 3621 825 3683 persona,
849 3599 931 3666 hanc
948 3610 1059 3664 nostre
1075 3603 1315 3666 constitutionis
1331 3604 1484 3686 paginam
1507 3606 1622 3679 sciens,
1646 3613 1759 3668 contra
1775 3625 1847 3668 eam
1864 3613 1990 3669 temere

311 3701 420 3764 venire
451 3693 677 3776 temptaverit,
718 3690 864 3754 secundo
895 3691 1035 3754 tertiove
1066 3693 1282 3767 commonita,
1314 3693 1373 3755 nisi
1405 3695 1688 3777 presumptionem
1721 3714 1813 3758 suam
1846 3715 1990 3776 congrua

311 3787 532 3852 satisfactione
556 3783 744 3855 correxerit,
775 3783 950 3862 potestatis
981 3779 1179 3863 honorisque
1211 3783 1259 3845 sui
1293 3782 1437 3864 pericula
1468 3783 1618 3865 patiatur,
1651 3791 1685 3847 et
1715 3804 1735 3846 a
1767 3786 1990 3848 sacratissimo

313 3897 453 3960 corpore
476 3895 515 3938 ac
537 3871 694 3953 sanguine
717 3870 769 3932 dei
797 3879 830 3934 et
861 3870 993 3946 domini,
1026 3871 1244 3953 redemptoris
1274 3873 1376 3934 nostri
1399 3870 1472 3935 Iesu
1498 3871 1625 3948 Christi,
1656 3873 1762 3936 aliena
1792 3872 1857 3950 fiat,
1890 3882 1991 3956 atque

312 3971 344 4032 in
368 3974 517 4030 extremo
540 3962 690 4025 examine
713 3959 858 4022 districte
887 3959 1000 4024 ultioni
1022 3959 1214 4023 subiaceat.
1260 3959 1499 4025 Conservantes
1523 3971 1632 4026 autem
1660 3962 1723 4026 hec
1754 3964 1992 4047 omnipotentis

313 4059 367 4121 dei
406 4063 438 4119 et
476 4054 648 4117 beatorum
685 4051 771 4113 Petri
810 4056 843 4111 et
883 4049 986 4124 Pauli,
1023 4049 1249 4132 apostolorum
1290 4053 1375 4127 eius,
1421 4054 1559 4134 gratiam
1600 4061 1851 4135 consequantur.
1915 4056 1990 4118 Am.

313 4145 434 4210 A-m.
457 4146 623 4208 A-men.
647 4175 691 4186 -

535 4229 591 4309 (R)
615 4230 687 4311 Ego
709 4227 830 4292 Lucius
852 4226 1038 4315 ca[tholice]
1063 4228 1201 4316 ecclesie
1224 4228 1402 4311 episcopus
1424 4249 1465 4290 ss.
1490 4228 1553 4309 (M)

526 4320 547 4398 †
570 4322 644 4401 Ego
669 4317 838 4384 Conradus
861 4317 1050 4381 Sabinensis
1073 4320 1252 4402 episcopus
1276 4337 1318 4380 ss.
1344 4319 1390 4398 (5)

525 4444 570 4456 —-
592 4410 612 4490 †
635 4406 708 4488 Ego
732 4406 902 4470 Rainerius
925 4408 1086 4490 presbiter
1109 4405 1281 4471 cardinalis
1304 4409 1351 4469 tit.
1375 4415 1486 4470 sancte
1511 4407 1621 4472 Prisce
1644 4427 1688 4470 ss.

526 4498 546 4581 †
570 4499 642 4581 Ego
665 4497 811 4560 Thomas
835 4497 998 4580 presbiter
1020 4497 1190 4560 cardinalis
1214 4498 1262 4559 tit.
1286 4498 1425 4562 Vestine
1448 4517 1489 4560 ss.

526 4587 547 4670 †
570 4587 643 4670 Ego
666 4586 841 4649 Aribertus
865 4586 1028 4669 presbiter
1050 4586 1222 4650 cardinalis
1247 4587 1296 4648 tit.
1319 4596 1432 4650 sancte
1456 4585 1631 4674 Anastasis
1655 4607 1696 4650 ss.

526 4679 547 4758 i
570 4677 642 4760 Ego
658 4675 758 4759 Hugo
782 4677 944 4759 presbiter
960 4676 1110 4739 Romane
1134 4675 1272 4740 ecclesie
1296 4678 1344 4740 tit.
1360 4677 1462 4739 sancti
1477 4675 1643 4740 Laurentii
1665 4679 1697 4740 in
1712 4675 1837 4742 Lucina
1859 4699 1901 4741 ss
1919 4678 1989 4762 (hb)

527 4768 547 4847 †
571 4764 643 4849 Ego
666 4765 763 4830 Iulius
786 4766 948 4848 presbiter
971 4765 1143 4829 cardinalis
1167 4767 1214 4829 tit.
1238 4767 1342 4829 sancti
1367 4765 1513 4830 Marcelli
1537 4786 1579 4830 ss

526 4892 571 4903 -
592 4858 613 4936 †
636 4856 709 4937 Ego
732 4855 840 4921 Guido
864 4856 1020 4919 diaconus
1044 4855 1215 4919 cardinalis
1237 4864 1425 4919 sanctorum
1450 4853 1570 4944 Cosme
1594 4864 1628 4919 et
1650 4855 1804 4921 Damiani
1828 4876 1871 4919 ss.
1898 4853 1949 4940 (3)

526 4945 546 5028 †
569 4947 642 5028 Ego
666 4946 778 5008 Petrus
802 4946 961 5009 diaconus
985 4945 1155 5009 cardinalis
1177 4953 1291 5009 sancte
1315 4945 1416 5009 Marie
1440 4945 1471 5007 in
1496 4945 1626 5010 Porticu
1650 4966 1692 5008 ss.

474 5035 549 5100 Dat.
582 5036 748 5112 Laterani,
787 5056 846 5117 per
885 5056 1016 5099 manum
1056 5032 1231 5110 BARONIS,
1270 5043 1383 5098 sancte
1424 5035 1572 5098 Romane
1610 5035 1746 5100 ecclesie
1784 5034 1987 5098 subdiaconi.

312 5139 363 5188 1111
386 5124 463 5189 Idus
493 5123 550 5189 Iul.
574 5125 753 5189 Indictione
777 5137 834 5188 VII.
880 5126 1114 5189 lncarnationis
1146 5125 1312 5188 dominice
1343 5145 1428 5188 anno
1460 5137 1619 5189 MCXL1111.
1667 5123 1881 5189 Pontificatus
1913 5144 1989 5188 vero

315 5215 450 5298 dompni
472 5214 574 5280 LUCII
597 5231 623 5282 11
646 5236 702 5299 pp,
726 5234 811 5279 anno
836 5216 952 5298 primo.

331 5402 336 5414 Ι
451 5331 519 5452 ΜΟνἑ
533 5331 576 5452 Za
600 5330 714 5380 Archivio
736 5330 847 5380 distare
865 5346 894 5380 au
921 5330 1028 5388 Parma;
1052 5328 1127 5395 Kopie
1144 5328 1188 5378 der
1206 5330 1293 5378 Bullae
1313 5329 1382 5378 Pont.
1405 5327 1461 5378 Cisr.
1481 5329 1529 5380 Nr.
1549 5330 1599 5379 589
1615 5336 1642 5394 p.
1662 5331 1723 5393 277,
1748 5329 1793 5379 der
1810 5327 1872 5378 Br'dl.
1895 5327 1991 5378 Tn'vul·

314 5419 384 5452 auma
401 5419 432 5452 au
481 5420 532 5452 ara
569 5440 576 5453 .

475 5628 501 5693 a)
520 5627 591 5676 Sonst
606 5627 740 5690 ardengus
832 5624 859 5690 b)
882 5623 975 5689 popula
1065 5624 1089 5690 c)
1109 5638 1124 5672 a
1143 5621 1239 5688 integra
1259 5635 1349 5672 conset
1366 5622 1418 5688 auf
1432 5623 1523 5678 Ramr.
1543 5661 1596 5669 -
1616 5621 1802 5688 .1)Harduin,
1824 5619 1930 5685 Bisthos
1948 5637 1992 5670 wa

317 5699 445 5760 Prbcensa,
466 5701 646 5750 niu-1147,
