<?xml version="1.0" encoding="UTF-8"?>
<!DOCTYPE html PUBLIC "-//W3C//DTD XHTML 1.0 Transitional//EN"
    "http://www.w3.org/TR/xhtml1/DTD/xhtml1-transitional.dtd">
<html xmlns="http://www.w3.org/1999/xhtml" xml:lang="en" lang="en">
 <head>
  <title>
</title>
<meta http-equiv="Content-Type" content="text/html;charset=utf-8" />
  <meta name='ocr-system' content='tesseract 3.04.00' />
  <meta name='ocr-capabilities' content='ocr_page ocr_carea ocr_par ocr_line ocrx_word'/>
</head>
<body>
  <div class='ocr_page' id='page_1' title='image "./actapontificumr00hargoog_0066.png"; bbox 0 0 4090 6358; ppageno 0'>
   <div class='ocr_carea' id='block_1_1' title="bbox 320 336 361 402">
    <p class='ocr_par' dir='ltr' id='par_1_1' title="bbox 320 336 361 402">
     <span class='ocr_line' id='line_1_1' title="bbox 320 336 361 402; baseline 0 0"><span class='ocrx_word' id='word_1_1' title='bbox 320 336 361 402; x_wconf 83' lang='lat'><em>54</em></span> 
     </span>
    </p>
   </div>
   <div class='ocr_carea' id='block_1_2' title="bbox 313 511 1990 992">
    <p class='ocr_par' dir='ltr' id='par_1_2' title="bbox 313 511 1990 992">
     <span class='ocr_line' id='line_1_2' title="bbox 317 511 1990 577; baseline 0.003 -17"><span class='ocrx_word' id='word_1_2' title='bbox 317 511 364 562; x_wconf 88' lang='lat' dir='ltr'><em>Nr.</em></span> <span class='ocrx_word' id='word_1_3' title='bbox 385 515 410 561; x_wconf 82' lang='lat'><em>2.</em></span> <span class='ocrx_word' id='word_1_4' title='bbox 446 513 509 560; x_wconf 79' lang='lat' dir='ltr'><em>Rota</em></span> <span class='ocrx_word' id='word_1_5' title='bbox 527 511 574 560; x_wconf 91' lang='lat' dir='ltr'><em>Nr.</em></span> <span class='ocrx_word' id='word_1_6' title='bbox 595 513 618 571; x_wconf 87' lang='grc'><strong><em>1,</em></strong></span> <span class='ocrx_word' id='word_1_7' title='bbox 644 511 676 559; x_wconf 84' lang='lat' dir='ltr'><em>irn</em></span> <span class='ocrx_word' id='word_1_8' title='bbox 695 511 871 560; x_wconf 78' lang='lat' dir='ltr'><em>Durrlmesser</em></span> <span class='ocrx_word' id='word_1_9' title='bbox 888 511 975 570; x_wconf 86' lang='lat'><em>0,061,</em></span> <span class='ocrx_word' id='word_1_10' title='bbox 1000 525 1048 559; x_wconf 85' lang='lat' dir='ltr'><em>von</em></span> <span class='ocrx_word' id='word_1_11' title='bbox 1065 512 1110 561; x_wconf 86' lang='lat' dir='ltr'><em>der</em></span> <span class='ocrx_word' id='word_1_12' title='bbox 1127 515 1208 563; x_wconf 81' lang='lat' dir='ltr'><em>letnten</em></span> <span class='ocrx_word' id='word_1_13' title='bbox 1227 513 1289 563; x_wconf 87' lang='lat' dir='ltr'><em>Zeile</em></span> <span class='ocrx_word' id='word_1_14' title='bbox 1306 517 1374 575; x_wconf 84' lang='lat'><em>0,01,</em></span> <span class='ocrx_word' id='word_1_15' title='bbox 1398 529 1447 563; x_wconf 85' lang='lat' dir='ltr'><em>non</em></span> <span class='ocrx_word' id='word_1_16' title='bbox 1465 515 1509 564; x_wconf 83' lang='lat' dir='ltr'><em>der</em></span> <span class='ocrx_word' id='word_1_17' title='bbox 1534 515 1616 563; x_wconf 82' lang='lat' dir='ltr'><em>linken</em></span> <span class='ocrx_word' id='word_1_18' title='bbox 1640 517 1721 565; x_wconf 81' lang='lat' dir='ltr'><em>Korne</em></span> <span class='ocrx_word' id='word_1_19' title='bbox 1742 517 1813 577; x_wconf 86' lang='lat'><em>0,09,</em></span> <span class='ocrx_word' id='word_1_20' title='bbox 1837 531 1892 564; x_wconf 82' lang='lat' dir='ltr'><em>vom</em></span> <span class='ocrx_word' id='word_1_21' title='bbox 1909 514 1990 565; x_wconf 83' lang='lat' dir='ltr'><em>Mono-</em></span> 
     </span>
     <span class='ocr_line' id='line_1_3' title="bbox 313 582 1988 648; baseline 0.004 -17"><span class='ocrx_word' id='word_1_22' title='bbox 313 599 411 648; x_wconf 83' lang='lat' dir='ltr'><em>gramm</em></span> <span class='ocrx_word' id='word_1_23' title='bbox 425 585 509 642; x_wconf 74' lang='lat' dir='ltr'><em>O,3·.&#39;5.</em></span> <span class='ocrx_word' id='word_1_24' title='bbox 541 582 709 648; x_wconf 81' lang='lat' dir='ltr'><em>Monogrunnn</em></span> <span class='ocrx_word' id='word_1_25' title='bbox 721 583 769 633; x_wconf 88' lang='lat' dir='ltr'><em>Nr.</em></span> <span class='ocrx_word' id='word_1_26' title='bbox 780 586 815 642; x_wconf 81' lang='lat'><em>10,</em></span> <span class='ocrx_word' id='word_1_27' title='bbox 835 583 894 630; x_wconf 77' lang='lat' dir='ltr'><em>hoelo</em></span> <span class='ocrx_word' id='word_1_28' title='bbox 912 584 999 642; x_wconf 79' lang='lat'><em>0,048,</em></span> <span class='ocrx_word' id='word_1_29' title='bbox 1018 583 1077 632; x_wconf 81' lang='lat' dir='ltr'><em>broit</em></span> <span class='ocrx_word' id='word_1_30' title='bbox 1088 585 1173 645; x_wconf 75' lang='lat'><em>0,032,</em></span> <span class='ocrx_word' id='word_1_31' title='bbox 1192 602 1240 635; x_wconf 86' lang='lat' dir='ltr'><em>von</em></span> <span class='ocrx_word' id='word_1_32' title='bbox 1252 587 1295 636; x_wconf 87' lang='lat' dir='ltr'><em>der</em></span> <span class='ocrx_word' id='word_1_33' title='bbox 1311 591 1391 636; x_wconf 76' lang='lat' dir='ltr'><em>letam</em></span> <span class='ocrx_word' id='word_1_34' title='bbox 1404 587 1466 634; x_wconf 87' lang='lat' dir='ltr'><em>Zeile</em></span> <span class='ocrx_word' id='word_1_35' title='bbox 1479 588 1563 646; x_wconf 84' lang='lat'><em>0,015,</em></span> <span class='ocrx_word' id='word_1_36' title='bbox 1582 602 1630 636; x_wconf 83' lang='lat' dir='ltr'><em>non</em></span> <span class='ocrx_word' id='word_1_37' title='bbox 1649 589 1692 636; x_wconf 86' lang='lat' dir='ltr'><em>der</em></span> <span class='ocrx_word' id='word_1_38' title='bbox 1708 587 1802 636; x_wconf 76' lang='lat' dir='ltr'><em>rechten</em></span> <span class='ocrx_word' id='word_1_39' title='bbox 1813 587 1894 636; x_wconf 77' lang='lat' dir='ltr'><em>Kanle</em></span> <span class='ocrx_word' id='word_1_40' title='bbox 1904 589 1988 648; x_wconf 81' lang='lat'><em>0,703.</em></span> 
     </span>
     <span class='ocr_line' id='line_1_4' title="bbox 317 654 1989 724; baseline 0.002 -20"><span class='ocrx_word' id='word_1_41' title='bbox 317 656 338 704; x_wconf 90' lang='lat' dir='ltr'><strong>E</strong></span> <span class='ocrx_word' id='word_1_42' title='bbox 358 656 414 703; x_wconf 80' lang='lat' dir='ltr'><em>errrd</em></span> <span class='ocrx_word' id='word_1_43' title='bbox 428 671 453 703; x_wconf 91' lang='lat' dir='ltr'><em>ss</em></span> <span class='ocrx_word' id='word_1_44' title='bbox 479 655 593 704; x_wconf 74' lang='lat' dir='ltr'><em>dunilere</em></span> <span class='ocrx_word' id='word_1_45' title='bbox 610 655 686 702; x_wconf 77' lang='lat' dir='ltr'><em>Dinte</em></span> <span class='ocrx_word' id='word_1_46' title='bbox 709 654 766 702; x_wconf 86' lang='lat' dir='ltr'><em>nnd</em></span> <span class='ocrx_word' id='word_1_47' title='bbox 786 655 875 704; x_wconf 85' lang='lat' dir='ltr'><em>andere</em></span> <span class='ocrx_word' id='word_1_48' title='bbox 892 655 973 702; x_wconf 89' lang='lat' dir='ltr'><em>Hand</em></span> <span class='ocrx_word' id='word_1_49' title='bbox 994 657 1031 704; x_wconf 85' lang='lat' dir='ltr'><em>als</em></span> <span class='ocrx_word' id='word_1_50' title='bbox 1048 657 1086 705; x_wconf 83' lang='lat' dir='ltr'><em>alie</em></span> <span class='ocrx_word' id='word_1_51' title='bbox 1102 658 1203 722; x_wconf 69' lang='lat' dir='ltr'><em>sonsnge</em></span> <span class='ocrx_word' id='word_1_52' title='bbox 1224 658 1395 722; x_wconf 73' lang='lat' dir='ltr'><em>Underselmft,</em></span> <span class='ocrx_word' id='word_1_53' title='bbox 1413 658 1477 706; x_wconf 80' lang='lat' dir='ltr'><em>auch</em></span> <span class='ocrx_word' id='word_1_54' title='bbox 1498 659 1565 706; x_wconf 81' lang='lat' dir='ltr'><em>wohl</em></span> <span class='ocrx_word' id='word_1_55' title='bbox 1579 659 1623 708; x_wconf 86' lang='lat' dir='ltr'><em>dos</em></span> <span class='ocrx_word' id='word_1_56' title='bbox 1641 660 1784 724; x_wconf 80' lang='lat' dir='ltr'><em>Ringkreuo,</em></span> <span class='ocrx_word' id='word_1_57' title='bbox 1807 659 1904 709; x_wconf 76' lang='lat' dir='ltr'><em>welches</em></span> <span class='ocrx_word' id='word_1_58' title='bbox 1926 660 1989 708; x_wconf 68' lang='lat' dir='ltr'><em>raon-</em></span> 
     </span>
     <span class='ocr_line' id='line_1_5' title="bbox 313 726 1988 794; baseline 0.002 -20"><span class='ocrx_word' id='word_1_59' title='bbox 313 727 427 792; x_wconf 79' lang='lat' dir='ltr'><em>geroisclrt</em></span> <span class='ocrx_word' id='word_1_60' title='bbox 443 728 480 776; x_wconf 83' lang='lat' dir='ltr'><em>ist.</em></span> <span class='ocrx_word' id='word_1_61' title='bbox 521 726 720 790; x_wconf 80' lang='lat' dir='ltr'><em>Urorselm&#39;jtund</em></span> <span class='ocrx_word' id='word_1_62' title='bbox 734 727 897 792; x_wconf 74' lang='lat' dir='ltr'><em>bnterselrrift</em></span> <span class='ocrx_word' id='word_1_63' title='bbox 913 734 985 776; x_wconf 83' lang='lat' dir='ltr'><em>nnter</em></span> <span class='ocrx_word' id='word_1_64' title='bbox 1001 728 1052 776; x_wconf 76' lang='lat' dir='ltr'><em>sich</em></span> <span class='ocrx_word' id='word_1_65' title='bbox 1066 729 1154 794; x_wconf 74' lang='lat' dir='ltr'><em>gleiche</em></span> <span class='ocrx_word' id='word_1_66' title='bbox 1166 729 1246 777; x_wconf 85' lang='lat' dir='ltr'><em>Hand</em></span> <span class='ocrx_word' id='word_1_67' title='bbox 1255 732 1310 778; x_wconf 85' lang='lat' dir='ltr'><em>rend</em></span> <span class='ocrx_word' id='word_1_68' title='bbox 1319 731 1401 789; x_wconf 69' lang='lat' dir='ltr'><em>Dione,</em></span> <span class='ocrx_word' id='word_1_69' title='bbox 1420 731 1480 778; x_wconf 81' lang='lat' dir='ltr'><em>diere</em></span> <span class='ocrx_word' id='word_1_70' title='bbox 1496 747 1543 778; x_wconf 85' lang='lat' dir='ltr'><em>von</em></span> <span class='ocrx_word' id='word_1_71' title='bbox 1561 730 1605 780; x_wconf 87' lang='lat' dir='ltr'><em>der</em></span> <span class='ocrx_word' id='word_1_72' title='bbox 1621 731 1661 780; x_wconf 87' lang='lat' dir='ltr'><em>des</em></span> <span class='ocrx_word' id='word_1_73' title='bbox 1678 731 1820 794; x_wconf 72' lang='lat' dir='ltr'><em>Konscripts</em></span> <span class='ocrx_word' id='word_1_74' title='bbox 1837 731 1988 780; x_wconf 72' lang='lat' dir='ltr'><em>verschieden.</em></span> 
     </span>
     <span class='ocr_line' id='line_1_6' title="bbox 317 797 1990 868; baseline 0.003 -22"><span class='ocrx_word' id='word_1_75' title='bbox 317 799 444 862; x_wconf 74' lang='lat' dir='ltr'><em>nanmng</em></span> <span class='ocrx_word' id='word_1_76' title='bbox 458 813 513 846; x_wconf 72' lang='lat' dir='ltr'><em>vona</em></span> <span class='ocrx_word' id='word_1_77' title='bbox 532 797 654 846; x_wconf 80' lang='lat' dir='ltr'><em>Schreiber</em></span> <span class='ocrx_word' id='word_1_78' title='bbox 677 798 716 846; x_wconf 87' lang='lat' dir='ltr'><em>des</em></span> <span class='ocrx_word' id='word_1_79' title='bbox 734 797 923 862; x_wconf 74' lang='lat' dir='ltr'><em>Hauptkorpers,</em></span> <span class='ocrx_word' id='word_1_80' title='bbox 949 799 1055 848; x_wconf 86' lang='lat' dir='ltr'><em>Gerardi</em></span> <span class='ocrx_word' id='word_1_81' title='bbox 1079 800 1147 849; x_wconf 83' lang='lat' dir='ltr'><em>wohl</em></span> <span class='ocrx_word' id='word_1_82' title='bbox 1161 802 1342 868; x_wconf 78' lang='lat' dir='ltr'><em>narbgerragen.</em></span> <span class='ocrx_word' id='word_1_83' title='bbox 1380 801 1560 867; x_wconf 80' lang='lat' dir='ltr'><em>Zengenfirnren</em></span> <span class='ocrx_word' id='word_1_84' title='bbox 1578 818 1665 851; x_wconf 84' lang='lat' dir='ltr'><em>ausser</em></span> <span class='ocrx_word' id='word_1_85' title='bbox 1689 803 1815 868; x_wconf 80' lang='lat' dir='ltr'><em>Jairannes</em></span> <span class='ocrx_word' id='word_1_86' title='bbox 1833 803 1894 851; x_wconf 80' lang='lat' dir='ltr'><em>deae.</em></span> <span class='ocrx_word' id='word_1_87' title='bbox 1913 802 1990 851; x_wconf 73' lang='lat' dir='ltr'><em>illane</em></span> 
     </span>
     <span class='ocr_line' id='line_1_7' title="bbox 317 869 1988 940; baseline 0.002 -22"><span class='ocrx_word' id='word_1_88' title='bbox 317 870 383 918; x_wconf 85' lang='lat' dir='ltr'><em>Nove</em></span> <span class='ocrx_word' id='word_1_89' title='bbox 401 871 456 918; x_wconf 88' lang='lat' dir='ltr'><em>und</em></span> <span class='ocrx_word' id='word_1_90' title='bbox 471 869 537 918; x_wconf 79' lang='lat' dir='ltr'><em>wohl</em></span> <span class='ocrx_word' id='word_1_91' title='bbox 551 886 633 918; x_wconf 82' lang='lat' dir='ltr'><em>ausser</em></span> <span class='ocrx_word' id='word_1_92' title='bbox 652 870 739 918; x_wconf 82' lang='lat' dir='ltr'><em>Petrus</em></span> <span class='ocrx_word' id='word_1_93' title='bbox 756 870 812 918; x_wconf 87' lang='lat' dir='ltr'><em>und</em></span> <span class='ocrx_word' id='word_1_94' title='bbox 830 870 900 918; x_wconf 82' lang='lat' dir='ltr'><em>Goiaa</em></span> <span class='ocrx_word' id='word_1_95' title='bbox 917 885 965 919; x_wconf 87' lang='lat' dir='ltr'><em>von</em></span> <span class='ocrx_word' id='word_1_96' title='bbox 983 873 1021 921; x_wconf 87' lang='lat' dir='ltr'><em>ein</em></span> <span class='ocrx_word' id='word_1_97' title='bbox 1039 873 1095 921; x_wconf 87' lang='lat' dir='ltr'><em>und</em></span> <span class='ocrx_word' id='word_1_98' title='bbox 1110 873 1229 923; x_wconf 70' lang='lat' dir='ltr'><em>desselben</em></span> <span class='ocrx_word' id='word_1_99' title='bbox 1247 875 1329 935; x_wconf 72' lang='lat' dir='ltr'><em>Dione,</em></span> <span class='ocrx_word' id='word_1_100' title='bbox 1355 890 1409 922; x_wconf 81' lang='lat' dir='ltr'><em>nem</em></span> <span class='ocrx_word' id='word_1_101' title='bbox 1424 889 1523 939; x_wconf 83' lang='lat' dir='ltr'><em>grossen</em></span> <span class='ocrx_word' id='word_1_102' title='bbox 1545 874 1570 922; x_wconf 87' lang='lat' dir='ltr'><em>T</em></span> <span class='ocrx_word' id='word_1_103' title='bbox 1566 874 1624 924; x_wconf 81' lang='lat' dir='ltr'><em>heile</em></span> <span class='ocrx_word' id='word_1_104' title='bbox 1644 875 1706 924; x_wconf 85' lang='lat' dir='ltr'><em>anch</em></span> <span class='ocrx_word' id='word_1_105' title='bbox 1724 891 1772 925; x_wconf 78' lang='lat' dir='ltr'><em>narr</em></span> <span class='ocrx_word' id='word_1_106' title='bbox 1788 874 1893 940; x_wconf 77' lang='lat' dir='ltr'><em>gleisher</em></span> <span class='ocrx_word' id='word_1_107' title='bbox 1908 874 1988 933; x_wconf 84' lang='lat' dir='ltr'><em>Hand,</em></span> 
     </span>
     <span class='ocr_line' id='line_1_8' title="bbox 317 940 981 992; baseline 0.003 -2"><span class='ocrx_word' id='word_1_108' title='bbox 317 942 353 990; x_wconf 86' lang='lat' dir='ltr'><em>die</em></span> <span class='ocrx_word' id='word_1_109' title='bbox 370 941 407 991; x_wconf 85' lang='lat' dir='ltr'><em>die</em></span> <span class='ocrx_word' id='word_1_110' title='bbox 423 941 542 990; x_wconf 74' lang='lat' dir='ltr'><em>einzelnen</em></span> <span class='ocrx_word' id='word_1_111' title='bbox 560 940 663 991; x_wconf 84' lang='lat' dir='ltr'><em>Firmen</em></span> <span class='ocrx_word' id='word_1_112' title='bbox 680 948 753 992; x_wconf 81' lang='lat' dir='ltr'><em>etwas</em></span> <span class='ocrx_word' id='word_1_113' title='bbox 769 942 981 992; x_wconf 79' lang='lat' dir='ltr'><em>individualisiree.</em></span> 
     </span>
    </p>
   </div>
   <div class='ocr_carea' id='block_1_3' title="bbox 1073 1273 1233 1350">
    <p class='ocr_par' dir='ltr' id='par_1_3' title="bbox 1073 1273 1233 1350">
     <span class='ocr_line' id='line_1_9' title="bbox 1073 1273 1233 1350; baseline 0.013 -2"><span class='ocrx_word' id='word_1_114' title='bbox 1073 1273 1139 1348; x_wconf 87' lang='lat' dir='ltr'><em>Nr.</em></span> <span class='ocrx_word' id='word_1_115' title='bbox 1173 1278 1233 1350; x_wconf 79' lang='lat'><em>55.</em></span> 
     </span>
    </p>
   </div>
   <div class='ocr_carea' id='block_1_4' title="bbox 314 1404 1990 1670">
    <p class='ocr_par' dir='ltr' id='par_1_4' title="bbox 314 1404 1990 1670">
     <span class='ocr_line' id='line_1_10' title="bbox 322 1404 1990 1492; baseline 0.004 -24"><span class='ocrx_word' id='word_1_116' title='bbox 322 1405 350 1468; x_wconf 83' lang='lat' dir='ltr'><em>C</em></span> <span class='ocrx_word' id='word_1_117' title='bbox 348 1406 460 1469; x_wconf 81' lang='lat' dir='ltr'><em>iilostz&#39;n</em></span> <span class='ocrx_word' id='word_1_118' title='bbox 477 1407 521 1469; x_wconf 91' lang='lat' dir='ltr'><em>II</em></span> <span class='ocrx_word' id='word_1_119' title='bbox 539 1406 737 1470; x_wconf 85' lang='lat' dir='ltr'><em>benrknno&#39;ot</em></span> <span class='ocrx_word' id='word_1_120' title='bbox 755 1405 828 1468; x_wconf 84' lang='lat' dir='ltr'><em>dem</em></span> <span class='ocrx_word' id='word_1_121' title='bbox 845 1404 975 1469; x_wconf 84' lang='lat' dir='ltr'><em>Klosler</em></span> <span class='ocrx_word' id='word_1_122' title='bbox 989 1405 1057 1470; x_wconf 80' lang='lat' dir='ltr'><em>Son</em></span> <span class='ocrx_word' id='word_1_123' title='bbox 1071 1407 1179 1471; x_wconf 82' lang='lat' dir='ltr'><em>Po&#39;otro</em></span> <span class='ocrx_word' id='word_1_124' title='bbox 1199 1407 1238 1472; x_wconf 84' lang='lat' dir='ltr'><em>di</em></span> <span class='ocrx_word' id='word_1_125' title='bbox 1257 1407 1415 1472; x_wconf 83' lang='lat' dir='ltr'><em>Cremona</em></span> <span class='ocrx_word' id='word_1_126' title='bbox 1429 1409 1484 1472; x_wconf 84' lang='lat' dir='ltr'><em>die</em></span> <span class='ocrx_word' id='word_1_127' title='bbox 1499 1408 1745 1492; x_wconf 82' lang='lat' dir='ltr'><em>Entscleeidnng</em></span> <span class='ocrx_word' id='word_1_128' title='bbox 1757 1410 1845 1474; x_wconf 85' lang='lat' dir='ltr'><em>eines</em></span> <span class='ocrx_word' id='word_1_129' title='bbox 1861 1410 1990 1475; x_wconf 83' lang='lat' dir='ltr'><em>Stree&#39;trs</em></span> 
     </span>
     <span class='ocr_line' id='line_1_11' title="bbox 314 1495 1989 1670; baseline 0.004 -108"><span class='ocrx_word' id='word_1_130' title='bbox 314 1495 474 1562; x_wconf 70' lang='lat' dir='ltr'><em>zwisalten</em></span> <span class='ocrx_word' id='word_1_131' title='bbox 510 1497 631 1560; x_wconf 83' lang='lat' dir='ltr'><em>diesem</em></span> <span class='ocrx_word' id='word_1_132' title='bbox 669 1496 738 1559; x_wconf 89' lang='lat' dir='ltr'><em>und</em></span> <span class='ocrx_word' id='word_1_133' title='bbox 774 1496 847 1559; x_wconf 86' lang='lat' dir='ltr'><em>dom</em></span> <span class='ocrx_word' id='word_1_134' title='bbox 878 1495 1274 1670; x_wconf 50' lang='lat' dir='ltr'><em>BiSChofhMiiiiiizsioii</em></span> <span class='ocrx_word' id='word_1_135' title='bbox 1303 1497 1459 1562; x_wconf 85' lang='lat' dir='ltr'><em>Cremona</em></span> <span class='ocrx_word' id='word_1_136' title='bbox 1497 1521 1606 1583; x_wconf 79' lang='lat' dir='ltr'><em>euagon</em></span> <span class='ocrx_word' id='word_1_137' title='bbox 1641 1499 1702 1563; x_wconf 84' lang='lat' dir='ltr'><em>der</em></span> <span class='ocrx_word' id='word_1_138' title='bbox 1734 1497 1773 1562; x_wconf 93' lang='lat' dir='ltr'><em>K</em></span> <span class='ocrx_word' id='word_1_139' title='bbox 1774 1500 1863 1564; x_wconf 79' lang='lat' dir='ltr'><em>irche</em></span> <span class='ocrx_word' id='word_1_140' title='bbox 1892 1500 1989 1568; x_wconf 80' lang='lat' dir='ltr'><em>santo</em></span> 
     </span>
    </p>
   </div>
   <div class='ocr_carea' id='block_1_5' title="bbox 946 1721 1363 1806">
    <p class='ocr_par' dir='ltr' id='par_1_5' title="bbox 946 1721 1363 1806">
     <span class='ocr_line' id='line_1_12' title="bbox 946 1721 1363 1806; baseline 0.002 -25"><span class='ocrx_word' id='word_1_141' title='bbox 946 1721 1030 1782; x_wconf 78' lang='lat'><strong><em>1144</em></strong></span> <span class='ocrx_word' id='word_1_142' title='bbox 1047 1721 1145 1784; x_wconf 80' lang='lat' dir='ltr'><em>Ma&#39;ra</em></span> <span class='ocrx_word' id='word_1_143' title='bbox 1160 1724 1191 1785; x_wconf 85' lang='grc'><em>8.</em></span> <span class='ocrx_word' id='word_1_144' title='bbox 1225 1721 1308 1785; x_wconf 91' lang='lat' dir='ltr'><em>Rom</em></span> <span class='ocrx_word' id='word_1_145' title='bbox 1326 1721 1363 1806; x_wconf 76' lang='lat'><em>²).</em></span> 
     </span>
    </p>
   </div>
   <div class='ocr_carea' id='block_1_6' title="bbox 312 1836 1991 5414">
    <p class='ocr_par' dir='ltr' id='par_1_6' title="bbox 312 1836 1991 5039">
     <span class='ocr_line' id='line_1_13' title="bbox 477 1836 1990 1919; baseline 0.004 -19"><span class='ocrx_word' id='word_1_146' title='bbox 477 1836 655 1900; x_wconf 89' lang='lat' dir='ltr'><em>Celestinus</em></span> <span class='ocrx_word' id='word_1_147' title='bbox 672 1837 858 1919; x_wconf 88' lang='lat' dir='ltr'><em>episcopus,</em></span> <span class='ocrx_word' id='word_1_148' title='bbox 882 1855 994 1898; x_wconf 90' lang='lat' dir='ltr'><em>servus</em></span> <span class='ocrx_word' id='word_1_149' title='bbox 1010 1857 1178 1901; x_wconf 90' lang='lat' dir='ltr'><em>servorum</em></span> <span class='ocrx_word' id='word_1_150' title='bbox 1195 1839 1258 1913; x_wconf 92' lang='lat' dir='ltr'><em>dei,</em></span> <span class='ocrx_word' id='word_1_151' title='bbox 1274 1837 1400 1902; x_wconf 91' lang='lat' dir='ltr'><em>dilectis</em></span> <span class='ocrx_word' id='word_1_152' title='bbox 1416 1836 1488 1901; x_wconf 83' lang='lat' dir='ltr'><em>filiis</em></span> <span class='ocrx_word' id='word_1_153' title='bbox 1504 1837 1656 1916; x_wconf 86' lang='lat' dir='ltr'><em>Alberto,</em></span> <span class='ocrx_word' id='word_1_154' title='bbox 1672 1840 1785 1903; x_wconf 90' lang='lat' dir='ltr'><em>abbati</em></span> <span class='ocrx_word' id='word_1_155' title='bbox 1804 1845 1990 1906; x_wconf 87' lang='lat' dir='ltr'><em>monasterii</em></span> 
     </span>
     <span class='ocr_line' id='line_1_14' title="bbox 316 1925 1991 2015; baseline 0.003 -26"><span class='ocrx_word' id='word_1_156' title='bbox 316 1929 421 1990; x_wconf 90' lang='lat' dir='ltr'><em>sancti</em></span> <span class='ocrx_word' id='word_1_157' title='bbox 435 1929 521 1990; x_wconf 88' lang='lat' dir='ltr'><em>Petri</em></span> <span class='ocrx_word' id='word_1_158' title='bbox 552 1926 638 2009; x_wconf 90' lang='lat' dir='ltr'><em>apud</em></span> <span class='ocrx_word' id='word_1_159' title='bbox 656 1925 862 2000; x_wconf 84' lang='lat' dir='ltr'><em>Cremonam,</em></span> <span class='ocrx_word' id='word_1_160' title='bbox 876 1927 1020 2006; x_wconf 87' lang='lat' dir='ltr'><em>eiusque</em></span> <span class='ocrx_word' id='word_1_161' title='bbox 1042 1927 1202 2001; x_wconf 87' lang='lat' dir='ltr'><em>fratribus,</em></span> <span class='ocrx_word' id='word_1_162' title='bbox 1226 1937 1294 1991; x_wconf 89' lang='lat' dir='ltr'><em>tam</em></span> <span class='ocrx_word' id='word_1_163' title='bbox 1311 1927 1518 2011; x_wconf 85' lang='lat' dir='ltr'><em>presentibus</em></span> <span class='ocrx_word' id='word_1_164' title='bbox 1534 1948 1633 2008; x_wconf 90' lang='lat' dir='ltr'><em>quam</em></span> <span class='ocrx_word' id='word_1_165' title='bbox 1655 1928 1779 2006; x_wconf 84' lang='lat' dir='ltr'><em>futuris,</em></span> <span class='ocrx_word' id='word_1_166' title='bbox 1804 1932 1991 2015; x_wconf 81' lang='lat' dir='ltr'><em>regulariter</em></span> 
     </span>
     <span class='ocr_line' id='line_1_15' title="bbox 315 2012 1990 2099; baseline 0.004 -20"><span class='ocrx_word' id='word_1_167' title='bbox 315 2016 550 2080; x_wconf 83' lang='lat' dir='ltr'><em>substituendis</em></span> <span class='ocrx_word' id='word_1_168' title='bbox 574 2029 612 2080; x_wconf 84' lang='grc' dir='ltr'><em>ΙΝ</em></span> <span class='ocrx_word' id='word_1_169' title='bbox 635 2029 711 2077; x_wconf 85' lang='grc' dir='ltr'>ΡΡΜ.</span> <span class='ocrx_word' id='word_1_170' title='bbox 735 2051 780 2060; x_wconf 90' lang='lat'><em>--</em></span> <span class='ocrx_word' id='word_1_171' title='bbox 799 2012 804 2099; x_wconf 92' lang='grc'>)</span> <span class='ocrx_word' id='word_1_172' title='bbox 826 2013 900 2096; x_wconf 86' lang='lat' dir='ltr'><em>Que</em></span> <span class='ocrx_word' id='word_1_173' title='bbox 924 2016 1031 2078; x_wconf 91' lang='lat' dir='ltr'><em>iudicii</em></span> <span class='ocrx_word' id='word_1_174' title='bbox 1054 2019 1191 2082; x_wconf 88' lang='lat' dir='ltr'><em>veritate</em></span> <span class='ocrx_word' id='word_1_175' title='bbox 1214 2019 1281 2080; x_wconf 88' lang='lat' dir='ltr'><em>sive</em></span> <span class='ocrx_word' id='word_1_176' title='bbox 1305 2019 1484 2081; x_wconf 89' lang='lat' dir='ltr'><em>concordia</em></span> <span class='ocrx_word' id='word_1_177' title='bbox 1506 2020 1678 2082; x_wconf 89' lang='lat' dir='ltr'><em>terminata</em></span> <span class='ocrx_word' id='word_1_178' title='bbox 1702 2029 1785 2096; x_wconf 89' lang='lat' dir='ltr'><em>sunt,</em></span> <span class='ocrx_word' id='word_1_179' title='bbox 1814 2021 1990 2086; x_wconf 88' lang='lat' dir='ltr'><em>litterarum</em></span> 
     </span>
     <span class='ocr_line' id='line_1_16' title="bbox 316 2106 1990 2194; baseline 0.003 -25"><span class='ocrx_word' id='word_1_180' title='bbox 316 2108 441 2171; x_wconf 88' lang='lat' dir='ltr'><em>debent</em></span> <span class='ocrx_word' id='word_1_181' title='bbox 465 2109 622 2169; x_wconf 87' lang='lat' dir='ltr'><em>memorie</em></span> <span class='ocrx_word' id='word_1_182' title='bbox 646 2106 880 2180; x_wconf 91' lang='lat' dir='ltr'><em>commendari,</em></span> <span class='ocrx_word' id='word_1_183' title='bbox 904 2125 946 2167; x_wconf 91' lang='lat' dir='ltr'><em>ne</em></span> <span class='ocrx_word' id='word_1_184' title='bbox 969 2126 1144 2186; x_wconf 88' lang='lat' dir='ltr'><em>pravorum</em></span> <span class='ocrx_word' id='word_1_185' title='bbox 1168 2106 1337 2170; x_wconf 88' lang='lat' dir='ltr'><em>hominum</em></span> <span class='ocrx_word' id='word_1_186' title='bbox 1362 2109 1395 2169; x_wconf 92' lang='lat' dir='ltr'><em>in</em></span> <span class='ocrx_word' id='word_1_187' title='bbox 1421 2116 1589 2188; x_wconf 90' lang='lat' dir='ltr'><em>posterum</em></span> <span class='ocrx_word' id='word_1_188' title='bbox 1612 2109 1742 2172; x_wconf 91' lang='lat' dir='ltr'><em>valeant</em></span> <span class='ocrx_word' id='word_1_189' title='bbox 1773 2110 1990 2194; x_wconf 68' lang='lat' dir='ltr'><em>refragatione</em></span> 
     </span>
     <span class='ocr_line' id='line_1_17' title="bbox 315 2191 1990 2283; baseline 0.004 -25"><span class='ocrx_word' id='word_1_190' title='bbox 315 2196 450 2259; x_wconf 88' lang='lat' dir='ltr'><em>turbari.</em></span> <span class='ocrx_word' id='word_1_191' title='bbox 476 2191 481 2280; x_wconf 89' lang='grc'>)</span> <span class='ocrx_word' id='word_1_192' title='bbox 505 2195 593 2259; x_wconf 89' lang='lat' dir='ltr'><em>Inter</em></span> <span class='ocrx_word' id='word_1_193' title='bbox 615 2215 674 2257; x_wconf 92' lang='lat' dir='ltr'><em>vos</em></span> <span class='ocrx_word' id='word_1_194' title='bbox 698 2194 859 2275; x_wconf 87' lang='lat' dir='ltr'><em>siquidem</em></span> <span class='ocrx_word' id='word_1_195' title='bbox 884 2202 918 2257; x_wconf 95' lang='lat' dir='ltr'><em>et</em></span> <span class='ocrx_word' id='word_1_196' title='bbox 941 2194 1074 2258; x_wconf 80' lang='lat' dir='ltr'><em>fratrem</em></span> <span class='ocrx_word' id='word_1_197' title='bbox 1098 2205 1245 2260; x_wconf 90' lang='lat' dir='ltr'><em>nostrum</em></span> <span class='ocrx_word' id='word_1_198' title='bbox 1270 2193 1442 2272; x_wconf 88' lang='lat' dir='ltr'><em>Obertum,</em></span> <span class='ocrx_word' id='word_1_199' title='bbox 1466 2196 1721 2262; x_wconf 87' lang='lat' dir='ltr'><em>Cremonensem</em></span> <span class='ocrx_word' id='word_1_200' title='bbox 1746 2202 1941 2283; x_wconf 90' lang='lat' dir='ltr'><em>episcopum</em></span> <span class='ocrx_word' id='word_1_201' title='bbox 1959 2200 1990 2279; x_wconf 73' lang='lat'><em>³),</em></span> 
     </span>
     <span class='ocr_line' id='line_1_18' title="bbox 315 2284 1990 2373; baseline 0.004 -25"><span class='ocrx_word' id='word_1_202' title='bbox 315 2306 414 2368; x_wconf 90' lang='lat' dir='ltr'><em>super</em></span> <span class='ocrx_word' id='word_1_203' title='bbox 437 2286 575 2350; x_wconf 89' lang='lat' dir='ltr'><em>ecclesia</em></span> <span class='ocrx_word' id='word_1_204' title='bbox 598 2292 710 2348; x_wconf 90' lang='lat' dir='ltr'><em>sancte</em></span> <span class='ocrx_word' id='word_1_205' title='bbox 736 2286 920 2365; x_wconf 89' lang='lat' dir='ltr'><em>Margarite,</em></span> <span class='ocrx_word' id='word_1_206' title='bbox 944 2284 976 2347; x_wconf 89' lang='lat' dir='ltr'><em>in</em></span> <span class='ocrx_word' id='word_1_207' title='bbox 1000 2284 1105 2367; x_wconf 88' lang='lat' dir='ltr'><em>burgo</em></span> <span class='ocrx_word' id='word_1_208' title='bbox 1123 2285 1279 2349; x_wconf 89' lang='lat' dir='ltr'><em>Citanove</em></span> <span class='ocrx_word' id='word_1_209' title='bbox 1303 2289 1374 2362; x_wconf 90' lang='lat' dir='ltr'><em>sita,</em></span> <span class='ocrx_word' id='word_1_210' title='bbox 1398 2289 1622 2350; x_wconf 89' lang='lat' dir='ltr'><em>controversia</em></span> <span class='ocrx_word' id='word_1_211' title='bbox 1646 2297 1696 2351; x_wconf 89' lang='lat' dir='ltr'><em>est</em></span> <span class='ocrx_word' id='word_1_212' title='bbox 1719 2289 1839 2353; x_wconf 91' lang='lat' dir='ltr'><em>diutius</em></span> <span class='ocrx_word' id='word_1_213' title='bbox 1862 2293 1990 2373; x_wconf 86' lang='lat' dir='ltr'><em>agitata,</em></span> 
     </span>
     <span class='ocr_line' id='line_1_19' title="bbox 316 2371 1989 2464; baseline 0.002 -26"><span class='ocrx_word' id='word_1_214' title='bbox 316 2395 415 2456; x_wconf 91' lang='lat' dir='ltr'><em>quea</em></span> <span class='ocrx_word' id='word_1_215' title='bbox 439 2375 591 2439; x_wconf 85' lang='lat' dir='ltr'><em>iratribus</em></span> <span class='ocrx_word' id='word_1_216' title='bbox 615 2375 740 2449; x_wconf 77' lang='lat' dir='ltr'><em>nostriS,</em></span> <span class='ocrx_word' id='word_1_217' title='bbox 758 2371 903 2437; x_wconf 89' lang='lat' dir='ltr'><em>Goizone</em></span> <span class='ocrx_word' id='word_1_218' title='bbox 927 2374 1086 2450; x_wconf 88' lang='lat' dir='ltr'><em>videlicet,</em></span> <span class='ocrx_word' id='word_1_219' title='bbox 1111 2376 1297 2456; x_wconf 86' lang='lat' dir='ltr'><em>presbitero</em></span> <span class='ocrx_word' id='word_1_220' title='bbox 1322 2375 1476 2439; x_wconf 86' lang='lat' dir='ltr'><em>cardinali</em></span> <span class='ocrx_word' id='word_1_221' title='bbox 1492 2386 1606 2440; x_wconf 88' lang='lat' dir='ltr'><em>sancte</em></span> <span class='ocrx_word' id='word_1_222' title='bbox 1623 2378 1743 2442; x_wconf 91' lang='lat' dir='ltr'><em>Cecilie</em></span> <span class='ocrx_word' id='word_1_223' title='bbox 1761 2380 1797 2456; x_wconf 68' lang='grc' dir='ltr'><em>ι),</em></span> <span class='ocrx_word' id='word_1_224' title='bbox 1822 2378 1989 2464; x_wconf 87' lang='lat' dir='ltr'><em>Gregorio,</em></span> 
     </span>
     <span class='ocr_line' id='line_1_20' title="bbox 316 2461 1989 2546; baseline 0.003 -18"><span class='ocrx_word' id='word_1_225' title='bbox 316 2467 455 2529; x_wconf 91' lang='lat' dir='ltr'><em>diacono</em></span> <span class='ocrx_word' id='word_1_226' title='bbox 480 2464 633 2528; x_wconf 88' lang='lat' dir='ltr'><em>cardinali</em></span> <span class='ocrx_word' id='word_1_227' title='bbox 657 2471 845 2526; x_wconf 89' lang='lat' dir='ltr'><em>sanctorum</em></span> <span class='ocrx_word' id='word_1_228' title='bbox 870 2461 975 2546; x_wconf 83' lang='lat' dir='ltr'><em>Sergii</em></span> <span class='ocrx_word' id='word_1_229' title='bbox 1000 2473 1032 2527; x_wconf 95' lang='lat' dir='ltr'><em>et</em></span> <span class='ocrx_word' id='word_1_230' title='bbox 1056 2464 1156 2528; x_wconf 89' lang='lat' dir='ltr'><em>Bachi</em></span> <span class='ocrx_word' id='word_1_231' title='bbox 1173 2465 1211 2546; x_wconf 76' lang='lat'><em>⁵),</em></span> <span class='ocrx_word' id='word_1_232' title='bbox 1243 2475 1275 2528; x_wconf 93' lang='lat' dir='ltr'><em>et</em></span> <span class='ocrx_word' id='word_1_233' title='bbox 1300 2463 1461 2539; x_wconf 91' lang='lat' dir='ltr'><em>Guidone‚</em></span> <span class='ocrx_word' id='word_1_234' title='bbox 1492 2467 1639 2530; x_wconf 90' lang='lat' dir='ltr'><em>similiter</em></span> <span class='ocrx_word' id='word_1_235' title='bbox 1667 2469 1808 2532; x_wconf 90' lang='lat' dir='ltr'><em>diacono</em></span> <span class='ocrx_word' id='word_1_236' title='bbox 1841 2470 1989 2534; x_wconf 88' lang='lat' dir='ltr'><em>cardinali</em></span> 
     </span>
     <span class='ocr_line' id='line_1_21' title="bbox 316 2552 1989 2634; baseline 0.002 -16"><span class='ocrx_word' id='word_1_237' title='bbox 316 2563 502 2618; x_wconf 89' lang='lat' dir='ltr'><em>sanctorum</em></span> <span class='ocrx_word' id='word_1_238' title='bbox 527 2555 647 2619; x_wconf 90' lang='lat' dir='ltr'><em>Cosme</em></span> <span class='ocrx_word' id='word_1_239' title='bbox 671 2562 705 2616; x_wconf 93' lang='lat' dir='ltr'><em>et</em></span> <span class='ocrx_word' id='word_1_240' title='bbox 727 2552 934 2630; x_wconf 65' lang='lat' dir='ltr'><em>Damianit),</em></span> <span class='ocrx_word' id='word_1_241' title='bbox 968 2573 1010 2615; x_wconf 87' lang='lat' dir='ltr'><em>ex</em></span> <span class='ocrx_word' id='word_1_242' title='bbox 1042 2555 1198 2617; x_wconf 89' lang='lat' dir='ltr'><em>mandato</em></span> <span class='ocrx_word' id='word_1_243' title='bbox 1231 2563 1343 2618; x_wconf 91' lang='lat' dir='ltr'><em>nostro</em></span> <span class='ocrx_word' id='word_1_244' title='bbox 1375 2554 1440 2617; x_wconf 93' lang='lat' dir='ltr'><em>hoc</em></span> <span class='ocrx_word' id='word_1_245' title='bbox 1470 2557 1571 2619; x_wconf 92' lang='lat' dir='ltr'><em>modo</em></span> <span class='ocrx_word' id='word_1_246' title='bbox 1603 2566 1661 2634; x_wconf 91' lang='lat' dir='ltr'><em>est,</em></span> <span class='ocrx_word' id='word_1_247' title='bbox 1694 2559 1840 2622; x_wconf 90' lang='lat' dir='ltr'><em>dictante</em></span> <span class='ocrx_word' id='word_1_248' title='bbox 1863 2560 1989 2634; x_wconf 86' lang='lat' dir='ltr'><em>iustitia,</em></span> 
     </span>
     <span class='ocr_line' id='line_1_22' title="bbox 316 2641 1988 2726; baseline 0.002 -18"><span class='ocrx_word' id='word_1_249' title='bbox 316 2647 498 2708; x_wconf 88' lang='lat' dir='ltr'><em>terminata.</em></span> <span class='ocrx_word' id='word_1_250' title='bbox 538 2643 722 2706; x_wconf 86' lang='lat' dir='ltr'><em>Asserebas</em></span> <span class='ocrx_word' id='word_1_251' title='bbox 738 2651 848 2706; x_wconf 90' lang='lat' dir='ltr'><em>autem</em></span> <span class='ocrx_word' id='word_1_252' title='bbox 865 2651 908 2718; x_wconf 90' lang='lat' dir='ltr'><em>tu,</em></span> <span class='ocrx_word' id='word_1_253' title='bbox 925 2641 1064 2706; x_wconf 91' lang='lat' dir='ltr'><em>Alberte</em></span> <span class='ocrx_word' id='word_1_254' title='bbox 1080 2643 1193 2719; x_wconf 89' lang='lat' dir='ltr'><em>abbas,</em></span> <span class='ocrx_word' id='word_1_255' title='bbox 1210 2646 1300 2724; x_wconf 92' lang='lat' dir='ltr'><em>quod</em></span> <span class='ocrx_word' id='word_1_256' title='bbox 1317 2646 1465 2726; x_wconf 92' lang='lat' dir='ltr'><em>predicta</em></span> <span class='ocrx_word' id='word_1_257' title='bbox 1481 2645 1618 2709; x_wconf 85' lang='lat' dir='ltr'><em>ecclesia</em></span> <span class='ocrx_word' id='word_1_258' title='bbox 1635 2649 1666 2709; x_wconf 91' lang='lat' dir='ltr'><em>in</em></span> <span class='ocrx_word' id='word_1_259' title='bbox 1683 2647 1785 2710; x_wconf 80' lang='lat' dir='ltr'><em>fundo</em></span> <span class='ocrx_word' id='word_1_260' title='bbox 1803 2651 1988 2712; x_wconf 91' lang='lat' dir='ltr'><em>monasterii</em></span> 
     </span>
     <span class='ocr_line' id='line_1_23' title="bbox 316 2733 1988 2820; baseline 0.002 -22"><span class='ocrx_word' id='word_1_261' title='bbox 316 2736 362 2799; x_wconf 91' lang='lat' dir='ltr'><em>tui</em></span> <span class='ocrx_word' id='word_1_262' title='bbox 391 2735 452 2798; x_wconf 86' lang='lat' dir='ltr'><em>sita</em></span> <span class='ocrx_word' id='word_1_263' title='bbox 484 2734 532 2808; x_wconf 92' lang='lat' dir='ltr'><em>sit,</em></span> <span class='ocrx_word' id='word_1_264' title='bbox 564 2735 740 2816; x_wconf 89' lang='lat' dir='ltr'><em>episcopus</em></span> <span class='ocrx_word' id='word_1_265' title='bbox 771 2753 849 2796; x_wconf 90' lang='lat' dir='ltr'><em>vero</em></span> <span class='ocrx_word' id='word_1_266' title='bbox 882 2733 1114 2814; x_wconf 85' lang='lat' dir='ltr'><em>respondebat,</em></span> <span class='ocrx_word' id='word_1_267' title='bbox 1146 2735 1235 2814; x_wconf 91' lang='lat' dir='ltr'><em>quod</em></span> <span class='ocrx_word' id='word_1_268' title='bbox 1267 2734 1404 2797; x_wconf 89' lang='lat' dir='ltr'><em>abbates</em></span> <span class='ocrx_word' id='word_1_269' title='bbox 1427 2737 1531 2798; x_wconf 89' lang='lat' dir='ltr'><em>sancti</em></span> <span class='ocrx_word' id='word_1_270' title='bbox 1555 2737 1641 2799; x_wconf 90' lang='lat' dir='ltr'><em>Petri</em></span> <span class='ocrx_word' id='word_1_271' title='bbox 1666 2738 1828 2818; x_wconf 89' lang='lat' dir='ltr'><em>predium,</em></span> <span class='ocrx_word' id='word_1_272' title='bbox 1859 2741 1892 2800; x_wconf 91' lang='lat' dir='ltr'><em>in</em></span> <span class='ocrx_word' id='word_1_273' title='bbox 1925 2759 1988 2820; x_wconf 91' lang='lat' dir='ltr'><em>quo</em></span> 
     </span>
     <span class='ocr_line' id='line_1_24' title="bbox 316 2821 1988 2908; baseline 0.002 -22"><span class='ocrx_word' id='word_1_274' title='bbox 316 2825 450 2886; x_wconf 83' lang='lat' dir='ltr'><em>fundata</em></span> <span class='ocrx_word' id='word_1_275' title='bbox 482 2833 532 2886; x_wconf 90' lang='lat' dir='ltr'><em>est</em></span> <span class='ocrx_word' id='word_1_276' title='bbox 562 2822 697 2886; x_wconf 88' lang='lat' dir='ltr'><em>ecclesia</em></span> <span class='ocrx_word' id='word_1_277' title='bbox 727 2829 840 2885; x_wconf 89' lang='lat' dir='ltr'><em>sancte</em></span> <span class='ocrx_word' id='word_1_278' title='bbox 864 2822 1048 2904; x_wconf 88' lang='lat' dir='ltr'><em>Margarite,</em></span> <span class='ocrx_word' id='word_1_279' title='bbox 1081 2821 1142 2885; x_wconf 88' lang='lat' dir='ltr'><em>sub</em></span> <span class='ocrx_word' id='word_1_280' title='bbox 1174 2833 1263 2887; x_wconf 91' lang='lat' dir='ltr'><em>certa</em></span> <span class='ocrx_word' id='word_1_281' title='bbox 1294 2825 1450 2906; x_wconf 87' lang='lat' dir='ltr'><em>pensione</em></span> <span class='ocrx_word' id='word_1_282' title='bbox 1489 2828 1521 2887; x_wconf 92' lang='lat' dir='ltr'><em>in</em></span> <span class='ocrx_word' id='word_1_283' title='bbox 1558 2835 1753 2908; x_wconf 88' lang='lat' dir='ltr'><em>perpetuum</em></span> <span class='ocrx_word' id='word_1_284' title='bbox 1793 2827 1988 2890; x_wconf 88' lang='lat' dir='ltr'><em>locaverunt.</em></span> 
     </span>
     <span class='ocr_line' id='line_1_25' title="bbox 316 2912 1988 3002; baseline 0.002 -26"><span class='ocrx_word' id='word_1_285' title='bbox 316 2913 476 2977; x_wconf 86' lang='lat' dir='ltr'><em>Addebat</em></span> <span class='ocrx_word' id='word_1_286' title='bbox 499 2914 606 2988; x_wconf 90' lang='lat' dir='ltr'><em>etiam,</em></span> <span class='ocrx_word' id='word_1_287' title='bbox 640 2912 729 2992; x_wconf 92' lang='lat' dir='ltr'><em>quod</em></span> <span class='ocrx_word' id='word_1_288' title='bbox 762 2913 793 2974; x_wconf 91' lang='lat' dir='ltr'><em>in</em></span> <span class='ocrx_word' id='word_1_289' title='bbox 817 2912 959 2975; x_wconf 89' lang='lat' dir='ltr'><em>ecclesia</em></span> <span class='ocrx_word' id='word_1_290' title='bbox 981 2914 1083 2974; x_wconf 91' lang='lat' dir='ltr'><em>sancti</em></span> <span class='ocrx_word' id='word_1_291' title='bbox 1108 2912 1197 2975; x_wconf 90' lang='lat' dir='ltr'><em>Pauli</em></span> <span class='ocrx_word' id='word_1_292' title='bbox 1221 2915 1253 2976; x_wconf 92' lang='lat' dir='ltr'><em>in</em></span> <span class='ocrx_word' id='word_1_293' title='bbox 1280 2913 1448 2990; x_wconf 91' lang='lat' dir='ltr'><em>Citanova,</em></span> <span class='ocrx_word' id='word_1_294' title='bbox 1481 2933 1544 3002; x_wconf 76' lang='lat' dir='ltr'><em>que</em></span> <span class='ocrx_word' id='word_1_295' title='bbox 1568 2935 1586 2976; x_wconf 97' lang='lat' dir='ltr'><em>a</em></span> <span class='ocrx_word' id='word_1_296' title='bbox 1611 2916 1760 2996; x_wconf 92' lang='lat' dir='ltr'><em>predicto</em></span> <span class='ocrx_word' id='word_1_297' title='bbox 1792 2919 1988 2981; x_wconf 90' lang='lat' dir='ltr'><em>monasterio</em></span> 
     </span>
     <span class='ocr_line' id='line_1_26' title="bbox 316 2997 1988 3086; baseline 0.003 -21"><span class='ocrx_word' id='word_1_298' title='bbox 316 3005 513 3084; x_wconf 89' lang='lat' dir='ltr'><em>possidetur,</em></span> <span class='ocrx_word' id='word_1_299' title='bbox 543 3010 691 3084; x_wconf 85' lang='lat' dir='ltr'><em>quartam</em></span> <span class='ocrx_word' id='word_1_300' title='bbox 716 3009 842 3082; x_wconf 91' lang='lat' dir='ltr'><em>partem</em></span> <span class='ocrx_word' id='word_1_301' title='bbox 876 2997 1101 3086; x_wconf 66' lang='lat' dir='ltr'><em>[decilmarum</em></span> <span class='ocrx_word' id='word_1_302' title='bbox 1135 3009 1169 3064; x_wconf 91' lang='lat' dir='ltr'><em>et</em></span> <span class='ocrx_word' id='word_1_303' title='bbox 1193 3003 1396 3066; x_wconf 86' lang='lat' dir='ltr'><em>oblationum</em></span> <span class='ocrx_word' id='word_1_304' title='bbox 1428 3003 1527 3066; x_wconf 91' lang='lat' dir='ltr'><em>vellet</em></span> <span class='ocrx_word' id='word_1_305' title='bbox 1551 3003 1728 3086; x_wconf 91' lang='lat' dir='ltr'><em>episcopali</em></span> <span class='ocrx_word' id='word_1_306' title='bbox 1759 3007 1828 3069; x_wconf 87' lang='lat' dir='ltr'><em>iure</em></span> <span class='ocrx_word' id='word_1_307' title='bbox 1859 3006 1988 3070; x_wconf 89' lang='lat' dir='ltr'><em>habere.</em></span> 
     </span>
     <span class='ocr_line' id='line_1_27' title="bbox 316 3090 1987 3175; baseline 0.002 -21"><span class='ocrx_word' id='word_1_308' title='bbox 316 3092 448 3154; x_wconf 90' lang='lat' dir='ltr'><em>Auditis</em></span> <span class='ocrx_word' id='word_1_309' title='bbox 473 3095 583 3172; x_wconf 91' lang='lat' dir='ltr'><em>itaque</em></span> <span class='ocrx_word' id='word_1_310' title='bbox 606 3093 774 3169; x_wconf 86' lang='lat' dir='ltr'><em>utriusque</em></span> <span class='ocrx_word' id='word_1_311' title='bbox 799 3093 900 3173; x_wconf 89' lang='lat' dir='ltr'><em>partis</em></span> <span class='ocrx_word' id='word_1_312' title='bbox 924 3090 1103 3153; x_wconf 91' lang='lat' dir='ltr'><em>rationibus</em></span> <span class='ocrx_word' id='word_1_313' title='bbox 1136 3099 1169 3154; x_wconf 90' lang='lat' dir='ltr'><em>et</em></span> <span class='ocrx_word' id='word_1_314' title='bbox 1196 3092 1371 3175; x_wconf 87' lang='lat' dir='ltr'><em>diligenter</em></span> <span class='ocrx_word' id='word_1_315' title='bbox 1401 3093 1568 3174; x_wconf 91' lang='lat' dir='ltr'><em>inquisitis,</em></span> <span class='ocrx_word' id='word_1_316' title='bbox 1600 3094 1717 3175; x_wconf 82' lang='lat' dir='ltr'><em>prefati</em></span> <span class='ocrx_word' id='word_1_317' title='bbox 1749 3094 1865 3158; x_wconf 85' lang='lat' dir='ltr'><em>iratres</em></span> <span class='ocrx_word' id='word_1_318' title='bbox 1889 3098 1987 3159; x_wconf 90' lang='lat' dir='ltr'><em>nostri</em></span> 
     </span>
     <span class='ocr_line' id='line_1_28' title="bbox 316 3180 1988 3265; baseline 0.002 -20"><span class='ocrx_word' id='word_1_319' title='bbox 316 3183 459 3263; x_wconf 90' lang='lat' dir='ltr'><em>equitate</em></span> <span class='ocrx_word' id='word_1_320' title='bbox 484 3182 591 3244; x_wconf 88' lang='lat' dir='ltr'><em>media</em></span> <span class='ocrx_word' id='word_1_321' title='bbox 614 3188 804 3255; x_wconf 89' lang='lat' dir='ltr'><em>statuerunt,</em></span> <span class='ocrx_word' id='word_1_322' title='bbox 827 3180 976 3259; x_wconf 89' lang='lat' dir='ltr'><em>quatinus</em></span> <span class='ocrx_word' id='word_1_323' title='bbox 1000 3181 1042 3243; x_wconf 90' lang='lat' dir='ltr'><em>de</em></span> <span class='ocrx_word' id='word_1_324' title='bbox 1066 3181 1205 3245; x_wconf 89' lang='lat' dir='ltr'><em>ecclesia</em></span> <span class='ocrx_word' id='word_1_325' title='bbox 1229 3192 1340 3246; x_wconf 89' lang='lat' dir='ltr'><em>sancte</em></span> <span class='ocrx_word' id='word_1_326' title='bbox 1365 3185 1540 3265; x_wconf 89' lang='lat' dir='ltr'><em>Margarite</em></span> <span class='ocrx_word' id='word_1_327' title='bbox 1564 3184 1761 3247; x_wconf 89' lang='lat' dir='ltr'><em>monasterio</em></span> <span class='ocrx_word' id='word_1_328' title='bbox 1784 3186 1887 3248; x_wconf 86' lang='lat' dir='ltr'><em>sancti</em></span> <span class='ocrx_word' id='word_1_329' title='bbox 1907 3186 1988 3249; x_wconf 90' lang='lat' dir='ltr'><em>Petri</em></span> 
     </span>
     <span class='ocr_line' id='line_1_29' title="bbox 315 3269 1987 3355; baseline 0.002 -21"><span class='ocrx_word' id='word_1_330' title='bbox 315 3293 376 3334; x_wconf 83' lang='lat' dir='ltr'><em>sex</em></span> <span class='ocrx_word' id='word_1_331' title='bbox 399 3272 550 3334; x_wconf 90' lang='lat' dir='ltr'><em>denarios</em></span> <span class='ocrx_word' id='word_1_332' title='bbox 574 3269 657 3332; x_wconf 92' lang='lat' dir='ltr'><em>ultra</em></span> <span class='ocrx_word' id='word_1_333' title='bbox 680 3269 809 3332; x_wconf 87' lang='lat' dir='ltr'><em>solitam</em></span> <span class='ocrx_word' id='word_1_334' title='bbox 834 3270 1033 3351; x_wconf 89' lang='lat' dir='ltr'><em>pensionem,</em></span> <span class='ocrx_word' id='word_1_335' title='bbox 1058 3292 1155 3353; x_wconf 91' lang='lat' dir='ltr'><em>quam</em></span> <span class='ocrx_word' id='word_1_336' title='bbox 1181 3272 1268 3355; x_wconf 91' lang='lat' dir='ltr'><em>prius</em></span> <span class='ocrx_word' id='word_1_337' title='bbox 1292 3274 1334 3335; x_wconf 91' lang='lat' dir='ltr'><em>de</em></span> <span class='ocrx_word' id='word_1_338' title='bbox 1358 3282 1451 3346; x_wconf 90' lang='lat' dir='ltr'><em>terra,</em></span> <span class='ocrx_word' id='word_1_339' title='bbox 1475 3275 1507 3334; x_wconf 93' lang='lat' dir='ltr'><em>in</em></span> <span class='ocrx_word' id='word_1_340' title='bbox 1532 3293 1596 3354; x_wconf 90' lang='lat' dir='ltr'><em>qua</em></span> <span class='ocrx_word' id='word_1_341' title='bbox 1620 3273 1756 3336; x_wconf 81' lang='lat' dir='ltr'><em>lundata</em></span> <span class='ocrx_word' id='word_1_342' title='bbox 1777 3283 1827 3336; x_wconf 89' lang='lat' dir='ltr'><em>est</em></span> <span class='ocrx_word' id='word_1_343' title='bbox 1842 3276 1987 3350; x_wconf 85' lang='lat' dir='ltr'><em>ecclesia,</em></span> 
     </span>
     <span class='ocr_line' id='line_1_30' title="bbox 315 3359 1986 3445; baseline 0.001 -21"><span class='ocrx_word' id='word_1_344' title='bbox 315 3360 468 3436; x_wconf 88' lang='lat' dir='ltr'><em>habebat,</em></span> <span class='ocrx_word' id='word_1_345' title='bbox 492 3360 653 3445; x_wconf 90' lang='lat' dir='ltr'><em>presbiter</em></span> <span class='ocrx_word' id='word_1_346' title='bbox 677 3359 822 3422; x_wconf 89' lang='lat' dir='ltr'><em>eiusdem</em></span> <span class='ocrx_word' id='word_1_347' title='bbox 848 3360 986 3423; x_wconf 89' lang='lat' dir='ltr'><em>ecclesie</em></span> <span class='ocrx_word' id='word_1_348' title='bbox 1010 3361 1040 3422; x_wconf 91' lang='lat' dir='ltr'><em>in</em></span> <span class='ocrx_word' id='word_1_349' title='bbox 1064 3364 1288 3443; x_wconf 85' lang='lat' dir='ltr'><em>assumptione</em></span> <span class='ocrx_word' id='word_1_350' title='bbox 1311 3368 1423 3425; x_wconf 91' lang='lat' dir='ltr'><em>sancte</em></span> <span class='ocrx_word' id='word_1_351' title='bbox 1440 3363 1544 3425; x_wconf 90' lang='lat' dir='ltr'><em>Marie</em></span> <span class='ocrx_word' id='word_1_352' title='bbox 1560 3362 1692 3444; x_wconf 90' lang='lat' dir='ltr'><em>singulis</em></span> <span class='ocrx_word' id='word_1_353' title='bbox 1708 3366 1800 3427; x_wconf 90' lang='lat' dir='ltr'><em>annis</em></span> <span class='ocrx_word' id='word_1_354' title='bbox 1817 3363 1986 3445; x_wconf 82' lang='lat' dir='ltr'><em>persolvat</em></span> 
     </span>
     <span class='ocr_line' id='line_1_31' title="bbox 316 3448 1986 3538; baseline 0.002 -25"><span class='ocrx_word' id='word_1_355' title='bbox 316 3451 487 3526; x_wconf 85' lang='lat' dir='ltr'><em>Ceterum,</em></span> <span class='ocrx_word' id='word_1_356' title='bbox 519 3451 594 3530; x_wconf 86' lang='lat' dir='ltr'><em>quia</em></span> <span class='ocrx_word' id='word_1_357' title='bbox 619 3451 795 3530; x_wconf 90' lang='lat' dir='ltr'><em>episcopus</em></span> <span class='ocrx_word' id='word_1_358' title='bbox 826 3449 858 3511; x_wconf 91' lang='lat' dir='ltr'><em>in</em></span> <span class='ocrx_word' id='word_1_359' title='bbox 881 3449 952 3512; x_wconf 90' lang='lat' dir='ltr'><em>aliis</em></span> <span class='ocrx_word' id='word_1_360' title='bbox 976 3449 1111 3530; x_wconf 89' lang='lat' dir='ltr'><em>capellis</em></span> <span class='ocrx_word' id='word_1_361' title='bbox 1135 3459 1283 3530; x_wconf 88' lang='lat' dir='ltr'><em>quartam</em></span> <span class='ocrx_word' id='word_1_362' title='bbox 1317 3461 1444 3535; x_wconf 90' lang='lat' dir='ltr'><em>partem</em></span> <span class='ocrx_word' id='word_1_363' title='bbox 1469 3448 1679 3538; x_wconf 89' lang='lat' dir='ltr'><em>decima[rum</em></span> <span class='ocrx_word' id='word_1_364' title='bbox 1705 3448 1750 3538; x_wconf 88' lang='lat' dir='ltr'><em>et]</em></span> <span class='ocrx_word' id='word_1_365' title='bbox 1785 3453 1986 3516; x_wconf 87' lang='lat' dir='ltr'><em>oblationum</em></span> 
     </span>
     <span class='ocr_line' id='line_1_32' title="bbox 315 3539 1989 3624; baseline 0.002 -21"><span class='ocrx_word' id='word_1_366' title='bbox 315 3562 378 3604; x_wconf 91' lang='lat' dir='ltr'><em>non</em></span> <span class='ocrx_word' id='word_1_367' title='bbox 402 3539 559 3614; x_wconf 89' lang='lat' dir='ltr'><em>habebat,</em></span> <span class='ocrx_word' id='word_1_368' title='bbox 583 3547 788 3614; x_wconf 88' lang='lat' dir='ltr'><em>censuerunt,</em></span> <span class='ocrx_word' id='word_1_369' title='bbox 820 3547 854 3600; x_wconf 92' lang='lat' dir='ltr'><em>ut</em></span> <span class='ocrx_word' id='word_1_370' title='bbox 885 3539 976 3620; x_wconf 94' lang='lat' dir='ltr'><em>quod</em></span> <span class='ocrx_word' id='word_1_371' title='bbox 999 3539 1171 3620; x_wconf 91' lang='lat' dir='ltr'><em>presbiteri</em></span> <span class='ocrx_word' id='word_1_372' title='bbox 1204 3541 1338 3604; x_wconf 83' lang='lat' dir='ltr'><em>aliarum</em></span> <span class='ocrx_word' id='word_1_373' title='bbox 1372 3541 1572 3623; x_wconf 87' lang='lat' dir='ltr'><em>capellarum</em></span> <span class='ocrx_word' id='word_1_374' title='bbox 1605 3562 1665 3624; x_wconf 91' lang='lat' dir='ltr'><em>pro</em></span> <span class='ocrx_word' id='word_1_375' title='bbox 1697 3545 1989 3624; x_wconf 86' lang='lat' dir='ltr'><em>reconpensatione</em></span> 
     </span>
     <span class='ocr_line' id='line_1_33' title="bbox 314 3627 1987 3718; baseline 0.002 -26"><span class='ocrx_word' id='word_1_376' title='bbox 314 3632 512 3694; x_wconf 90' lang='lat' dir='ltr'><em>decimarum</em></span> <span class='ocrx_word' id='word_1_377' title='bbox 537 3637 570 3692; x_wconf 89' lang='lat' dir='ltr'><em>et</em></span> <span class='ocrx_word' id='word_1_378' title='bbox 593 3627 793 3691; x_wconf 88' lang='lat' dir='ltr'><em>oblationum</em></span> <span class='ocrx_word' id='word_1_379' title='bbox 819 3629 977 3711; x_wconf 91' lang='lat' dir='ltr'><em>episcopo</em></span> <span class='ocrx_word' id='word_1_380' title='bbox 1002 3629 1129 3715; x_wconf 77' lang='lat' dir='ltr'><em>faciunt,</em></span> <span class='ocrx_word' id='word_1_381' title='bbox 1153 3630 1217 3692; x_wconf 95' lang='lat' dir='ltr'><em>hoc</em></span> <span class='ocrx_word' id='word_1_382' title='bbox 1234 3631 1321 3693; x_wconf 87' lang='lat' dir='ltr'><em>idem</em></span> <span class='ocrx_word' id='word_1_383' title='bbox 1347 3629 1543 3713; x_wconf 88' lang='lat' dir='ltr'><em>capellanus,</em></span> <span class='ocrx_word' id='word_1_384' title='bbox 1567 3631 1621 3712; x_wconf 91' lang='lat' dir='ltr'><em>qui</em></span> <span class='ocrx_word' id='word_1_385' title='bbox 1645 3633 1677 3694; x_wconf 92' lang='lat' dir='ltr'><em>in</em></span> <span class='ocrx_word' id='word_1_386' title='bbox 1703 3627 1862 3718; x_wconf 89' lang='lat' dir='ltr'><em>[ecclesia]</em></span> <span class='ocrx_word' id='word_1_387' title='bbox 1887 3635 1987 3695; x_wconf 90' lang='lat' dir='ltr'><em>sancti</em></span> 
     </span>
     <span class='ocr_line' id='line_1_34' title="bbox 313 3718 1987 3802; baseline 0 -18"><span class='ocrx_word' id='word_1_388' title='bbox 313 3721 402 3785; x_wconf 89' lang='lat' dir='ltr'><em>Pauli</em></span> <span class='ocrx_word' id='word_1_389' title='bbox 425 3741 485 3802; x_wconf 92' lang='lat' dir='ltr'><em>per</em></span> <span class='ocrx_word' id='word_1_390' title='bbox 507 3720 663 3782; x_wconf 88' lang='lat' dir='ltr'><em>abbatem</em></span> <span class='ocrx_word' id='word_1_391' title='bbox 683 3722 711 3794; x_wconf 73' lang='lat' dir='ltr'><em>a)</em></span> <span class='ocrx_word' id='word_1_392' title='bbox 735 3719 838 3781; x_wconf 90' lang='lat' dir='ltr'><em>sancti</em></span> <span class='ocrx_word' id='word_1_393' title='bbox 862 3718 947 3781; x_wconf 90' lang='lat' dir='ltr'><em>Petri</em></span> <span class='ocrx_word' id='word_1_394' title='bbox 973 3740 1034 3801; x_wconf 94' lang='lat' dir='ltr'><em>pro</em></span> <span class='ocrx_word' id='word_1_395' title='bbox 1058 3727 1209 3801; x_wconf 90' lang='lat' dir='ltr'><em>tempore</em></span> <span class='ocrx_word' id='word_1_396' title='bbox 1233 3720 1337 3794; x_wconf 87' lang='lat' dir='ltr'><em>suerit,</em></span> <span class='ocrx_word' id='word_1_397' title='bbox 1360 3722 1449 3783; x_wconf 89' lang='lat' dir='ltr'><em>iuxta</em></span> <span class='ocrx_word' id='word_1_398' title='bbox 1474 3719 1663 3784; x_wconf 86' lang='lat' dir='ltr'><em>facultatem</em></span> <span class='ocrx_word' id='word_1_399' title='bbox 1688 3721 1835 3797; x_wconf 89' lang='lat' dir='ltr'><em>ecclesie,</em></span> <span class='ocrx_word' id='word_1_400' title='bbox 1864 3731 1987 3786; x_wconf 88' lang='lat' dir='ltr'><em>remota</em></span> 
     </span>
     <span class='ocr_line' id='line_1_35' title="bbox 313 3808 1988 3893; baseline 0.001 -21"><span class='ocrx_word' id='word_1_401' title='bbox 313 3809 420 3889; x_wconf 92' lang='lat' dir='ltr'><em>aliqua</em></span> <span class='ocrx_word' id='word_1_402' title='bbox 444 3810 533 3892; x_wconf 87' lang='lat' dir='ltr'><em>gravi</em></span> <span class='ocrx_word' id='word_1_403' title='bbox 556 3809 737 3881; x_wconf 90' lang='lat' dir='ltr'><em>exactione,</em></span> <span class='ocrx_word' id='word_1_404' title='bbox 762 3810 921 3889; x_wconf 91' lang='lat' dir='ltr'><em>episcopo</em></span> <span class='ocrx_word' id='word_1_405' title='bbox 945 3808 1052 3883; x_wconf 85' lang='lat' dir='ltr'><em>saciat,</em></span> <span class='ocrx_word' id='word_1_406' title='bbox 1076 3829 1150 3871; x_wconf 89' lang='lat' dir='ltr'><em>cum</em></span> <span class='ocrx_word' id='word_1_407' title='bbox 1173 3809 1215 3872; x_wconf 91' lang='lat' dir='ltr'><em>ad</em></span> <span class='ocrx_word' id='word_1_408' title='bbox 1232 3810 1381 3872; x_wconf 85' lang='lat' dir='ltr'><em>sinodum</em></span> <span class='ocrx_word' id='word_1_409' title='bbox 1402 3811 1551 3873; x_wconf 89' lang='lat' dir='ltr'><em>Romane</em></span> <span class='ocrx_word' id='word_1_410' title='bbox 1575 3810 1710 3874; x_wconf 88' lang='lat' dir='ltr'><em>ecclesie</em></span> <span class='ocrx_word' id='word_1_411' title='bbox 1733 3813 1866 3874; x_wconf 88' lang='lat' dir='ltr'><em>venerit.</em></span> <span class='ocrx_word' id='word_1_412' title='bbox 1913 3813 1988 3893; x_wconf 89' lang='lat' dir='ltr'><em>Epi·</em></span> 
     </span>
     <span class='ocr_line' id='line_1_36' title="bbox 313 3894 1988 3985; baseline 0.001 -24"><span class='ocrx_word' id='word_1_413' title='bbox 313 3920 433 3982; x_wconf 89' lang='lat' dir='ltr'><em>scopus</em></span> <span class='ocrx_word' id='word_1_414' title='bbox 466 3895 598 3985; x_wconf 86' lang='lat' dir='ltr'><em>[autem]</em></span> <span class='ocrx_word' id='word_1_415' title='bbox 631 3895 864 3979; x_wconf 86' lang='lat' dir='ltr'><em>parrochianos</em></span> <span class='ocrx_word' id='word_1_416' title='bbox 895 3898 1040 3961; x_wconf 90' lang='lat' dir='ltr'><em>eiusdem</em></span> <span class='ocrx_word' id='word_1_417' title='bbox 1061 3894 1090 3982; x_wconf 83' lang='lat' dir='ltr'><em>b)</em></span> <span class='ocrx_word' id='word_1_418' title='bbox 1121 3898 1257 3962; x_wconf 90' lang='lat' dir='ltr'><em>ecclesie</em></span> <span class='ocrx_word' id='word_1_419' title='bbox 1287 3919 1347 3962; x_wconf 90' lang='lat' dir='ltr'><em>suo</em></span> <span class='ocrx_word' id='word_1_420' title='bbox 1379 3899 1491 3961; x_wconf 89' lang='lat' dir='ltr'><em>osficio</em></span> <span class='ocrx_word' id='word_1_421' title='bbox 1525 3906 1639 3982; x_wconf 90' lang='lat' dir='ltr'><em>cogat,</em></span> <span class='ocrx_word' id='word_1_422' title='bbox 1671 3921 1711 3964; x_wconf 96' lang='lat' dir='ltr'><em>ne</em></span> <span class='ocrx_word' id='word_1_423' title='bbox 1744 3901 1900 3983; x_wconf 89' lang='lat' dir='ltr'><em>personis,</em></span> <span class='ocrx_word' id='word_1_424' title='bbox 1932 3921 1988 3983; x_wconf 91' lang='lat' dir='ltr'><em>per</em></span> 
     </span>
     <span class='ocr_line' id='line_1_37' title="bbox 313 3987 1987 4069; baseline 0 -17"><span class='ocrx_word' id='word_1_425' title='bbox 313 3989 469 4052; x_wconf 90' lang='lat' dir='ltr'><em>abbatem</em></span> <span class='ocrx_word' id='word_1_426' title='bbox 485 3991 587 4051; x_wconf 90' lang='lat' dir='ltr'><em>sancti</em></span> <span class='ocrx_word' id='word_1_427' title='bbox 605 3988 689 4050; x_wconf 91' lang='lat' dir='ltr'><em>Petri</em></span> <span class='ocrx_word' id='word_1_428' title='bbox 706 3987 784 4050; x_wconf 91' lang='lat' dir='ltr'><em>inibi</em></span> <span class='ocrx_word' id='word_1_429' title='bbox 801 3987 923 4069; x_wconf 72' lang='lat' dir='ltr'><em>positis</em></span> <span class='ocrx_word' id='word_1_430' title='bbox 947 3987 1089 4067; x_wconf 89' lang='lat' dir='ltr'><em>aliquam</em></span> <span class='ocrx_word' id='word_1_431' title='bbox 1114 3989 1261 4052; x_wconf 91' lang='lat' dir='ltr'><em>iniuriam</em></span> <span class='ocrx_word' id='word_1_432' title='bbox 1278 3988 1331 4051; x_wconf 91' lang='lat' dir='ltr'><em>vel</em></span> <span class='ocrx_word' id='word_1_433' title='bbox 1351 3987 1539 4051; x_wconf 90' lang='lat' dir='ltr'><em>violentiam</em></span> <span class='ocrx_word' id='word_1_434' title='bbox 1559 3989 1704 4065; x_wconf 88' lang='lat' dir='ltr'><em>inserant,</em></span> <span class='ocrx_word' id='word_1_435' title='bbox 1728 4010 1789 4053; x_wconf 93' lang='lat' dir='ltr'><em>nec</em></span> <span class='ocrx_word' id='word_1_436' title='bbox 1812 3991 1854 4052; x_wconf 92' lang='lat' dir='ltr'><em>de</em></span> <span class='ocrx_word' id='word_1_437' title='bbox 1878 3999 1987 4054; x_wconf 90' lang='lat' dir='ltr'><em>cetero</em></span> 
     </span>
     <span class='ocr_line' id='line_1_38' title="bbox 313 4071 1986 4163; baseline 0 -20"><span class='ocrx_word' id='word_1_438' title='bbox 313 4080 488 4162; x_wconf 89' lang='lat' dir='ltr'><em>episcopus</em></span> <span class='ocrx_word' id='word_1_439' title='bbox 518 4078 570 4140; x_wconf 89' lang='lat' dir='ltr'><em>vel</em></span> <span class='ocrx_word' id='word_1_440' title='bbox 600 4071 709 4161; x_wconf 90' lang='lat' dir='ltr'><em>vi[cini</em></span> <span class='ocrx_word' id='word_1_441' title='bbox 740 4077 934 4140; x_wconf 91' lang='lat' dir='ltr'><em>interdicant</em></span> <span class='ocrx_word' id='word_1_442' title='bbox 963 4075 1043 4163; x_wconf 91' lang='lat' dir='ltr'><em>sive]</em></span> <span class='ocrx_word' id='word_1_443' title='bbox 1077 4077 1274 4160; x_wconf 89' lang='lat' dir='ltr'><em>prohibeant</em></span> <span class='ocrx_word' id='word_1_444' title='bbox 1305 4078 1434 4153; x_wconf 90' lang='lat' dir='ltr'><em>abbati,</em></span> <span class='ocrx_word' id='word_1_445' title='bbox 1467 4079 1647 4161; x_wconf 89' lang='lat' dir='ltr'><em>predictam</em></span> <span class='ocrx_word' id='word_1_446' title='bbox 1680 4079 1849 4142; x_wconf 91' lang='lat' dir='ltr'><em>ecclesiam</em></span> <span class='ocrx_word' id='word_1_447' title='bbox 1883 4082 1986 4143; x_wconf 89' lang='lat' dir='ltr'><em>sancti</em></span> 
     </span>
     <span class='ocr_line' id='line_1_39' title="bbox 313 4165 1986 4250; baseline 0 -18"><span class='ocrx_word' id='word_1_448' title='bbox 313 4169 400 4232; x_wconf 88' lang='lat' dir='ltr'><em>Pauli</em></span> <span class='ocrx_word' id='word_1_449' title='bbox 433 4189 492 4250; x_wconf 91' lang='lat' dir='ltr'><em>per</em></span> <span class='ocrx_word' id='word_1_450' title='bbox 522 4165 702 4230; x_wconf 91' lang='lat' dir='ltr'><em>monachos</em></span> <span class='ocrx_word' id='word_1_451' title='bbox 733 4174 766 4228; x_wconf 89' lang='lat' dir='ltr'><em>et</em></span> <span class='ocrx_word' id='word_1_452' title='bbox 796 4166 930 4228; x_wconf 90' lang='lat' dir='ltr'><em>clericos</em></span> <span class='ocrx_word' id='word_1_453' title='bbox 962 4187 1039 4230; x_wconf 87' lang='lat' dir='ltr'><em>suos</em></span> <span class='ocrx_word' id='word_1_454' title='bbox 1070 4168 1231 4230; x_wconf 88' lang='lat' dir='ltr'><em>ordinare.</em></span> <span class='ocrx_word' id='word_1_455' title='bbox 1276 4168 1429 4231; x_wconf 90' lang='lat' dir='ltr'><em>Preterea</em></span> <span class='ocrx_word' id='word_1_456' title='bbox 1460 4169 1502 4231; x_wconf 91' lang='lat' dir='ltr'><em>de</em></span> <span class='ocrx_word' id='word_1_457' title='bbox 1535 4168 1693 4232; x_wconf 90' lang='lat' dir='ltr'><em>mutando</em></span> <span class='ocrx_word' id='word_1_458' title='bbox 1725 4169 1926 4233; x_wconf 88' lang='lat' dir='ltr'><em>monasterio</em></span> <span class='ocrx_word' id='word_1_459' title='bbox 1957 4171 1986 4232; x_wconf 91' lang='lat' dir='ltr'><em>in</em></span> 
     </span>
     <span class='ocr_line' id='line_1_40' title="bbox 312 4253 1986 4340; baseline -0.001 -18"><span class='ocrx_word' id='word_1_460' title='bbox 312 4261 419 4323; x_wconf 91' lang='lat' dir='ltr'><em>locum</em></span> <span class='ocrx_word' id='word_1_461' title='bbox 453 4257 560 4331; x_wconf 90' lang='lat' dir='ltr'><em>illurn,</em></span> <span class='ocrx_word' id='word_1_462' title='bbox 590 4256 623 4318; x_wconf 90' lang='lat' dir='ltr'><em>in</em></span> <span class='ocrx_word' id='word_1_463' title='bbox 656 4276 722 4336; x_wconf 90' lang='lat' dir='ltr'><em>quo</em></span> <span class='ocrx_word' id='word_1_464' title='bbox 753 4255 898 4336; x_wconf 87' lang='lat' dir='ltr'><em>prefatus</em></span> <span class='ocrx_word' id='word_1_465' title='bbox 922 4253 1034 4331; x_wconf 91' lang='lat' dir='ltr'><em>Goizo,</em></span> <span class='ocrx_word' id='word_1_466' title='bbox 1068 4257 1239 4320; x_wconf 90' lang='lat' dir='ltr'><em>cardinalis</em></span> <span class='ocrx_word' id='word_1_467' title='bbox 1269 4266 1383 4320; x_wconf 89' lang='lat' dir='ltr'><em>sancte</em></span> <span class='ocrx_word' id='word_1_468' title='bbox 1407 4256 1546 4334; x_wconf 89' lang='lat' dir='ltr'><em>Cecilie,</em></span> <span class='ocrx_word' id='word_1_469' title='bbox 1578 4267 1655 4320; x_wconf 90' lang='lat' dir='ltr'><em>tunc</em></span> <span class='ocrx_word' id='word_1_470' title='bbox 1685 4258 1870 4340; x_wconf 89' lang='lat' dir='ltr'><em>apostolice</em></span> <span class='ocrx_word' id='word_1_471' title='bbox 1901 4261 1986 4322; x_wconf 90' lang='lat' dir='ltr'><em>sedis</em></span> 
     </span>
     <span class='ocr_line' id='line_1_41' title="bbox 315 4344 1987 4434; baseline -0.001 -24"><span class='ocrx_word' id='word_1_472' title='bbox 315 4344 475 4434; x_wconf 78' lang='lat' dir='ltr'><em>[legatus]‚</em></span> <span class='ocrx_word' id='word_1_473' title='bbox 499 4365 628 4408; x_wconf 89' lang='lat' dir='ltr'><em>crucem</em></span> <span class='ocrx_word' id='word_1_474' title='bbox 653 4347 773 4426; x_wconf 88' lang='lat' dir='ltr'><em>posuit,</em></span> <span class='ocrx_word' id='word_1_475' title='bbox 797 4346 978 4418; x_wconf 72' lang='lat' dir='ltr'><em>statuimus</em></span> <span class='ocrx_word' id='word_1_476' title='bbox 1011 4354 1053 4422; x_wconf 91' lang='lat' dir='ltr'><em>ut,</em></span> <span class='ocrx_word' id='word_1_477' title='bbox 1084 4347 1109 4408; x_wconf 90' lang='lat' dir='ltr'><em>si</em></span> <span class='ocrx_word' id='word_1_478' title='bbox 1139 4347 1314 4428; x_wconf 89' lang='lat' dir='ltr'><em>episcopus</em></span> <span class='ocrx_word' id='word_1_479' title='bbox 1338 4356 1456 4410; x_wconf 89' lang='lat' dir='ltr'><em>terram</em></span> <span class='ocrx_word' id='word_1_480' title='bbox 1485 4347 1572 4410; x_wconf 91' lang='lat' dir='ltr'><em>illam</em></span> <span class='ocrx_word' id='word_1_481' title='bbox 1597 4350 1646 4410; x_wconf 92' lang='lat' dir='ltr'><em>sui</em></span> <span class='ocrx_word' id='word_1_482' title='bbox 1671 4349 1747 4410; x_wconf 91' lang='lat' dir='ltr'><em>iuris</em></span> <span class='ocrx_word' id='word_1_483' title='bbox 1772 4368 1843 4411; x_wconf 88' lang='lat' dir='ltr'><em>esse</em></span> <span class='ocrx_word' id='word_1_484' title='bbox 1868 4349 1987 4430; x_wconf 89' lang='lat' dir='ltr'><em>poterit</em></span> 
     </span>
     <span class='ocr_line' id='line_1_42' title="bbox 313 4435 1986 4520; baseline 0.001 -20"><span class='ocrx_word' id='word_1_485' title='bbox 313 4439 498 4506; x_wconf 82' lang='lat' dir='ltr'><em>ostendere,</em></span> <span class='ocrx_word' id='word_1_486' title='bbox 531 4436 824 4496; x_wconf 89' lang='lat' dir='ltr'><em>commutationem</em></span> <span class='ocrx_word' id='word_1_487' title='bbox 848 4435 1039 4497; x_wconf 88' lang='lat' dir='ltr'><em>tantundem</em></span> <span class='ocrx_word' id='word_1_488' title='bbox 1063 4435 1224 4498; x_wconf 88' lang='lat' dir='ltr'><em>valentem</em></span> <span class='ocrx_word' id='word_1_489' title='bbox 1249 4437 1324 4500; x_wconf 90' lang='lat' dir='ltr'><em>alibi</em></span> <span class='ocrx_word' id='word_1_490' title='bbox 1349 4458 1368 4499; x_wconf 92' lang='lat' dir='ltr'><em>a</em></span> <span class='ocrx_word' id='word_1_491' title='bbox 1392 4439 1589 4500; x_wconf 90' lang='lat' dir='ltr'><em>monasterio</em></span> <span class='ocrx_word' id='word_1_492' title='bbox 1621 4438 1765 4520; x_wconf 90' lang='lat' dir='ltr'><em>recipiat.</em></span> <span class='ocrx_word' id='word_1_493' title='bbox 1812 4436 1986 4501; x_wconf 89' lang='lat' dir='ltr'><em>Addentes</em></span> 
     </span>
     <span class='ocr_line' id='line_1_43' title="bbox 313 4520 1986 4616; baseline -0.001 -25"><span class='ocrx_word' id='word_1_494' title='bbox 313 4525 423 4614; x_wconf 87' lang='lat' dir='ltr'><em>et[iam</em></span> <span class='ocrx_word' id='word_1_495' title='bbox 449 4520 682 4609; x_wconf 65' lang='lat' dir='ltr'><em>prohibemus]</em></span> <span class='ocrx_word' id='word_1_496' title='bbox 712 4523 800 4586; x_wconf 92' lang='lat' dir='ltr'><em>utin</em></span> <span class='ocrx_word' id='word_1_497' title='bbox 824 4523 997 4605; x_wconf 89' lang='lat' dir='ltr'><em>parrochia</em></span> <span class='ocrx_word' id='word_1_498' title='bbox 1018 4527 1119 4588; x_wconf 90' lang='lat' dir='ltr'><em>sancti</em></span> <span class='ocrx_word' id='word_1_499' title='bbox 1142 4525 1231 4588; x_wconf 90' lang='lat' dir='ltr'><em>Pauli</em></span> <span class='ocrx_word' id='word_1_500' title='bbox 1256 4527 1287 4588; x_wconf 91' lang='lat' dir='ltr'><em>in</em></span> <span class='ocrx_word' id='word_1_501' title='bbox 1311 4527 1491 4608; x_wconf 89' lang='lat' dir='ltr'><em>dampnum</em></span> <span class='ocrx_word' id='word_1_502' title='bbox 1516 4529 1617 4608; x_wconf 91' lang='lat' dir='ltr'><em>ipsius</em></span> <span class='ocrx_word' id='word_1_503' title='bbox 1641 4527 1730 4590; x_wconf 91' lang='lat' dir='ltr'><em>nulla</em></span> <span class='ocrx_word' id='word_1_504' title='bbox 1752 4527 1890 4616; x_wconf 68' lang='lat' dir='ltr'><em>ecclesia</em></span> <span class='ocrx_word' id='word_1_505' title='bbox 1914 4549 1986 4591; x_wconf 91' lang='lat' dir='ltr'><em>con·</em></span> 
     </span>
     <span class='ocr_line' id='line_1_44' title="bbox 313 4613 1984 4698; baseline 0 -18"><span class='ocrx_word' id='word_1_506' title='bbox 313 4625 470 4691; x_wconf 88' lang='lat' dir='ltr'><em>struatur,</em></span> <span class='ocrx_word' id='word_1_507' title='bbox 508 4613 595 4677; x_wconf 90' lang='lat' dir='ltr'><em>salva</em></span> <span class='ocrx_word' id='word_1_508' title='bbox 631 4615 662 4675; x_wconf 90' lang='lat' dir='ltr'><em>in</em></span> <span class='ocrx_word' id='word_1_509' title='bbox 695 4613 847 4676; x_wconf 90' lang='lat' dir='ltr'><em>omnibus</em></span> <span class='ocrx_word' id='word_1_510' title='bbox 886 4615 1069 4695; x_wconf 89' lang='lat' dir='ltr'><em>apostolice</em></span> <span class='ocrx_word' id='word_1_511' title='bbox 1105 4616 1194 4678; x_wconf 89' lang='lat' dir='ltr'><em>sedis</em></span> <span class='ocrx_word' id='word_1_512' title='bbox 1229 4619 1432 4678; x_wconf 89' lang='lat' dir='ltr'><em>auctoritate.</em></span> <span class='ocrx_word' id='word_1_513' title='bbox 1481 4613 1514 4678; x_wconf 91' lang='lat' dir='ltr'><em>Si</em></span> <span class='ocrx_word' id='word_1_514' title='bbox 1547 4635 1611 4695; x_wconf 90' lang='lat' dir='ltr'><em>qua</em></span> <span class='ocrx_word' id='word_1_515' title='bbox 1648 4617 1743 4698; x_wconf 89' lang='lat' dir='ltr'><em>igitur</em></span> <span class='ocrx_word' id='word_1_516' title='bbox 1773 4619 1804 4679; x_wconf 92' lang='lat' dir='ltr'><em>in</em></span> <span class='ocrx_word' id='word_1_517' title='bbox 1844 4617 1984 4680; x_wconf 88' lang='lat' dir='ltr'><em>futurum</em></span> 
     </span>
     <span class='ocr_line' id='line_1_45' title="bbox 314 4700 1986 4792; baseline -0.002 -22"><span class='ocrx_word' id='word_1_518' title='bbox 314 4702 560 4792; x_wconf 83' lang='lat' dir='ltr'><em>[ecclesia]stica</em></span> <span class='ocrx_word' id='word_1_519' title='bbox 582 4700 776 4766; x_wconf 89' lang='lat' dir='ltr'><em>secularisve</em></span> <span class='ocrx_word' id='word_1_520' title='bbox 805 4723 946 4784; x_wconf 91' lang='lat' dir='ltr'><em>persona</em></span> <span class='ocrx_word' id='word_1_521' title='bbox 977 4702 1060 4766; x_wconf 85' lang='lat' dir='ltr'><em>hanc</em></span> <span class='ocrx_word' id='word_1_522' title='bbox 1091 4704 1328 4780; x_wconf 85' lang='lat' dir='ltr'><em>diffinitionem,</em></span> <span class='ocrx_word' id='word_1_523' title='bbox 1362 4725 1404 4767; x_wconf 84' lang='lat' dir='ltr'><em>ex</em></span> <span class='ocrx_word' id='word_1_524' title='bbox 1436 4713 1594 4787; x_wconf 91' lang='lat' dir='ltr'><em>precepto</em></span> <span class='ocrx_word' id='word_1_525' title='bbox 1627 4713 1738 4767; x_wconf 88' lang='lat' dir='ltr'><em>nostro</em></span> <span class='ocrx_word' id='word_1_526' title='bbox 1769 4705 1889 4768; x_wconf 86' lang='lat' dir='ltr'><em>factam</em></span> <span class='ocrx_word' id='word_1_527' title='bbox 1915 4715 1986 4770; x_wconf 87' lang='lat' dir='ltr'><em>eta</em></span> 
     </span>
     <span class='ocr_line' id='line_1_46' title="bbox 313 4792 1985 4876; baseline -0.001 -17"><span class='ocrx_word' id='word_1_528' title='bbox 313 4797 407 4859; x_wconf 89' lang='lat' dir='ltr'><em>nobis</em></span> <span class='ocrx_word' id='word_1_529' title='bbox 430 4794 666 4867; x_wconf 87' lang='lat' dir='ltr'><em>confirmatam,</em></span> <span class='ocrx_word' id='word_1_530' title='bbox 690 4792 862 4874; x_wconf 85' lang='lat' dir='ltr'><em>infringere</em></span> <span class='ocrx_word' id='word_1_531' title='bbox 885 4795 1105 4874; x_wconf 89' lang='lat' dir='ltr'><em>temptaverit,</em></span> <span class='ocrx_word' id='word_1_532' title='bbox 1129 4796 1251 4858; x_wconf 93' lang='lat' dir='ltr'><em>ordinis</em></span> <span class='ocrx_word' id='word_1_533' title='bbox 1276 4801 1309 4856; x_wconf 90' lang='lat' dir='ltr'><em>et</em></span> <span class='ocrx_word' id='word_1_534' title='bbox 1333 4794 1429 4857; x_wconf 85' lang='lat' dir='ltr'><em>officii</em></span> <span class='ocrx_word' id='word_1_535' title='bbox 1453 4796 1501 4856; x_wconf 92' lang='lat' dir='ltr'><em>sui</em></span> <span class='ocrx_word' id='word_1_536' title='bbox 1526 4795 1673 4876; x_wconf 89' lang='lat' dir='ltr'><em>periculo</em></span> <span class='ocrx_word' id='word_1_537' title='bbox 1696 4795 1866 4857; x_wconf 88' lang='lat' dir='ltr'><em>subiaceat</em></span> <span class='ocrx_word' id='word_1_538' title='bbox 1889 4804 1985 4876; x_wconf 91' lang='lat' dir='ltr'><em>atque</em></span> 
     </span>
     <span class='ocr_line' id='line_1_47' title="bbox 313 4882 1984 4969; baseline -0.001 -21"><span class='ocrx_word' id='word_1_539' title='bbox 313 4886 549 4967; x_wconf 89' lang='lat' dir='ltr'><em>omnipotentis</em></span> <span class='ocrx_word' id='word_1_540' title='bbox 580 4883 634 4944; x_wconf 90' lang='lat' dir='ltr'><em>dei</em></span> <span class='ocrx_word' id='word_1_541' title='bbox 667 4891 700 4944; x_wconf 90' lang='lat' dir='ltr'><em>et</em></span> <span class='ocrx_word' id='word_1_542' title='bbox 732 4882 903 4945; x_wconf 89' lang='lat' dir='ltr'><em>beatorum</em></span> <span class='ocrx_word' id='word_1_543' title='bbox 931 4882 935 4969; x_wconf 79' lang='grc' dir='ltr'>Ι</span> <span class='ocrx_word' id='word_1_544' title='bbox 963 4885 1199 4965; x_wconf 89' lang='lat' dir='ltr'><em>apostolorum,</em></span> <span class='ocrx_word' id='word_1_545' title='bbox 1230 4884 1317 4946; x_wconf 89' lang='lat' dir='ltr'><em>Petri</em></span> <span class='ocrx_word' id='word_1_546' title='bbox 1348 4892 1382 4946; x_wconf 91' lang='lat' dir='ltr'><em>et</em></span> <span class='ocrx_word' id='word_1_547' title='bbox 1414 4883 1516 4960; x_wconf 89' lang='lat' dir='ltr'><em>Pauli,</em></span> <span class='ocrx_word' id='word_1_548' title='bbox 1548 4884 1805 4966; x_wconf 90' lang='lat' dir='ltr'><em>indignationem</em></span> <span class='ocrx_word' id='word_1_549' title='bbox 1838 4885 1984 4948; x_wconf 83' lang='lat' dir='ltr'><em>incurrat</em></span> 
     </span>
     <span class='ocr_line' id='line_1_48' title="bbox 312 4970 662 5039; baseline -0.02 0"><span class='ocrx_word' id='word_1_550' title='bbox 312 4973 432 5039; x_wconf 90' lang='lat' dir='ltr'><em>Amen.</em></span> <span class='ocrx_word' id='word_1_551' title='bbox 470 4972 546 5036; x_wconf 89' lang='lat' dir='ltr'><em>Am.</em></span> <span class='ocrx_word' id='word_1_552' title='bbox 585 4970 662 5034; x_wconf 89' lang='lat' dir='ltr'><em>Am.</em></span> 
     </span>
    </p>

    <p class='ocr_par' dir='ltr' id='par_1_7' title="bbox 526 5059 1578 5151">
     <span class='ocr_line' id='line_1_49' title="bbox 526 5059 1578 5151; baseline 0 -26"><span class='ocrx_word' id='word_1_553' title='bbox 526 5063 580 5140; x_wconf 84' lang='lat' dir='ltr'><em>(R)</em></span> <span class='ocrx_word' id='word_1_554' title='bbox 604 5059 676 5142; x_wconf 86' lang='lat' dir='ltr'><em>Ego</em></span> <span class='ocrx_word' id='word_1_555' title='bbox 700 5060 881 5125; x_wconf 90' lang='lat' dir='ltr'><em>Celestinus</em></span> <span class='ocrx_word' id='word_1_556' title='bbox 904 5061 1064 5151; x_wconf 69' lang='lat' dir='ltr'><em>catholice</em></span> <span class='ocrx_word' id='word_1_557' title='bbox 1088 5062 1225 5148; x_wconf 71' lang='lat' dir='ltr'><em>ecclesie</em></span> <span class='ocrx_word' id='word_1_558' title='bbox 1250 5065 1426 5145; x_wconf 91' lang='lat' dir='ltr'><em>episcopus</em></span> <span class='ocrx_word' id='word_1_559' title='bbox 1449 5083 1490 5126; x_wconf 81' lang='lat' dir='ltr'><em>ss</em></span> <span class='ocrx_word' id='word_1_560' title='bbox 1515 5062 1578 5143; x_wconf 87' lang='grc' dir='ltr'><em>(Μ)</em></span> 
     </span>
    </p>

    <p class='ocr_par' dir='ltr' id='par_1_8' title="bbox 525 5150 1298 5235">
     <span class='ocr_line' id='line_1_50' title="bbox 525 5150 1298 5235; baseline 0 -21"><span class='ocrx_word' id='word_1_561' title='bbox 525 5151 545 5232; x_wconf 87' lang='lat'><em>†</em></span> <span class='ocrx_word' id='word_1_562' title='bbox 568 5152 640 5233; x_wconf 89' lang='lat' dir='ltr'><em>Ego</em></span> <span class='ocrx_word' id='word_1_563' title='bbox 663 5150 803 5214; x_wconf 87' lang='lat' dir='ltr'><em>Ymarus</em></span> <span class='ocrx_word' id='word_1_564' title='bbox 827 5151 1032 5215; x_wconf 84' lang='lat' dir='ltr'><em>Tusculanus</em></span> <span class='ocrx_word' id='word_1_565' title='bbox 1057 5155 1233 5235; x_wconf 92' lang='lat' dir='ltr'><em>episcopus</em></span> <span class='ocrx_word' id='word_1_566' title='bbox 1257 5172 1298 5214; x_wconf 78' lang='lat' dir='ltr'><em>ss,</em></span> 
     </span>
    </p>

    <p class='ocr_par' dir='ltr' id='par_1_9' title="bbox 525 5239 1340 5324">
     <span class='ocr_line' id='line_1_51' title="bbox 525 5239 1340 5324; baseline 0 -22"><span class='ocrx_word' id='word_1_567' title='bbox 525 5239 545 5322; x_wconf 89' lang='lat'>†</span> <span class='ocrx_word' id='word_1_568' title='bbox 568 5240 642 5323; x_wconf 86' lang='lat' dir='ltr'><em>Ego</em></span> <span class='ocrx_word' id='word_1_569' title='bbox 665 5240 778 5304; x_wconf 90' lang='lat' dir='ltr'><em>Petrus</em></span> <span class='ocrx_word' id='word_1_570' title='bbox 802 5240 1003 5304; x_wconf 90' lang='lat' dir='ltr'><em>Albanensis</em></span> <span class='ocrx_word' id='word_1_571' title='bbox 1027 5244 1202 5324; x_wconf 89' lang='lat' dir='ltr'><em>episcopus</em></span> <span class='ocrx_word' id='word_1_572' title='bbox 1225 5261 1265 5302; x_wconf 79' lang='lat' dir='ltr'><em>ss</em></span> <span class='ocrx_word' id='word_1_573' title='bbox 1291 5239 1340 5324; x_wconf 82' lang='lat'><em>(5)</em></span> 
     </span>
    </p>

    <p class='ocr_par' dir='ltr' id='par_1_10' title="bbox 524 5328 1682 5414">
     <span class='ocr_line' id='line_1_52' title="bbox 524 5328 1682 5414; baseline 0.001 -23"><span class='ocrx_word' id='word_1_574' title='bbox 524 5367 568 5377; x_wconf 94' lang='lat'>-</span> <span class='ocrx_word' id='word_1_575' title='bbox 591 5330 611 5413; x_wconf 88' lang='lat'>†</span> <span class='ocrx_word' id='word_1_576' title='bbox 634 5329 706 5411; x_wconf 88' lang='lat' dir='ltr'><em>Ego</em></span> <span class='ocrx_word' id='word_1_577' title='bbox 732 5330 841 5395; x_wconf 90' lang='lat' dir='ltr'><em>Guido</em></span> <span class='ocrx_word' id='word_1_578' title='bbox 865 5332 1028 5414; x_wconf 90' lang='lat' dir='ltr'><em>presbiter</em></span> <span class='ocrx_word' id='word_1_579' title='bbox 1051 5329 1221 5394; x_wconf 90' lang='lat' dir='ltr'><em>cardinalis</em></span> <span class='ocrx_word' id='word_1_580' title='bbox 1244 5333 1293 5393; x_wconf 90' lang='lat' dir='ltr'><em>tit.</em></span> <span class='ocrx_word' id='word_1_581' title='bbox 1317 5329 1420 5393; x_wconf 88' lang='lat' dir='ltr'><em>sancti</em></span> <span class='ocrx_word' id='word_1_582' title='bbox 1444 5328 1618 5413; x_wconf 90' lang='lat' dir='ltr'><em>Grisogoni</em></span> <span class='ocrx_word' id='word_1_583' title='bbox 1641 5351 1682 5393; x_wconf 93' lang='lat' dir='ltr'><em>ss.</em></span> 
     </span>
    </p>
   </div>
   <div class='ocr_carea' id='block_1_7' title="bbox 311 5525 1984 5809">
    <p class='ocr_par' dir='ltr' id='par_1_11' title="bbox 311 5525 1984 5809">
     <span class='ocr_line' id='line_1_53' title="bbox 471 5525 1983 5591; baseline 0.002 -17"><span class='ocrx_word' id='word_1_584' title='bbox 471 5527 495 5590; x_wconf 78' lang='lat' dir='ltr'><em>a)</em></span> <span class='ocrx_word' id='word_1_585' title='bbox 517 5525 884 5591; x_wconf 80' lang='lat' dir='ltr'><em>Daserstebanspkorrigirl</em></span> <span class='ocrx_word' id='word_1_586' title='bbox 953 5525 980 5590; x_wconf 85' lang='lat' dir='ltr'><em>b)</em></span> <span class='ocrx_word' id='word_1_587' title='bbox 999 5526 1059 5575; x_wconf 90' lang='lat' dir='ltr'><em>dem</em></span> <span class='ocrx_word' id='word_1_588' title='bbox 1077 5527 1129 5591; x_wconf 87' lang='lat' dir='ltr'><em>uus</em></span> <span class='ocrx_word' id='word_1_589' title='bbox 1142 5527 1232 5573; x_wconf 86' lang='lat' dir='ltr'><em>Rasur.</em></span> <span class='ocrx_word' id='word_1_590' title='bbox 1246 5563 1298 5569; x_wconf 72' lang='grc'><em>-</em></span> <span class='ocrx_word' id='word_1_591' title='bbox 1312 5525 1347 5590; x_wconf 80' lang='grc'><em>,1)</em></span> <span class='ocrx_word' id='word_1_592' title='bbox 1372 5525 1445 5589; x_wconf 81' lang='lat' dir='ltr'><em>Vergl</em></span> <span class='ocrx_word' id='word_1_593' title='bbox 1469 5525 1506 5574; x_wconf 86' lang='lat' dir='ltr'><em>die</em></span> <span class='ocrx_word' id='word_1_594' title='bbox 1527 5526 1661 5576; x_wconf 81' lang='lat' dir='ltr'><em>Urkunden</em></span> <span class='ocrx_word' id='word_1_595' title='bbox 1678 5543 1733 5575; x_wconf 85' lang='lat' dir='ltr'><em>vom</em></span> <span class='ocrx_word' id='word_1_596' title='bbox 1749 5530 1781 5575; x_wconf 77' lang='lat'><em>14</em></span> <span class='ocrx_word' id='word_1_597' title='bbox 1792 5527 1902 5577; x_wconf 82' lang='lat' dir='ltr'><em>Febnear</em></span> <span class='ocrx_word' id='word_1_598' title='bbox 1923 5531 1983 5577; x_wconf 69' lang='lat' dir='ltr'><em>11OE</em></span> 
     </span>
     <span class='ocr_line' id='line_1_54' title="bbox 311 5596 1984 5665; baseline 0.002 -19"><span class='ocrx_word' id='word_1_599' title='bbox 311 5597 397 5646; x_wconf 85' lang='lat' dir='ltr'><em>und3</em></span> <span class='ocrx_word' id='word_1_600' title='bbox 417 5596 488 5646; x_wconf 56' lang='grc' dir='ltr'><em>Μάνη</em></span> <span class='ocrx_word' id='word_1_601' title='bbox 507 5601 580 5648; x_wconf 76' lang='grc'><strong><em>1111.</em></strong></span> <span class='ocrx_word' id='word_1_602' title='bbox 696 5603 721 5665; x_wconf 87' lang='lat'><em>2)</em></span> <span class='ocrx_word' id='word_1_603' title='bbox 742 5599 788 5648; x_wconf 84' lang='lat' dir='ltr'><em>Die</em></span> <span class='ocrx_word' id='word_1_604' title='bbox 810 5597 927 5647; x_wconf 79' lang='lat' dir='ltr'><em>Urknnde</em></span> <span class='ocrx_word' id='word_1_605' title='bbox 951 5597 981 5646; x_wconf 84' lang='lat' dir='ltr'><em>ist</em></span> <span class='ocrx_word' id='word_1_606' title='bbox 1005 5599 1056 5662; x_wconf 82' lang='lat' dir='ltr'><em>anf</em></span> <span class='ocrx_word' id='word_1_607' title='bbox 1070 5599 1115 5646; x_wconf 88' lang='lat' dir='ltr'><em>den</em></span> <span class='ocrx_word' id='word_1_608' title='bbox 1138 5596 1254 5660; x_wconf 80' lang='lat' dir='ltr'><em>Todestag</em></span> <span class='ocrx_word' id='word_1_609' title='bbox 1283 5597 1395 5646; x_wconf 73' lang='lat' dir='ltr'><em>Cilestins</em></span> <span class='ocrx_word' id='word_1_610' title='bbox 1413 5596 1446 5645; x_wconf 90' lang='grc' dir='ltr'><em>ΙΙ</em></span> <span class='ocrx_word' id='word_1_611' title='bbox 1459 5597 1541 5647; x_wconf 81' lang='lat' dir='ltr'><em>datirt.</em></span> <span class='ocrx_word' id='word_1_612' title='bbox 1650 5601 1677 5662; x_wconf 84' lang='grc'><em>3)</em></span> <span class='ocrx_word' id='word_1_613' title='bbox 1701 5599 1795 5660; x_wconf 78' lang='lat' dir='ltr'><em>Oberto‚</em></span> <span class='ocrx_word' id='word_1_614' title='bbox 1822 5599 1929 5662; x_wconf 81' lang='lat' dir='ltr'><em>Bischaf</em></span> <span class='ocrx_word' id='word_1_615' title='bbox 1941 5615 1984 5649; x_wconf 85' lang='lat' dir='ltr'><em>von</em></span> 
     </span>
     <span class='ocr_line' id='line_1_55' title="bbox 316 5668 1983 5738; baseline 0.002 -20"><span class='ocrx_word' id='word_1_616' title='bbox 316 5669 438 5728; x_wconf 84' lang='lat' dir='ltr'><em>Cremona,</em></span> <span class='ocrx_word' id='word_1_617' title='bbox 458 5685 477 5720; x_wconf 86' lang='lat' dir='ltr'><em>c.</em></span> <span class='ocrx_word' id='word_1_618' title='bbox 500 5673 677 5720; x_wconf 82' lang='grc'><strong><em>1118-1162.</em></strong></span> <span class='ocrx_word' id='word_1_619' title='bbox 785 5671 812 5730; x_wconf 90' lang='grc'><em>4)</em></span> <span class='ocrx_word' id='word_1_620' title='bbox 836 5669 919 5728; x_wconf 75' lang='lat' dir='ltr'><em>Gouo,</em></span> <span class='ocrx_word' id='word_1_621' title='bbox 947 5669 1189 5734; x_wconf 70' lang='lat' dir='ltr'><em>Abrdinaloresbyler</em></span> <span class='ocrx_word' id='word_1_622' title='bbox 1211 5669 1245 5716; x_wconf 79' lang='lat' dir='ltr'><em>tit.</em></span> <span class='ocrx_word' id='word_1_623' title='bbox 1274 5668 1300 5716; x_wconf 84' lang='lat' dir='ltr'><em>S.</em></span> <span class='ocrx_word' id='word_1_624' title='bbox 1323 5669 1427 5727; x_wconf 77' lang='lat' dir='ltr'><em>Caecilio,</em></span> <span class='ocrx_word' id='word_1_625' title='bbox 1454 5670 1498 5718; x_wconf 86' lang='lat' dir='ltr'><em>seit</em></span> <span class='ocrx_word' id='word_1_626' title='bbox 1514 5672 1580 5719; x_wconf 80' lang='grc'><strong><em>1110</em></strong></span> <span class='ocrx_word' id='word_1_627' title='bbox 1599 5670 1714 5720; x_wconf 67' lang='lat' dir='ltr'><em>biberem.</em></span> <span class='ocrx_word' id='word_1_628' title='bbox 1836 5673 1862 5735; x_wconf 84' lang='lat'><em>5)</em></span> <span class='ocrx_word' id='word_1_629' title='bbox 1885 5671 1983 5738; x_wconf 85' lang='lat' dir='ltr'><em>Gregor,</em></span> 
     </span>
     <span class='ocr_line' id='line_1_56' title="bbox 312 5740 1920 5809; baseline 0.002 -20"><span class='ocrx_word' id='word_1_630' title='bbox 312 5741 525 5791; x_wconf 80' lang='lat' dir='ltr'><em>Kordinaldr&#39;oiou</em></span> <span class='ocrx_word' id='word_1_631' title='bbox 544 5743 589 5795; x_wconf 90' lang='lat' dir='ltr'><em>SS.</em></span> <span class='ocrx_word' id='word_1_632' title='bbox 609 5743 689 5809; x_wconf 79' lang='lat' dir='ltr'><em>Sergii</em></span> <span class='ocrx_word' id='word_1_633' title='bbox 704 5749 726 5792; x_wconf 87' lang='lat' dir='ltr'><em>et</em></span> <span class='ocrx_word' id='word_1_634' title='bbox 742 5741 826 5801; x_wconf 80' lang='lat' dir='ltr'><em>Bachi,</em></span> <span class='ocrx_word' id='word_1_635' title='bbox 845 5742 889 5790; x_wconf 79' lang='lat' dir='ltr'><em>seit</em></span> <span class='ocrx_word' id='word_1_636' title='bbox 908 5743 981 5791; x_wconf 79' lang='lat'><em>1123.</em></span> <span class='ocrx_word' id='word_1_637' title='bbox 1055 5743 1081 5808; x_wconf 88' lang='lat'><em>6)</em></span> <span class='ocrx_word' id='word_1_638' title='bbox 1104 5741 1190 5800; x_wconf 84' lang='lat' dir='ltr'><em>Gnido,</em></span> <span class='ocrx_word' id='word_1_639' title='bbox 1209 5740 1422 5790; x_wconf 69' lang='lat' dir='ltr'><em>Isiardinaldr&#39;akon</em></span> <span class='ocrx_word' id='word_1_640' title='bbox 1441 5741 1487 5792; x_wconf 87' lang='lat' dir='ltr'><em>SS.</em></span> <span class='ocrx_word' id='word_1_641' title='bbox 1511 5742 1579 5792; x_wconf 85' lang='lat' dir='ltr'><em>Canre</em></span> <span class='ocrx_word' id='word_1_642' title='bbox 1596 5750 1618 5791; x_wconf 86' lang='lat' dir='ltr'><em>et</em></span> <span class='ocrx_word' id='word_1_643' title='bbox 1635 5741 1763 5802; x_wconf 82' lang='lat' dir='ltr'><em>Dumr&#39;erni,</em></span> <span class='ocrx_word' id='word_1_644' title='bbox 1781 5741 1824 5790; x_wconf 83' lang='lat' dir='ltr'><em>ser&#39;t</em></span> <span class='ocrx_word' id='word_1_645' title='bbox 1843 5743 1920 5792; x_wconf 77' lang='lat'><strong><em>1132.</em></strong></span> 
     </span>
    </p>
   </div>
   <div class='ocr_carea' id='block_1_8' title="bbox 0 0 2050 6358">
    <p class='ocr_par' dir='ltr' id='par_1_12' title="bbox 0 0 2050 6358">
     <span class='ocr_line' id='line_1_57' title="bbox 0 0 2050 6358; baseline 0 0"><span class='ocrx_word' id='word_1_646' title='bbox 0 0 2050 6358; x_wconf 95' lang='lat' dir='ltr'><em> </em></span> 
     </span>
    </p>
   </div>
  </div>
 </body>
</html>
