4126 6356
1680 303 1741 370 119

282 469 302 555 †
326 473 398 556 Ego
423 474 524 538 Oddo
549 475 707 538 diaconus
730 475 902 538 cardinalis
925 476 1027 538 sancti
1051 475 1184 556 Georgii
1208 475 1250 536 ad
1275 473 1394 537 Velum
1418 495 1551 539 aureum
1573 496 1614 538 ss.

281 563 301 648 †
324 565 397 645 Ego
414 565 524 628 Guido
549 565 706 628 diaconus
730 565 903 627 cardinalis
925 574 1038 626 sancte
1062 564 1165 627 Marie
1189 565 1221 626 in
1243 564 1373 627 Porticu
1397 584 1437 626 ss.

280 654 300 734 †
324 655 397 735 Ego
421 653 583 716 lohannes
608 654 765 716 diaconus
789 653 961 716 cardinalis
984 663 1171 716 sanctorum
1194 653 1298 735 Sergii
1322 663 1355 716 et
1378 652 1478 716 Bachi
1502 675 1543 717 ss.

279 743 300 827 †
323 743 397 824 Ego
420 743 586 806 Gerardus
608 743 767 806 diaconus
791 742 963 806 cardinalis
986 753 1099 805 sancte
1122 743 1226 805 Marie
1250 744 1283 807 in
1305 742 1369 806 Via
1392 741 1459 806 lata
1479 763 1521 806 ss

227 833 305 894 Dat.
333 833 441 894 Rome
471 831 560 914 apud
592 843 742 895 sanctum
764 833 903 908 Petrum,
937 853 996 914 per
1027 852 1159 894 manum
1182 832 1334 906 Rolandi,
1365 832 1536 912 presbiteri
1567 831 1740 895 cardinalis

70 931 100 984 et
121 921 316 984 cancellarii.
362 935 424 984 XVI
447 920 500 984 Kl.
524 921 612 985 Iunii.
659 921 841 984 Indictione
864 935 885 984 Ι.
932 922 1167 984 lncarnationis
1191 922 1355 983 dominice
1379 941 1466 984 anno
1489 933 1610 984 MCLHI.
1656 921 1740 983 Pon·

69 1010 206 1072 tihcatus
229 1031 308 1074 vero
333 1011 445 1074 domni
470 1010 608 1092 Eugenii
632 1025 671 1075 111
694 1031 782 1093 pape
805 1031 892 1073 anno
916 1023 1001 1074 vr111.

225 1124 351 1190 Abschn'st
367 1125 407 1174 der
428 1125 494 1173 Cart.
513 1123 541 1172 di
557 1124 583 1174 S.
604 1123 708 1174 Michele
725 1141 780 1174 vom
800 1128 841 1175 14.
864 1124 966 1189 Jahrb„
980 1127 1030 1190 fol.
1051 1126 1090 1184 db,
1108 1123 1142 1172 im
1160 1123 1274 1172 Archivio
1291 1124 1319 1172 di
1333 1123 1400 1172 Stato
1416 1139 1446 1172 su
1466 1123 1531 1174 fl'sa.

810 1335 876 1411 Nr.
909 1339 994 1412 114.

70 1467 180 1553 Eugen
197 1467 264 1532 III
280 1466 441 1531 urkundet
453 1467 527 1530 dem
541 1465 622 1530 Abte
637 1467 765 1532 Rainer
784 1489 844 1532 von
861 1468 928 1532 San
943 1467 1113 1533 Salvatore
1132 1466 1188 1531 del
1200 1467 1416 1531 Montamiata
1437 1467 1496 1549 (D.
1518 1465 1647 1553 Clu'usi)
1663 1469 1742 1532 tiber

69 1559 120 1621 die
141 1556 376 1621 kontraktliclze
397 1555 577 1638 Abtrelung
596 1555 657 1620 der
675 1556 790 1637 Hiz'lftc
811 1579 872 1621 von
896 1558 1096 1636 Radicofani
1117 1557 1175 1639 (D.
1203 1557 1333 1631 Clvz'usi)
1352 1559 1379 1642 ¹)
1402 1577 1446 1620 an
1467 1557 1522 1620 die
1548 1556 1652 1622 Kurie
1674 1557 1743 1621 und

601 1646 714 1710 dessen
723 1648 943 1730 gegenseitz'ge
957 1646 1196 1730 Bedingungen.

596 1782 682 1844 1153
696 1779 785 1855 Jum'
795 1784 849 1844 20.
881 1780 915 1845 S.
933 1781 1028 1844 Peter
1040 1802 1101 1844 von
1118 1781 1209 1845 Rom.

223 1912 391 1995 Eugenius
408 1915 591 1997 episcopus
615 1936 726 1980 servus
742 1937 908 1980 servorum
925 1916 985 1990 dei,
1011 1917 1131 1979 dilecto
1148 1916 1215 1979 filio
1230 1917 1395 1991 Rainerio,
1421 1914 1534 1978 abbati
1551 1916 1739 1978 monasterii

70 2003 165 2065 sancti
189 2002 371 2066 Salvatoris
395 2005 437 2066 de
461 2005 577 2068 Monte
599 2005 746 2082 Amiato,
770 2007 907 2069 salutem
932 2013 965 2068 et
988 2005 1205 2087 apostolicam
1229 2004 1504 2068 benedictionem.
1528 2039 1573 2049 —
1593 2001 1597 2089 Ι
1617 2004 1740 2066 Rerum

69 2101 227 2172 gestamm
260 2093 359 2155 series
391 2093 466 2155 ideo
500 2094 680 2157 litterarum
711 2094 788 2158 fidei
822 2095 1087 2170 commendatur,
1119 2116 1160 2158 ne
1191 2096 1334 2177 ipsamm
1364 2095 1484 2157 veritas
1515 2095 1739 2174 inposterum

70 2182 219 2244 memorie
251 2181 468 2246 subtrahatur.
521 2181 669 2262 Qualiter
699 2184 811 2266 igitur,
850 2184 1131 2248 consentientibus
1162 2184 1314 2248 fratribus
1348 2185 1412 2246 tuis
1442 2183 1611 2245 monachis
1641 2193 1740 2264 atque

71 2273 227 2333 conversis
262 2282 295 2334 et
322 2272 478 2348 vassallis,
510 2275 676 2336 commissi
706 2275 766 2338 tibi
792 2271 796 2358 Ι
824 2275 1012 2337 monasterii
1043 2275 1178 2356 propria
1207 2284 1240 2337 et
1269 2283 1453 2356 spontanea
1483 2271 1652 2334 voluntate
1684 2283 1740 2335 tua

70 2359 98 2420 in
119 2361 285 2440 presentia
309 2361 443 2424 fratrum
466 2371 661 2438 nostrorum,
686 2365 918 2446 episcoporum
935 2373 969 2426 et
984 2364 1205 2438 cardinalium,
1229 2363 1391 2444 integram
1417 2362 1626 2424 medietatem
1643 2362 1739 2424 castri

70 2448 257 2512 Radecofini
277 2449 317 2532 ²),
342 2450 439 2514 nobis
462 2452 647 2533 nostrisque
671 2452 840 2516 catholicis
863 2452 1104 2516 successoribus
1128 2464 1161 2516 et
1183 2473 1243 2534 per
1265 2473 1326 2515 nos
1349 2451 1448 2514 beato
1469 2451 1591 2513 PETRO
1614 2459 1738 2538 sancte·

71 2557 127 2618 que
153 2539 307 2602 Romane
338 2539 483 2616 ecclesie,
515 2541 566 2604 cui
599 2541 674 2605 licet
704 2543 854 2618 inmeriti,
884 2543 1042 2624 largiente
1073 2541 1217 2618 domino,
1253 2541 1452 2604 deservimus
1484 2540 1517 2602 in
1543 2548 1738 2621 perpetuum

72 2626 184 2704 locasti,
217 2630 409 2692 concessisti
440 2639 473 2692 et
505 2630 709 2693 instrumenti
738 2631 862 2713 publici
890 2633 1012 2714 pagina
1035 2631 1211 2706 roborasti,
1244 2629 1524 2712 quemadmodum
1555 2629 1587 2690 in
1619 2630 1737 2691 eodem

72 2717 226 2780 autentico
244 2718 460 2782 instrumento
477 2721 669 2797 continetur,
686 2722 846 2802 presentis
861 2721 973 2803 scripti
989 2721 1071 2784 serie
1087 2720 1293 2802 precepimus
1310 2720 1467 2782 annotari.
1499 2718 1549 2780 Tu
1566 2718 1737 2798 siquidem,

73 2804 179 2869 dilecte
203 2807 236 2868 in
262 2807 398 2871 domino
422 2807 476 2884 fili,
500 2809 633 2871 Raineri
657 2809 770 2886 abbas,
802 2811 963 2893 integram
986 2811 1125 2892 predicti
1151 2811 1246 2872 castri
1271 2809 1482 2872 medietatem
1505 2827 1579 2870 cum
1604 2807 1739 2869 dimidia

72 2893 100 2956 in
119 2896 282 2978 integrum
305 2907 398 2978 parte
420 2899 521 2960 totius
544 2899 641 2961 curtis
665 2900 733 2962 eius
757 2921 831 2962 cum
853 2900 1042 2963 tenimentis
1064 2899 1129 2962 suis
1152 2910 1186 2962 et
1207 2899 1313 2980 burgo
1334 2897 1379 2961 'de
1403 2896 1579 2971 Calamala,
1611 2896 1738 2973 bandis,

72 2983 198 3064 placitis,
231 2986 379 3049 districtu
403 2997 436 3050 et
459 2988 549 3049 omni
572 2988 698 3051 honore
721 2988 822 3071 ipsius
845 2990 950 3066 castri,
983 2989 1094 3051 omnia
1117 2989 1148 3051 in
1173 2989 1333 3070 integrum
1357 3007 1418 3069 pro
1442 2985 1619 3048 medietate
1642 2985 1739 3048 nobis

72 3075 245 3155 nostrisque
269 3075 438 3140 catholicis
458 3078 699 3140 successoribus
722 3079 837 3142 locasti
860 3089 893 3142 et
915 3079 1112 3154 concessisti,
1137 3079 1284 3160 exceptis
1306 3077 1448 3158 antiquis
1467 3073 1738 3158 possessionibus

73 3181 127 3244 que
149 3165 247 3226 etiam
272 3173 422 3247 tempore
445 3168 602 3229 comitum
626 3188 684 3249 per
706 3168 866 3250 speciales
889 3179 922 3231 et
951 3169 1103 3250 proprios
1135 3168 1300 3230 ministros
1331 3165 1518 3228 monasterii
1543 3164 1741 3227 tenebantur

72 3259 101 3313 et
126 3253 394 3317 custodiebantur
423 3256 465 3317 ad
497 3275 572 3318 usus
603 3255 755 3332 fratrum,
783 3257 906 3320 ibidem
938 3257 1161 3332 servientium,
1197 3265 1230 3318 et
1263 3255 1365 3319 feudis
1397 3263 1430 3316 et
1460 3253 1638 3329 libellariis,
1674 3272 1739 3333 que

72 3342 207 3405 similiter
238 3343 370 3430 nomine
409 3351 536 3408 tantum
572 3347 760 3409 monasterii
792 3346 1038 3422 detinebantur,
1079 3354 1243 3409 reservato
1274 3346 1373 3408 etiam
1404 3345 1605 3406 monasterio
1635 3343 1738 3404 sancti

72 3425 239 3495 Salvatoris
264 3434 332 3495 iure
357 3433 577 3511 ecclesiarum,
601 3435 692 3514 quod
709 3437 742 3498 in
766 3436 811 3499 eis
826 3435 936 3499 habet.
973 3435 1009 3497 In
1025 3435 1131 3517 burgo
1147 3454 1279 3517 quoque
1295 3435 1339 3497 de
1355 3431 1522 3495 Calemala
1540 3431 1569 3512 b)
1593 3432 1739 3495 redditus

72 3521 153 3600 panis
176 3523 315 3598 etvini,
347 3524 402 3602 qui
435 3523 478 3586 de
501 3524 585 3605 agris
618 3532 651 3586 et
672 3525 774 3588 vineis
797 3525 950 3601 solvitur,
980 3525 1154 3608 pensiones
1178 3527 1277 3587 etiam
1302 3523 1501 3586 monasterio
1532 3530 1590 3584 tuo
1614 3522 1740 3604 integre

72 3611 267 3674 reservando.
326 3608 452 3674 Omnes
482 3620 594 3676 autem
623 3612 774 3677 homines
804 3615 905 3698 ipsius
937 3616 1033 3678 castri
1066 3613 1162 3677 nobis
1199 3614 1385 3693 nostrisque
1403 3611 1437 3696 e)
1470 3609 1640 3674 catholicis
1670 3631 1741 3674 suc·

75 3700 247 3763 cessoribus
286 3709 402 3764 contra
440 3721 554 3764 omnes
590 3701 739 3767 homines
777 3703 967 3768 fidelitatem
998 3703 1164 3779 iurabunt,
1202 3702 1264 3765 tibi
1299 3720 1433 3782 quoque
1463 3700 1577 3763 abbati
1609 3701 1740 3782 tuisque

75 3786 232 3852 catholicis
255 3791 499 3854 successoribus
523 3790 716 3856 fidelitatem
740 3792 870 3868 facient,
892 3795 938 3857 sic
961 3801 1080 3867 tamen,
1104 3803 1147 3870 ut,
1171 3793 1199 3854 si
1223 3791 1355 3872 quando
1378 3799 1412 3853 tu
1436 3790 1488 3853 vel
1511 3809 1739 3853 successorum

75 3881 191 3942 tuorum
215 3878 357 3960 quilibet
379 3888 490 3963 preter
511 3888 658 3945 tenorem
682 3880 744 3945 hac
768 3882 891 3947 cartula
913 3879 1186 3965 comprehensum
1203 3887 1344 3944 castrum
1361 3880 1467 3963 ipsum
1490 3879 1585 3942 nobis
1608 3879 1739 3942 nostris-

76 3985 130 4046 que
151 3965 319 4032 catholicis
342 3970 585 4033 successoribus
608 3980 762 4060 sancteve
777 3973 925 4035 Romane
950 3971 1087 4035 ecclesie
1110 3971 1237 4034 auferre
1252 3969 1499 4052 temptaveritis,
1521 3967 1574 4031 vel
1597 3977 1737 4032 castrum

76 4055 170 4136 ipsum
201 4057 254 4121 vel
285 4058 467 4140 quamlibet
498 4067 625 4142 partem
657 4061 724 4124 eius
756 4064 908 4142 cuiquam
941 4063 972 4124 in
1002 4061 1137 4124 feudum
1168 4059 1221 4123 vel
1252 4059 1403 4140 quolibet
1433 4057 1495 4122 alio
1524 4058 1625 4121 modo
1661 4079 1739 4121 con·

76 4147 229 4224 cesseritis,
261 4156 318 4211 aut
346 4168 540 4212 concessum
569 4151 782 4228 servaveritis,
814 4159 847 4214 et
870 4151 1016 4232 requisiti
1040 4150 1123 4214 infra
1146 4157 1211 4213 tres
1235 4169 1365 4213 menses
1388 4169 1455 4212 non
1479 4147 1739 4224 emendaveritis,

77 4251 93 4294 a
111 4233 264 4300 fidelitate
287 4247 343 4300 tua
365 4238 428 4301 sint
449 4238 547 4301 soluti
570 4247 604 4301 et
627 4248 767 4303 castrum
791 4243 898 4324 ipsum
922 4243 956 4304 in
979 4242 1028 4304 ius
1051 4240 1139 4303 beati
1155 4241 1242 4304 Petri
1264 4246 1297 4302 et
1311 4246 1423 4302 sancte
1437 4238 1588 4301 Romane
1604 4237 1739 4300 ecclesie

77 4321 263 4389 devolvatur.
308 4324 343 4390 Si
367 4348 445 4390 vero
469 4348 529 4391 nos
551 4328 604 4391 vel
627 4350 853 4394 successorum
869 4338 1054 4394 nostrorum
1071 4329 1208 4412 quilibet
1222 4329 1282 4392 tibi
1297 4327 1349 4392 vel
1365 4335 1495 4391 tuorum
1511 4345 1737 4391 successorum

78 4411 158 4476 alicui
180 4417 232 4479 vel
256 4419 456 4481 monasterio
489 4417 615 4480 solvere
646 4420 852 4502 designatum
886 4439 1019 4483 censum
1043 4419 1284 4494 cessaverimus,
1314 4417 1366 4481 vel
1390 4416 1573 4480 custodiam
1596 4425 1737 4480 vestram

78 4519 128 4563 nos
148 4504 197 4567 vel
219 4506 374 4569 custodes
406 4507 507 4569 nostri
531 4507 728 4584 eiecerimus,
763 4517 796 4572 et
826 4508 908 4573 infra
938 4516 1069 4591 tempus
1098 4509 1319 4591 subscriptum
1350 4527 1417 4570 non
1447 4506 1739 4582 emendaverimus,

78 4595 142 4654 tunc
163 4613 182 4656 a
203 4594 360 4659 fidelitate
376 4604 487 4659 nostra
512 4606 763 4679 nostrorumque
781 4597 1012 4662 'successorum
1036 4598 1212 4661 solvantur.
1257 4595 1314 4659 Ad
1335 4596 1488 4659 indicium
1505 4603 1623 4670 autem,
1647 4595 1738 4676 quod

79 4688 204 4746 castrum
235 4687 342 4767 ipsum
374 4687 562 4748 monasterii
595 4688 697 4750 sancti
727 4685 906 4751 Salvatoris
942 4689 1018 4751 iuris
1049 4694 1083 4750 et
1115 4687 1325 4770 proprietatis
1358 4705 1490 4768 semper
1521 4685 1655 4760 existat,
1694 4685 1737 4748 ad

79 4771 243 4837 vestinenta
266 4775 504 4838 monachorum
527 4796 587 4838 nos
611 4778 780 4860 nostrique
804 4797 1010 4841 successores
1030 4777 1089 4840 tibi
1105 4779 1235 4856 tuisque
1250 4774 1493 4839 successoribus
1509 4783 1543 4837 et
1559 4773 1738 4850 monachis,

80 4861 126 4937 qui
153 4883 211 4944 pro
243 4871 396 4946 tempore
426 4864 470 4928 ibi
503 4864 630 4942 fuerint,
662 4886 722 4929 sex
755 4887 880 4930 marcas
910 4868 982 4950 puri
1005 4869 1132 4948 argenti
1159 4866 1252 4929 annis
1275 4863 1410 4948 singulis
1432 4865 1463 4926 in
1488 4883 1600 4927 mense
1623 4864 1737 4927 Madio

81 4966 132 5027 pro
160 4953 314 5032 pensione
345 4953 579 5035 persolvemus.
626 4954 702 5019 Hoc
725 4964 835 5020 autem
859 4957 981 5020 duxisti
1012 4956 1262 5030 adnectendum,
1295 4963 1331 5017 ut
1353 4962 1497 5016 castrum
1527 4955 1644 5036 ipsum,
1677 4973 1738 5036 per

81 5041 218 5104 custodes
249 5045 403 5124 proprios
434 5054 562 5106 nostros
602 5054 855 5127 nostrorumque
885 5065 1130 5122 successorum,
1171 5045 1348 5126 assumptis
1380 5063 1491 5106 secum
1523 5042 1653 5105 duobus
1684 5041 1738 5106 vel

81 5125 169 5190 tribus
190 5131 391 5208 custodibus,
420 5131 482 5194 tuis
514 5141 711 5215 tuorumque
735 5155 960 5199 successorum
984 5155 1116 5218 semper
1137 5143 1296 5209 teneatur,
1328 5153 1387 5216 per
1410 5151 1494 5213 quos
1518 5140 1551 5195 et
1574 5152 1635 5215 per
1657 5132 1738 5195 alios

81 5209 215 5282 homines
233 5220 262 5301 d)
293 5221 393 5304 ipsius
423 5223 520 5285 castri
550 5231 584 5286 et
613 5243 632 5286 a
664 5224 759 5288 nobis
792 5227 975 5306 nostrisque
1005 5224 1265 5299 successoribus,
1296 5223 1393 5300 sicut,
1426 5221 1515 5303 quod
1548 5223 1626 5285 iuris
1649 5222 1738 5285 beati

81 5300 153 5368 Petri
180 5310 288 5373 existit
321 5313 553 5374 monasterium
588 5313 694 5395 ipsum
724 5335 797 5378 cum
829 5315 924 5378 bonis
955 5316 1038 5390 suis,
1075 5335 1095 5377 a
1127 5333 1305 5397 pravorum
1343 5311 1513 5376 hominum
1554 5311 1737 5375 incursibus

82 5391 267 5476 defendatur,
291 5421 353 5463 nec
375 5400 418 5464 ab
441 5401 566 5466 eisdem
590 5402 812 5468 fraudulenter
834 5425 894 5468 nec
917 5404 1078 5467 malitiose
1102 5404 1319 5486 perturbetur,
1351 5411 1385 5466 et
1406 5402 1514 5486 ipsum
1537 5409 1678 5466 castrum
1703 5401 1736 5464 in

343 5535 487 5542 ψ..-

223 5599 248 5658 a)
267 5597 298 5645 In
317 5593 378 5660 Kop.
398 5597 554 5647 Radecofani
627 5599 654 5660 1))
674 5599 734 5663 Kap.
754 5579 884 5650 Cnlnmaln
956 5602 981 5662 c)
999 5615 1046 5649 nos
1064 5601 1116 5664 nus
1128 5601 1212 5648 h’asur
1283 5599 1311 5664 cl)
1331 5599 1410 5662 emas
1423 5600 1551 5646 Rancr..
1606 5599 1642 5662 ,1)
1661 5593 1737 5646 Radi-

83 5660 158 5723 svsum',
175 5665 370 5732 limma-iano,
393 5669 464 5719 I’ron.
484 5671 564 5719 Simo.
