4126 6366
327 323 390 388 322

489 494 533 545 Or.
553 492 587 544 r'nr
604 493 719 546 Arctoo
736 494 764 544 a·
780 495 848 546 seara
865 512 895 546 ree
914 492 1037 546 Mastane

486 567 556 633 Porg.
575 567 635 626 irat,
654 567 690 616 br.
710 569 778 628 0,22,
796 568 961 634 lang0,213‚
979 575 1055 618 remen
1073 569 1151 627 0,017
1171 567 1363 634 umgerrblagem
1382 565 1462 618 durch
1479 568 1538 616 sroei
1553 567 1645 619 lorber
1658 568 1722 635 ging
1739 567 1778 618 dr'e
1796 565 1902 628 Scluat,
1919 565 2006 616 verca

324 636 370 688 mr?
386 637 438 687 dem
457 637 582 704 Memegel
595 640 711 688 verlorm.
749 638 858 704 Fallung
874 639 919 688 der
936 639 1034 698 Sekrete,
1060 637 1124 696 (drei
1139 642 1194 688 mal
1208 641 1252 688 der
1269 639 1347 690 Breite
1364 641 1435 700 nach,
1454 639 1523 688 daem
1541 640 1569 688 in
1586 639 1629 692 der
1646 637 1735 707 Mitte).
1769 641 1826 688 Das
1845 638 2006 703 Schn'slstr'oel

324 710 395 759 selbst
410 709 442 758 ist
455 709 630 774 gewamictes
651 711 735 770 Breve,
755 709 813 759 dach
831 711 925 761 temnit
940 709 989 760 siclo
1007 711 1045 760 die
1064 710 1229 778 Plumbinmg
1245 719 1319 761 etwas
1335 712 1532 777 umegelmeirnir.

1070 995 1137 1070 Nr.
1166 1000 1255 1072 362.

325 1128 448 1194 Lucius
464 1127 530 1192 III
541 1127 693 1212 berterigo
706 1128 767 1193 den
778 1128 990 1194 Dekumanen
1005 1128 1067 1192 der
1078 1127 1352 1212 Kollegiatleirche
1365 1149 1426 1192 aaa
1438 1125 1542 1192 Santa
1554 1127 1669 1192 Maria
1682 1127 1855 1210 Maggiore
1869 1123 1911 1191 di
1934 1126 2008 1191 Ver·

491 1216 572 1296 celli,
587 1218 662 1282 dem
685 1217 829 1284 Urtloeile
843 1219 902 1283 des
919 1217 1103 1282 Kardinals
1126 1217 1240 1283 Uberto
1247 1225 1392 1302 gemaer,
1402 1218 1496 1298 freie
1521 1217 1619 1281 Walel
1629 1217 1691 1281 der
1704 1217 1841 1282 Bn'o'der.

913 1336 997 1399 1185
1019 1331 1150 1398 October
1163 1335 1194 1398 6.
1235 1331 1357 1397 Verona
1376 1335 1413 1420 ¹).

484 1451 618 1514 LUCIUS
641 1451 828 1533 episcopus,
852 1471 963 1514 servus
985 1471 1152 1513 servorum
1177 1451 1245 1527 dei,
1277 1451 1403 1514 dilectis
1427 1451 1511 1528 filiis,
1535 1451 1725 1514 decumanis
1745 1451 1884 1515 ecclesie
1906 1451 2009 1514 beate

325 1539 428 1602 Marie
457 1539 692 1616 Vercellensi5‚
730 1540 869 1602 salutem
906 1550 940 1604 et
976 1540 1194 1622 apostolicam
1231 1540 1507 1604 benedictionem.
1535 1538 1539 1623 Ι
1567 1539 1690 1604 Oblata
1721 1541 1817 1604 nobis
1848 1541 2009 1603 autentici

325 1629 530 1692 instrumenti
560 1629 682 1712 pagina
711 1628 896 1706 declaravit,
927 1630 1027 1711 quod,
1051 1650 1125 1692 cum
1148 1626 1175 1713 ἢ)
1204 1629 1287 1692 inter
1310 1650 1369 1692 vos
1393 1640 1426 1693 et
1449 1629 1588 1692 dilectos
1612 1628 1697 1692 filios
1720 1640 1861 1706 nostros,
1883 1627 1887 1712 Ι
1908 1649 2009 1692 cano-

326 1719 418 1781 nicos
451 1717 587 1782 ecclesie
620 1731 740 1795 vestre,
773 1739 871 1801 super
903 1718 1064 1782 electione
1097 1720 1352 1783 decumanorum
1370 1715 1395 1802 ²)
1429 1719 1558 1800 questio
1590 1728 1776 1794 verteretur,
1809 1719 2009 1781 venerabilis

325 1807 423 1870 frater
453 1816 566 1870 noster
594 1808 771 1884 Hubertus,
804 1807 1061 1872 Mediolanensis
1093 1809 1360 1891 archiepiscopus
1378 1805 1413 1892 ³),
1437 1809 1588 1871 Romane
1611 1806 1748 1871 ecclesie
1778 1807 1956 1871 cardinalis
1972 1805 2009 1890 ⁴),

323 1906 402 1959 tunc
426 1896 682 1960 Mediolanensis
706 1895 842 1960 ecclesie
866 1897 1124 1974 archidiaconus,
1149 1898 1190 1961 de
1214 1898 1371 1962 mandato
1394 1899 1483 1960 bone
1506 1897 1663 1960 memorie
1678 1896 1811 1979 Algisii,
1836 1897 2010 1979 quondam

325 1985 583 2049 Mediolanensis
600 1986 839 2068 archiepiscopi
851 1983 886 2072 ⁵),
910 1987 1049 2051 eandem
1067 1987 1220 2051 discussit
1235 1987 1349 2051 ordine
1372 1987 1520 2068 legitimo
1537 1987 1744 2068 questionem
1764 1997 1806 2063 et,
1823 1987 2010 2049 rationibus

326 2073 501 2138 hincinde
527 2075 645 2138 auditis
669 2085 702 2138 ct
726 2077 876 2156 cognitis,
907 2077 949 2139 de
980 2076 1118 2139 consilio
1149 2077 1335 2160 sapientum
1365 2078 1508 2138 virorum
1532 2075 1669 2139 liberam
1693 2096 1752 2138 vos
1776 2075 1899 2139 habere
1922 2074 2009 2138 elec·

324 2163 450 2227 tionem
474 2164 731 2227 decumanorum
761 2185 820 2246 per
843 2166 1050 2229 diffinitivam
1074 2166 1271 2229 sententiam
1296 2165 1459 2240 iudicavit,
1491 2165 1536 2228 ita
1560 2164 1650 2245 quod
1674 2165 1881 2241 electionem,
1904 2184 2009 2246 quam

325 2253 464 2335 predicti
495 2254 644 2316 canonici
669 2251 696 2337 b)
721 2254 763 2316 de
785 2251 814 2337 b)
838 2254 968 2318 duobus
990 2253 1019 2339 b)
1044 2254 1233 2318 decumanis
1264 2255 1417 2331 fecerant,
1449 2255 1481 2317 in
1512 2253 1659 2316 eiusdem
1689 2274 1786 2317 cause
1814 2255 2009 2335 cognitione

326 2353 488 2406 cassatam
513 2343 630 2405 nullius
655 2345 813 2406 momenti
838 2344 907 2407 lore
932 2343 1084 2407 decrevit.
1130 2344 1176 2408 Ut
1208 2344 1305 2426 igitur
1327 2344 1489 2407 sententia
1513 2343 1594 2425 ipsa,
1625 2344 1709 2405 sicut
1732 2343 1775 2406 ab
1799 2363 1840 2406 eo
1863 2344 2008 2406 rationa-

326 2430 435 2495 biliter
458 2429 524 2494 lata
547 2442 605 2507 est,
629 2443 822 2514 perpetuam
839 2433 988 2516 optineat
1010 2433 1208 2508 firmitatem,
1232 2453 1303 2508 noa,
1320 2453 1393 2496 eam
1411 2442 1515 2496 ratam
1539 2452 1611 2495 esse
1627 2432 1785 2508 volentes,
1809 2433 2009 2495 auctoritate

327 2519 512 2602 apostolica
535 2520 766 2584 confirmamus
790 2532 823 2585 et
846 2524 1008 2605 presentis
1032 2522 1144 2604 scripti
1168 2523 1353 2604 patrocinio
1377 2521 1627 2585 communimus.
1665 2520 1754 2584 Nulli
1771 2541 1850 2604 ergo
1867 2522 2008 2584 omnino

325 2609 496 2674 hominum
520 2608 625 2686 liceat,
656 2609 740 2674 hanc
770 2613 925 2693 paginam
956 2621 1067 2674 nostre
1097 2612 1355 2674 confirmationis
1386 2611 1561 2692 infringere
1590 2609 1641 2673 vel
1672 2611 1701 2673 ei
1725 2630 1806 2673 ausu
1828 2611 2008 2674 temerario

326 2700 496 2763 contraire.
542 2698 577 2762 Si
608 2700 681 2781 quis
718 2710 827 2763 autem
865 2701 929 2764 hoc
959 2709 1156 2783 attemptare
1186 2701 1430 2783 presumpserit,
1461 2694 1734 2780 indignatilonem
1764 2701 2008 2782 omnipotentis

326 2788 379 2851 dei
409 2797 442 2852 et
471 2788 644 2852 beatorum
675 2789 760 2852 Petri
790 2799 824 2853 et
846 2789 946 2866 Pauli,
977 2789 1204 2871 apostolorum
1235 2789 1313 2867 eius,
1344 2810 1380 2852 se
1410 2788 1537 2852 noverit
1576 2789 1786 2852 incursurum.
1817 2824 1861 2834 -
1891 2790 1974 2852 Dat.
2000 2789 2006 2873 1

324 2878 467 2955 Verane,
490 2891 517 2940 11
539 2878 617 2941 Non
642 2879 778 2942 Octobr.

488 2990 532 3042 Or.
550 2992 584 3042 im
602 2991 716 3044 Arcamo
737 2991 871 3056 capitolare
887 3008 919 3042 ru
944 2992 1050 3042 Vercelli.

486 3063 556 3130 Perg.
574 3063 635 3124 irad,
653 3065 689 3113 br.
709 3065 777 3126 0‚21,
796 3064 858 3128 lang
873 3064 960 3125 0,)05,
979 3069 1053 3114 maon
1072 3065 1150 3122 ΟΜ
1169 3065 1360 3130 umgescollagen,
1379 3064 1458 3114 durch
1475 3062 1533 3113 :roei
1549 3061 1641 3113 delm
1657 3061 1716 3129 geht
1732 3062 1770 3111 die
1793 3078 1849 3111 rosa
1866 3063 1925 3112 arod
1942 3063 2010 3128 gella

325 3133 509 3196 Seidoasclrm
529 3137 601 3186 deren
619 3135 745 3202 Blasiegel
759 3137 876 3196 oerloren,
895 3135 1005 3202 Faltung
1022 3136 1066 3185 dor
1081 3135 1186 3186 arcam.

1072 3419 1139 3494 Nr.
1163 3423 1252 3496 363.

332 3551 440 3617 Urban
456 3551 521 3615 III
541 3550 735 3615 entscloer'det
757 3547 848 3614 eoiren
864 3549 966 3614 Streit
987 3550 1147 3614 zwisalten
1169 3550 1243 3615 dem
1258 3551 1430 3636 Hospitale
1450 3573 1511 3616 von
1526 3550 1648 3635 Stagna
1669 3552 1739 3615 und
1758 3551 1832 3614 m
1847 3548 1930 3612 Aba
1946 3569 2008 3613 von

324 3641 393 3706 San
409 3641 507 3704 Paola
523 3639 582 3722 (D.
598 3637 691 3728 Pisa)
706 3659 816 3723 wegen
831 3641 919 3703 eines
933 3639 1109 3704 Bellatores
1123 3661 1164 3704 au
1184 3640 1325 3705 Gunsten
1345 3641 1403 3705 des
1424 3652 1567 3706 ersteren
1589 3641 1659 3704 und
1678 3639 1762 3722 troffl
1786 3637 2007 3716 Vorschristea

788 3729 866 3793 r'o‘ber
879 3730 935 3792 die
959 3729 1057 3792 Walel
1068 3729 1126 3794 des
1142 3728 1479 3814 Boream-&pellam
1495 3731 1532 3816 ⁶).

855 3845 1069 3909 1185-1186
1083 3845 1264 3910 December
1276 3848 1305 3908 5.
1345 3841 1474 3909 Verona.

484 3963 655 4028 URBANUS
679 3965 865 4046 episcopus
890 3982 1000 4025 servus
1024 3982 1191 4025 servorum
1216 3963 1277 4039 dei,
1302 3960 1429 4026 dilectis
1453 3961 1526 4025 filiis
1550 4011 1557 4024 .
1591 3962 1770 4043 ,magistro
1792 3971 1826 4024 et
1849 3962 2006 4026 iratribus

325 4051 551 4116 elemosinarie
588 4054 706 4115 domus
744 4052 785 4114 de
823 4045 985 4136 Stanglno
1003 4047 1046 4134 ἵ),
1088 4050 1226 4115 salutem
1265 4062 1298 4115 et
1335 4050 1553 4134 apostolicam
1590 4051 1864 4116 benedictionem.
1919 4051 2006 4115 Cum

324 4143 467 4205 venisset
491 4141 669 4205 adsedem
694 4138 913 4224 apostolicam
937 4141 1073 4203 nuncius
1096 4151 1204 4204 vester
1227 4150 1259 4204 et
1283 4141 1419 4204 nuncius
1444 4140 1554 4204 dilecti
1577 4139 1634 4202 filii
1659 4188 1665 4202 .
1689 4189 1696 4202 .
1720 4140 1851 4204 abbatis
1871 4137 1876 4224 Ι
1897 4141 2005 4204 sancti

324 4229 414 4294 Pauli
444 4251 505 4312 pro
538 4231 776 4306 controversia,
814 4250 877 4311 que
907 4229 1094 4292 vertebatur
1128 4230 1213 4292 inter
1241 4250 1301 4292 vos
1338 4239 1371 4293 et
1408 4229 1516 4311 ipsum
1546 4229 1701 4292 abbatem
1734 4249 1834 4311 super
1856 4231 2005 4312 quodam

325 4320 480 4396 oratorio,
513 4320 651 4384 avobis
675 4320 707 4382 in
731 4319 862 4381 civitate
886 4317 1003 4381 Pisana
1027 4328 1224 4393 constructo,
1258 4328 1290 4382 et
1323 4319 1459 4383 nuncius
1492 4318 1594 4400 ipsius
1628 4318 1758 4381 abbatis
1791 4330 2005 4402 proponeret,

325 4409 502 4472 oratorium
527 4409 635 4491 ipsum
659 4409 691 4471 in
715 4407 887 4491 parrochia
911 4407 1012 4490 ipsius
1035 4409 1224 4470 monasterii
1248 4409 1281 4471 in
1305 4410 1354 4472 sui
1378 4408 1454 4470 iuris
1477 4407 1691 4489 preiudicium
1715 4417 1831 4472 contra
1853 4419 2004 4472 tenorem

324 4498 577 4579 privilegiorum,
609 4518 673 4579 que
696 4518 716 4560 a
738 4498 817 4560 sede
841 4496 1026 4578 apostolica
1049 4496 1156 4559 eidem
1180 4499 1381 4561 monasterio
1405 4506 1480 4560 sunt
1504 4495 1638 4572 indulta,
1670 4507 1824 4574 erectum,
1848 4508 1882 4561 et
1906 4518 2004 4561 cause

325 4588 593 4650 commissionem
624 4607 698 4650 cum
729 4587 885 4650 instantia
914 4585 1097 4668 postularet
1133 4595 1167 4648 et
1197 4587 1333 4649 nuncius
1363 4597 1472 4649 vester
1501 4595 1675 4662 assereret,
1707 4607 1768 4649 vos
1798 4587 1841 4650 de
1871 4585 2004 4650 licentia

324 4675 412 4739 sedis
437 4676 619 4759 apostolice
642 4677 730 4738 idem
754 4676 932 4738 oratorium
956 4675 1178 4738 construxisse
1202 4686 1235 4739 et
1258 4675 1382 4739 litteras
1405 4685 1532 4758 peteret
1548 4675 1815 4750 confirmationis,
1840 4695 1903 4739 nos
1925 4687 2004 4758 post

324 4764 383 4828 has
408 4775 440 4829 et
464 4764 544 4829 alias
567 4786 680 4829 eorum
705 4765 961 4848 disceptationes
985 4765 1138 4826 duximus
1169 4765 1388 4841 statuendum,
1419 4776 1454 4829 ut
1477 4784 1537 4827 vos
1554 4765 1739 4850 oratorium
1763 4765 1881 4847 ipsum,
1912 4765 2003 4827 iuxta
2051 4803 2054 4822 .

325 4854 416 4936 quod
453 4855 556 4918 felicis
593 4853 845 4930 recordationiS,
889 4853 1009 4916 Lucius
1049 4873 1152 4935 papa,
1196 4855 1412 4936 predecessor
1450 4864 1577 4930 noster,
1622 4853 1775 4916 statuisse
1812 4853 2001 4930 dinoscitur,

323 4943 483 5020 habeatis
517 4944 549 5010 in
583 4964 648 5026 quo
678 4954 872 5026 perpetuum
897 4941 1110 5025 capellanum,
1136 4942 1190 5024 qui
1215 4943 1309 5007 vobis
1333 4954 1366 5007 et
1390 4943 1511 5006 familie
1534 4950 1641 5004 vestre
1664 4943 1734 5004 sine
1757 4962 1817 5004 usu
1841 4963 2001 5025 campane

324 5031 435 5096 divina
459 5032 578 5096 debeat
602 5032 775 5108 celebrare,
800 5031 940 5113 eligendi
964 5031 1059 5094 vobis
1090 5030 1192 5094 libera
1221 5032 1264 5095 sit
1288 5031 1433 5108 facultas,
1464 5032 1511 5094 sic
1534 5039 1654 5106 tamen,
1679 5030 1769 5111 quod
1793 5040 1880 5108 ante,
1905 5051 2001 5114 quam

324 5142 435 5185 curam
459 5120 510 5184 vel
541 5121 857 5184 administrationem
888 5120 1032 5202 recipiat,
1064 5119 1242 5183 venerabili
1275 5121 1364 5186 fratri
1397 5129 1511 5183 nostro
1537 5119 1717 5182 ..Pisano
1751 5120 2001 5203 archiepiscopo

323 5220 540 5293 presentetur,
565 5231 584 5273 a
608 5230 674 5292 quo
698 5209 833 5291 recipiet
857 5209 888 5272 in
912 5210 1030 5271 virtute
1054 5209 1242 5272 obedientie
1266 5211 1298 5272 in
1322 5209 1494 5284 mandatis,
1518 5207 1609 5290 quod
1633 5206 1768 5271 aliarum
1791 5209 1999 5273 ecclesiarum

325 5301 469 5364 maxime
493 5297 631 5362 ecclesie
654 5299 757 5362 sancti
781 5296 871 5361 Pauli
894 5297 1130 5380 parrochianos
1155 5298 1196 5360 ad
1221 5293 1355 5384 [div]ina
1379 5299 1488 5362 officia
1512 5319 1578 5361 non
1603 5295 1764 5360 admittat.
1810 5297 1901 5362 Nulli
1924 5317 1999 5380 ergo

484 5459 509 5518 a)
529 5457 589 5522 Aoos
602 5460 688 5506 Rasur
703 5473 752 5508 aaa
770 5455 804 5506 od
876 5457 905 5523 b)
924 5457 977 5522 aus
988 5459 1079 5506 Rarior.
1099 5497 1151 5502 -
1171 5461 1207 5524 .ι)
1226 5457 1275 5507 Die
1289 5457 1440 5522 Jahreszahl
1453 5457 1540 5522 ergr'ebt
1556 5457 1606 5509 siclo
1624 5473 1671 5507 aur
1687 5459 1760 5508 Anu.
1775 5459 1800 5508 3.
1876 5465 1903 5514 ι)
1925 5457 1998 5522 Vorgl.

322 5528 375 5579 hier
391 5529 429 5578 die
446 5529 643 5594 &staammgm
660 5530 687 5578 in
705 5529 749 5578 der
770 5527 887 5579 Urkrmde
904 5529 1021 5580 Innocens
1040 5529 1074 5588 ΙΙ,
1094 5530 1264 5579 troo-11⁴3
1276 5529 1332 5578 rard
1341 5529 1441 5594 Eugeors
1453 5529 1560 5578 IIIvom
1573 5533 1588 5578 2
1602 5529 1660 5580 Mai
1672 5534 1745 5580 1151.
1819 5531 1847 5593 3)
1869 5530 1954 5580 Uerno
1965 5527 1997 5588 ΙΙ,

323 5601 470 5665 Enbirrhos
482 5615 531 5650 von
549 5601 673 5662 Mar'land,
696 5603 765 5652 1185
785 5601 1026 5666 (Jamar)-1185,
1052 5601 1137 5649 morde
1162 5600 1238 5664 Paper
1265 5600 1350 5650 Urban
1369 5601 1419 5650 III.
1490 5607 1518 5661 4)
1543 5600 1627 5650 meo
1651 5617 1707 5650 coar
1734 5599 1862 5651 Caralim
1882 5601 2000 5666 presbyter

323 5673 359 5722 rie.
379 5673 405 5721 S.
424 5673 554 5722 Laurentii
569 5674 596 5724 r'n
608 5675 725 5732 Damaso,
743 5673 786 5722 seir
802 5673 995 5738 Jaoruar1183.
1069 5682 1095 5737 5)
1113 5671 1212 5737 Adtrita,
1232 5670 1377 5737 Enbirchos
1389 5689 1437 5723 von
1451 5671 1574 5731 Mailand,
1594 5675 1776 5722 rire-1184.
1850 5673 1878 5736 6)
1898 5669 2000 5722 aaa&

323 5744 415 5793 staturi
431 5743 514 5794 rhediri
530 5745 593 5796 della
608 5744 670 5795 ctat
689 5746 716 5795 di
736 5744 793 5794 Pisa
814 5744 833 5793 I
841 5752 868 5808 p.
882 5744 942 5805 324,
960 5743 987 5793 in
1005 5743 1069 5794 einer
1086 5743 1247 5808 Anmerkuag
1259 5743 1384 5808 gedmrkt.
1459 5749 1485 5807 7)
1505 5744 1574 5809 Liogr
1590 5743 1706 5795 noisrhen
1727 5744 1785 5793 lisa
1810 5745 1868 5794 ruod
1890 5745 1997 5793 Lm
