4142 6366
345 361 410 427 ²90

343 555 436 616 quos,
460 536 573 616 utique
595 555 614 598 a
637 532 923 617 predecessoribus
947 532 1074 606 nostris,
1098 532 1255 595 Romanis
1282 529 1500 614 pontificibus,
1524 529 1662 594 ecclesie
1685 531 1802 595 Pisane
1826 547 2006 606 concessos

343 620 397 710 [in]
414 624 515 686 insula
532 623 672 701 Corsice,
687 644 706 685 a
722 624 955 704 predecessore
974 629 1041 696 tuo,
1054 621 1140 684 bone
1158 623 1314 685 memorie
1330 617 1605 706 archliepisco]po
1621 620 1807 684 Humberto
1827 619 1861 706 ¹),
1885 621 2008 702 accepit

341 712 372 775 in
398 711 578 776 Gallurensi
607 713 749 775 iudicatu
780 713 865 774 duos
895 713 1113 792 episcopatus,
1154 709 1406 774 Galtelinensem
1452 708 1606 772 videlicet
1646 717 1679 772 et
1710 709 1956 784 Civitatensem‚
1978 717 2008 771 et

343 801 603 884 Popoliniensem
629 803 865 884 episcopatum,
889 800 949 862 sibi
966 801 1097 880 suisque
1113 800 1352 862 successoribus
1369 808 1401 863 et
1418 818 1477 881 per
1492 817 1549 860 eos
1565 797 1700 861 ecclesie
1717 799 1833 863 Pisane
1849 800 2008 862 concessit

343 899 376 952 et
399 890 640 973 metropolitico
672 892 741 952 iure
770 889 917 953 subiecit.
971 886 1043 951 Nos
1074 891 1200 969 itaque,
1230 890 1286 968 qui
1317 891 1348 951 in
1380 889 1467 951 sedis
1498 887 1680 969 apostolice
1711 889 2007 960 amministratione,

343 979 418 1042 licet
441 980 580 1060 indigni,
612 979 808 1060 disponente
831 979 982 1051 domino,
1013 976 1076 1040 sibi
1105 979 1330 1052 successimus
1361 978 1500 1040 eandem
1524 979 1770 1040 concessionem
1795 977 2008 1041 antecessoris

343 1069 450 1144 nostri,
481 1067 583 1131 felicis
614 1069 771 1131 memorie
795 1065 1010 1129 ALEXANDRI
1034 1086 1121 1149 pape
1138 1065 1177 1150 ²),
1210 1069 1354 1148 vestigiis
1377 1066 1577 1139 inherentes,
1609 1067 1803 1130 auctoritate
1826 1065 2008 1148 apostolica

343 1157 571 1220 confirmamus
599 1165 631 1220 et
661 1165 762 1219 ratam
796 1175 926 1219 manere
957 1175 1136 1218 censemus
1184 1155 1455 1220 Predecessorum
1488 1175 1620 1237 quoque
1651 1165 1837 1219 nostrorum
1869 1155 2008 1236 vestigiis

342 1245 534 1321 inherentes,
556 1246 647 1308 vobis
664 1248 821 1328 primatus
842 1246 999 1308 honorem
1017 1244 1188 1307 Turritane
1203 1247 1371 1327 provincie
1387 1244 1625 1307 confirmamus.
1664 1243 1720 1307 Ad
1737 1247 1897 1308 maiorem
1914 1245 2009 1306 etiam

343 1333 474 1398 honoris
491 1335 653 1398 cumulum
670 1335 783 1397 Pisane
799 1334 946 1412 civitatis,
971 1342 1006 1396 ut
1024 1334 1142 1399 Pisana
1158 1334 1295 1398 ecclesia
1311 1355 1385 1397 cum
1401 1334 1551 1397 universo
1568 1335 1714 1398 eiusdem
1731 1335 1872 1397 civitatis
1889 1332 2009 1415 populo

343 1425 375 1487 in
391 1424 547 1488 fidelitate
562 1430 661 1504 atque
677 1423 853 1487 devotione
863 1431 1070 1487 sacrosancte
1082 1422 1228 1486 Romane
1245 1423 1381 1486 ecclesie
1397 1423 1513 1504 iugiter
1528 1432 1714 1505 perseveret
1723 1433 1755 1486 et
1767 1423 1799 1484 in
1809 1425 1881 1505 ipsa
1894 1422 2009 1484 cotidie

342 1520 577 1595 augmentetur,
600 1534 661 1595 pro
678 1513 853 1576 devotione
868 1531 1001 1594 quoque
1017 1520 1049 1574 et
1063 1510 1237 1575 honestate
1252 1519 1316 1589 tua,
1332 1512 1430 1575 irater
1445 1511 1609 1586 Hubalde,
1626 1511 1741 1576 Pisane
1756 1511 2009 1594 archiepiscope,

343 1607 516 1684 personam
532 1608 621 1664 tuam
638 1610 671 1665 et
687 1622 746 1684 per
760 1609 793 1664 te
809 1601 957 1665 Pisanam
974 1600 1142 1664 ecclesiam
1159 1601 1320 1684 ampliore
1336 1621 1470 1664 munere
1484 1600 1634 1664 volumus
1651 1602 1808 1664 decorari.
1839 1600 1919 1663 Tibi
1934 1620 2008 1681 ergo

343 1693 473 1772 tuisque
487 1691 727 1754 successoribus
744 1693 917 1773 primatum
933 1710 1032 1773 super
1055 1689 1270 1754 Caralitanam
1295 1699 1328 1753 et
1343 1689 1567 1754 Arborensem
1592 1693 1777 1772 provincias
1801 1691 1915 1753 datum
1938 1708 2009 1751 con·

344 1781 489 1842 cedimus
513 1789 546 1842 et
568 1782 761 1843 auctoritate
783 1780 869 1843 sedis
892 1779 1074 1862 apostolice
1101 1779 1345 1856 confirmamus,
1377 1781 1422 1842 ita
1453 1779 1601 1859 quidem,
1634 1788 1669 1841 ut
1692 1799 1749 1843 eos
1772 1781 1814 1842 ad
1838 1777 2009 1841 concilium

343 1870 489 1945 vocandi,
521 1888 673 1932 excessus
696 1890 809 1932 eorum
833 1869 1016 1951 corrigendi
1039 1877 1072 1931 et
1094 1869 1124 1930 in
1148 1869 1298 1933 doctrina
1319 1869 1503 1951 apostolica
1527 1867 1750 1944 confirmandi,
1779 1877 1882 1948 atque
1906 1875 2009 1929 cetera

344 1959 464 2034 omnia,
496 1978 560 2040 que
582 1959 624 2021 ad
648 1960 697 2021 ius
720 1960 877 2040 primatus
907 1959 1084 2041 pertinent,
1115 1959 1147 2020 in
1178 1978 1236 2021 eos
1267 1958 1441 2021 exercendi
1470 1956 1618 2021 habeatis
1648 1958 1783 2021 liberam
1815 1956 2009 2020 facultatem.

342 2047 564 2111 Veruntamen
580 2047 835 2129 supradictarum
852 2048 987 2111 duarum
1005 2049 1244 2130 provinciarum
1255 2046 1519 2130 archiepiscopos
1535 2047 1578 2109 ad
1591 2048 1760 2110 concilium
1773 2068 1840 2110 non
1851 2045 2009 2109 vocabitis

344 2136 434 2199 Pisas
456 2137 523 2199 sine
547 2137 742 2200 conscientia
764 2137 904 2200 Romani
928 2136 1097 2219 pontificis.
1143 2133 1251 2219 Super
1265 2136 1470 2200 Turritanam
1490 2155 1568 2199 vero
1593 2137 1791 2217 provinciam
1815 2137 2009 2217 dignitatem

344 2226 508 2308 primatus,
538 2227 622 2288 sicut
644 2247 663 2288 a
686 2226 972 2308 predecessoribus
997 2228 1114 2288 nostris
1138 2225 1274 2290 ecclesie
1296 2227 1411 2288 Pisane
1435 2244 1627 2288 concessum
1651 2232 1716 2300 est,
1746 2224 1907 2289 habeatis.
1953 2223 2008 2286 Le·

343 2314 507 2397 gationem
524 2332 656 2394 quoque
671 2312 828 2390 Sardinie,
844 2337 863 2378 a
879 2315 1111 2398 predecessore
1126 2323 1248 2390 nostro,
1265 2335 1352 2397 papa
1366 2314 1527 2390 URBANO,
1551 2315 1839 2397 predecessoribus
1855 2315 1921 2377 tuis
1937 2333 2010 2375 con·

344 2423 468 2467 cessam
492 2411 525 2466 et
547 2403 648 2466 felicis
671 2405 905 2467 recordationis
928 2406 1148 2479 INNOCENTII,
1174 2403 1334 2478 EUGENn,
1357 2403 1553 2467 ANASTASII
1575 2413 1675 2484 atque
1696 2403 1925 2479 ALEXANDRI,
1949 2402 2010 2465 Ro

344 2513 513 2556 manorum
529 2492 728 2574 pontificum,
745 2494 918 2575 privilegiis
926 2494 956 2556 in
972 2503 1166 2576 perpetuum
1179 2494 1375 2570 roboratam,
1388 2493 1444 2556 tibi
1456 2495 1586 2572 tuisque
1597 2493 1839 2558 successoribus
1852 2493 2011 2575 presentis

342 2582 453 2664 scripti
485 2581 602 2663 pagina
625 2581 855 2645 confirmamus
888 2591 921 2646 et
952 2582 1232 2646 confirmationem
1263 2583 1366 2666 ipsam
1397 2591 1500 2646 ratam
1529 2591 1562 2646 et
1590 2583 1812 2646 inconvulsam
1846 2581 2011 2664 perpetuis

344 2669 548 2752 temporibus
570 2670 773 2733 decernimus
804 2691 1004 2753 permanere.
1050 2671 1215 2752 Denique,
1247 2681 1281 2734 ut
1303 2673 1419 2735 Pisana
1449 2673 1575 2746 civitas,
1607 2691 1672 2752 que
1692 2671 1720 2758 ε)
1748 2671 1859 2735 savore
1882 2669 2010 2734 celestis

345 2759 483 2822 numinis
507 2760 549 2822 de
571 2759 709 2822 inimicis
734 2756 922 2846 christia[ni]
946 2761 1084 2823 nominis
1106 2762 1274 2824 victoriam
1306 2761 1492 2842 frequenter
1529 2761 1672 2824 obtinuit
1708 2770 1742 2825 et
1772 2781 1885 2824 eorum
1917 2759 2010 2822 urbes

344 2848 498 2930 plurimas
506 2848 694 2929 subiugavit,
707 2849 844 2930 amplius
856 2847 1043 2924 honoretur,
1059 2869 1144 2930 equo
1153 2850 1228 2913 albo
1242 2870 1314 2913 cum
1328 2870 1429 2913 nacco
1449 2850 1477 2935 b)
1493 2850 1569 2914 albo
1581 2851 1612 2912 in
1625 2851 1888 2933 processionibus
1901 2848 2009 2912 utendi

345 2946 378 3000 et
401 2957 539 3012 crucem,
570 2936 721 3000 vexillum
746 2937 869 3000 scilicet
891 2939 1099 3013 dominicum,
1129 2957 1188 3020 per
1211 2939 1375 3002 subiectas
1398 2940 1492 3003 vobis
1516 2940 1699 3021 provincias
1722 2939 1874 3022 portandi
1898 2948 1934 3001 et
1955 2956 2010 3021 per

344 3028 484 3108 spatium
509 3025 586 3088 illud
610 3025 872 3090 Vulterranensis
895 3028 1113 3109 episcopatus,
1145 3047 1212 3108 quo
1243 3029 1286 3092 de
1310 3027 1425 3092 Pisano
1454 3029 1645 3112 episcopatu
1669 3031 1710 3093 ad
1735 3027 2008 3110 Popoloniensem

344 3118 505 3191 transitur,
539 3114 598 3177 tibi
621 3117 751 3196 tuisque
782 3117 1024 3179 successoribus
1048 3116 1208 3179 licentiam
1233 3118 1356 3180 damus.
1402 3117 1500 3182 Pallei
1533 3137 1666 3199 quoque
1697 3138 1789 3181 usum
1821 3115 2009 3180 fraternitati

344 3213 400 3267 tue
430 3204 655 3278 concedimus,
686 3212 721 3266 ut
744 3205 897 3267 videlicet
927 3225 967 3268 eo
1001 3206 1179 3268 secundum
1212 3207 1481 3270 consuetudinem
1515 3206 1630 3270 Pisane
1660 3207 1797 3270 ecclesie
1837 3205 2009 3288 perfruaris

345 3301 379 3355 et
402 3295 435 3356 in
467 3292 763 3355 consecrationibus
787 3294 881 3356 trium
906 3295 1136 3377 episcoporum
1169 3295 1200 3355 in
1231 3293 1378 3370 Corsica,
1402 3296 1590 3360 Alleriensis
1614 3297 1746 3371 scilicet,
1778 3294 1951 3358 Aiacensis
1980 3301 2009 3356 et

345 3379 522 3464 Saguntini,
545 3400 584 3445 ac
607 3381 826 3464 predictorum
851 3383 987 3446 duorum
1013 3385 1045 3445 in
1061 3381 1211 3446 Sardinia
1236 3393 1268 3446 et
1285 3384 1532 3467 Popoloniensis
1548 3386 1704 3469 episcopi,
1728 3405 1869 3466 quorum
1893 3391 2008 3448 metro-

345 3471 509 3554 politanus
542 3471 662 3532 existis.
708 3471 742 3535 Si
775 3490 840 3552 qua
875 3474 971 3555 igitur
1001 3476 1033 3535 in
1065 3481 1231 3556 posterum
1265 3474 1485 3537 ecclesiastica
1514 3477 1710 3538 secularisve
1741 3493 1918 3556 personam
1945 3522 1950 3535 .
1973 3517 2007 3532 ..

345 3559 477 3624 Cunctis
500 3566 609 3622 autem
635 3609 640 3622 .
666 3609 672 3622 .
696 3608 703 3621 .
728 3559 899 3624 inveniant.
944 3561 1063 3624 Amen.
1088 3560 1177 3624 A·m.
1202 3562 1320 3626 Amen.
1343 3599 1387 3609 —

555 3648 611 3730 (R)
634 3650 707 3732 Ego
730 3649 850 3713 Lucius
874 3650 1033 3715 catholice
1057 3651 1194 3715 ecclesie
1217 3651 1391 3733 episcopus
1414 3673 1456 3714 ss.
1479 3649 1540 3737 (M)

554 3736 575 3817 †
597 3738 670 3820 Ego
694 3737 884 3803 Theodinus
907 3740 1093 3804 Portuensis
1115 3749 1149 3803 et
1170 3748 1283 3804 sancte
1308 3741 1423 3804 Rufine
1445 3742 1532 3804 sedis
1557 3743 1734 3824 episcopus
1757 3761 1798 3804 ss

555 3821 575 3908 †
598 3827 671 3908 Ego
696 3827 811 3892 Paulus
835 3829 1039 3893 Prenestinus
1063 3831 1238 3912 episcopus
1261 3851 1301 3893 ss.
1326 3827 1371 3914 (7)

554 3949 599 3960 -
621 3912 641 3997 †
664 3917 737 3997 Ego
760 3917 873 3980 Petrus
896 3919 942 3980 tit.
967 3927 1079 3982 sancte
1102 3915 1274 4005 Sus[ann]e
1298 3920 1460 4001 presbiter
1482 3916 1654 3982 cardinalis
1677 3937 1718 3980 ss.

555 4000 575 4085 †
599 4005 671 4086 Ego
695 4004 848 4068 Vivianns
872 4008 1032 4088 presbiter
1056 4008 1226 4071 cardinalis
1250 4009 1296 4071 tit.
1319 4011 1422 4072 sancti
1439 4006 1600 4091 Stephani
1624 4009 1655 4070 in
1673 4003 1764 4070 Celio
1781 4015 1892 4069 monte
1910 4026 1950 4068 ss
1966 3999 2006 4086 (1)

554 4089 574 4174 †
598 4094 671 4175 Ego
694 4093 793 4176 Hugo
817 4096 977 4177 presbiter
999 4096 1169 4160 cardinalis
1193 4097 1274 4160 TiT.
1299 4098 1400 4160 sancti
1424 4096 1601 4161 Clementis
1624 4115 1666 4158 ss.

554 4178 574 4263 †
598 4181 671 4263 Ego
695 4180 859 4247 Arduinus
882 4187 1043 4266 presbiter
1065 4186 1236 4250 cardinalis
1258 4189 1305 4249 tit.
1328 4197 1441 4250 sancte
1465 4185 1575 4250 Crucis
1599 4187 1631 4248 in
1655 4185 1830 4248 Ierusalem
1853 4205 1893 4248 ss.
1918 4179 1963 4268 (2)

553 4269 574 4350 †
597 4269 669 4351 Ego
693 4271 844 4334 Matheus
867 4275 1028 4355 presbiter
1051 4275 1223 4338 cardinalis
1246 4276 1292 4339 tit.
1315 4279 1417 4339 sancti
1442 4275 1586 4339 Marcelli
1609 4294 1651 4337 ss.
1675 4271 1721 4359 (Ι)

552 4355 573 4440 †
595 4359 668 4440 Ego
692 4359 859 4424 Laborans
883 4365 1043 4444 presbiter
1066 4365 1236 4427 cardinalis
1259 4373 1371 4428 sancte
1395 4364 1496 4428 Marie
1512 4363 1748 4428 Transtiberim
1771 4364 1820 4424 tit
1838 4361 1955 4425 Calixti
1969 4378 2006 4421 ss.

553 4483 597 4491 -
619 4451 640 4526 †
663 4445 735 4529 Ego
758 4449 914 4513 iacinctus
938 4452 1094 4516 diaconus
1117 4452 1284 4517 cardinalis
1307 4462 1419 4517 sancte
1443 4453 1546 4517 Marie
1568 4454 1598 4516 in
1624 4450 1819 4532 Cosmydyn
1843 4471 1883 4512 ss.

554 4533 574 4618 †
597 4536 670 4618 Ego
692 4537 859 4602 Rainerius
883 4541 1038 4606 diaconus
1062 4541 1233 4605 cardinalis
1256 4544 1359 4607 sancti
1383 4542 1514 4625 Georgii
1538 4544 1581 4605 ad
1601 4541 1719 4605 Velum
1744 4561 1880 4604 aureum
1904 4559 1944 4602 ss.

553 4624 572 4705 †
596 4627 668 4707 Ego
694 4624 867 4691 Gratianus
889 4640 1074 4694 sanctorum
1099 4631 1218 4696 Cosme
1242 4639 1275 4694 et
1298 4632 1450 4696 Damiani
1474 4632 1644 4695 cardinalis
1668 4651 1709 4694 ss.

552 4713 572 4794 †
595 4713 668 4796 Ego
693 4713 861 4780 Rainerius
884 4719 1041 4784 diaconus
1065 4720 1235 4784 cardinalis
1258 4723 1359 4784 sancti
1383 4720 1520 4785 Adriani
1543 4741 1584 4783 ss.

552 4803 574 4880 †
596 4803 668 4885 Ego
694 4804 844 4869 Matheus
866 4817 979 4872 sancte
1004 4811 1107 4874 Marie
1130 4830 1215 4874 nove
1238 4811 1392 4873 diaconus
1416 4809 1588 4874 cardinalis
1611 4829 1652 4872 ss.

499 4886 620 4954 Datum
638 4892 796 4970 Laterani,
821 4916 881 4978 per
896 4918 1026 4962 manum
1042 4898 1181 4974 Alberti,
1206 4908 1318 4962 sancte
1334 4899 1482 4962 Romane
1498 4898 1635 4962 ecclesie
1650 4895 1824 4978 presbiteri
1840 4891 2003 4958 cardinalis

340 4982 374 5037 et
391 4976 583 5042 cancellarii.
616 4995 640 5044 11
652 4981 729 5045 Idus
741 4981 920 5049 Novembr.
948 4987 1127 5051 indictione
1139 5003 1196 5051 xv.
1227 4988 1459 5052 incarnationis
1469 4990 1633 5052 dominice
1645 5007 1731 5049 anno
1744 4996 1894 5048 mclxxx
1909 5027 2002 5045 .....

503 5092 545 5143 Or.
565 5094 627 5159 (Atti
644 5096 739 5145 Rrblicr'
756 5101 819 5148 1181
838 5099 901 5150 Nou.
921 5105 972 5165 12),
992 5104 1025 5152 im
1043 5103 1157 5152 archivio
1175 5103 1202 5151 di
1219 5103 1285 5152 Statu
1303 5119 1332 5152 su
1353 5103 1418 5152 Pisa.

501 5164 570 5230 Perg.
588 5167 647 5227 ital,
666 5168 701 5221 br.
722 5171 805 5230 ursa,
825 5173 886 5238 lang
903 5176 989 5234 0,625,
1009 5175 1054 5224 das
1075 5175 1273 5240 Umgescklagme
1290 5175 1347 5224 und
1360 5176 1398 5224 ein
1416 5174 1490 5222 Str'ick
1507 5175 1584 5224 rechls
1602 5173 1658 5222 wad
1672 5171 1737 5220 links
1755 5171 1814 5219 n'nd
1833 5168 2001 5236 abgeschr'rm,

340 5231 418 5281 durch
436 5233 495 5284 rwei
510 5235 603 5286 Licher
615 5239 678 5303 gr'ng
694 5239 731 5288 die
750 5239 855 5302 Schnur,
874 5246 960 5294 welche
977 5245 1023 5294 mit
1038 5248 1090 5295 dem
1109 5245 1234 5310 Bleisiegel
1248 5249 1364 5295 verloren.
1401 5246 1510 5310 Faltung
1527 5245 1570 5294 der
1586 5245 1684 5294 Bullm.
1704 5242 1842 5307 Rr'ngkrem
1860 5241 1915 5292 md
1929 5241 1949 5290 E
1966 5239 2003 5286 dtr

343 5303 506 5387 Umerscinjt
514 5307 612 5372 su'hren
630 5309 721 5358 dunkle
738 5311 812 5362 Dinte
821 5315 875 5378 su'r
891 5315 947 5376 siclt,
970 5317 1104 5382 Umschn'fl
1120 5319 1211 5367 hellere.
1251 5317 1414 5382 Unterscin'fl
1430 5317 1486 5366 mad
1498 5317 1627 5382 Datinmg
1644 5315 1736 5365 riiitrm
1760 5329 1817 5364 vom
1834 5313 2001 5378 Rupilia*

339 5377 456 5426 scaraber
472 5379 522 5438 lter,
541 5379 587 5428 das
604 5381 627 5430 A
645 5382 738 5430 Altera
755 5385 846 5434 scierint
861 5386 888 5436 in
906 5389 1009 5438 lelatcrer
1025 5391 1071 5439 mit
1092 5389 1222 5438 dunklmr
1239 5389 1314 5438 Dinte
1336 5391 1512 5456 nachgetragen
1535 5405 1564 5436 au
1592 5389 1649 5438 sein.
1684 5386 1733 5434 Die
1750 5384 1932 5449 Zeugmfimm
1954 5378 2004 5430 sind

339 5461 394 5530 'im
410 5453 517 5512 grissten
540 5450 565 5499 T
561 5451 618 5501 heile
635 5469 682 5501 uon
699 5455 816 5504 derselbm
834 5457 913 5507 Hand
928 5461 984 5510 und
998 5462 1073 5509 Dinle
1091 5461 1241 5526 umgefh'irt.
1278 5462 1337 5526 Auf
1349 5462 1394 5510 der
1412 5461 1481 5509 Linie
1499 5459 1625 5510 umerlralh
1650 5459 1689 5508 des
1709 5455 1843 5522 liesbyters
1861 5454 1954 5505 Ardanis
1976 5451 2002 5498 it!

339 5532 389 5567 rnre
402 5536 478 5583 gance
495 5519 634 5586 Singnatur
651 5525 788 5588 weg-radin.

341 5616 399 5624 σ--
615 5624 720 5630 —-—„

499 5665 525 5725 a)
544 5664 582 5713 Im
601 5668 711 5729 qradr'rt
780 5669 806 5725 bl
825 5685 914 5720 nacoo.
940 5711 985 5717 --.
1007 5683 1041 5738 ,1)
1061 5673 1161 5734 Haben,
1174 5675 1371 5738 Erebisclrofrun
1385 5675 1643 5735 stasim-1131.
1717 5684 1743 5725 al
1769 5671 1847 5736 Vergl.
1862 5667 2000 5735 mim

341 5733 418 5782 8126.
441 5733 482 5781 Or.
503 5735 536 5782 im
550 5739 627 5824 {m
646 5739 672 5785 di
690 5739 756 5786 Stolo
773 5756 803 5788 au
823 5741 887 5790 Pr'sa
