4126 6366
312 290 376 368 364

310 476 394 539 odiis
417 479 603 558 amputatis,
635 478 850 539 animosiores
873 484 907 540 et
930 477 1033 558 magis
1057 476 1239 540 concordes
1271 475 1453 539 efficiantur
1476 476 1519 538 ad
1551 475 1638 539 illam
1670 484 1802 558 gentem
1830 476 1986 558 superbie

309 567 542 629 conterendam
573 574 607 629 et
645 567 687 628 de
716 565 774 629 illis
805 566 953 649 partibus
983 586 1057 629 cum
1081 565 1204 628 auxilio
1228 566 1352 629 domini
1377 567 1505 648 penitus
1529 565 1746 648 effugandam.
1793 563 1865 629 Nos
1887 567 1986 628 etiam

309 675 422 718 omnes
446 654 527 731 illos,
558 657 613 738 qui
637 657 668 718 in
700 657 847 738 personis
880 656 1022 739 propriis
1046 674 1087 718 eo
1110 655 1243 732 vadunt,
1276 675 1456 736 eorumque
1480 655 1617 718 familias
1640 655 1702 719 sub
1725 655 1816 718 beati
1841 655 1931 719 Petri
1955 665 1987 718 et

309 752 420 807 nostra
443 745 657 827 protectione,
681 746 788 808 donec
810 745 973 822 redierint,
996 744 1073 808 inde
1105 745 1299 828 suscipimus
1323 751 1357 807 et
1380 747 1525 807 omnium
1549 745 1711 808 bonorum
1735 765 1869 808 suorum
1893 755 1986 828 grata

307 833 458 896 volumus
481 835 608 898 interim
633 835 804 898 securitate
827 835 981 916 gaudere.
1005 871 1049 881 -
1073 833 1148 897 Dat.
1172 835 1334 910 Laterani,
1359 847 1396 896 vl
1410 833 1485 897 Kal.
1510 833 1601 896 Iunii.
1646 833 1859 898 Pontificatus
1882 836 1986 898 nostri

308 942 394 986 anno
418 944 535 1006 primo.

467 1038 592 1102 Abschm‘st
609 1038 652 1087 der
670 1038 772 1088 Miscell.
791 1038 818 1087 di
834 1038 896 1088 Stor.
915 1039 972 1104 lig.
996 1038 1021 1087 V
1028 1045 1056 1102 p.
1075 1039 1132 1098 291,
1152 1037 1178 1090 in
1197 1038 1240 1087 drr
1257 1037 1321 1088 Bibl.
1344 1037 1427 1088 Civica
1444 1055 1474 1088 m
1496 1038 1588 1089 Gaura.

467 1109 579 1160 Bemerkt
594 1110 639 1159 ist:
658 1110 808 1176 Pergamon
826 1110 947 1160 aurausica
967 1126 1010 1159 con
1022 1109 1117 1175 pr'ombo
1134 1127 1150 1160 a
1166 1117 1215 1161 seta
1229 1109 1316 1176 gialla.

1053 1395 1118 1471 Nr.
1143 1398 1233 1470 418.

312 1521 457 1594 Clemens
464 1529 530 1593 III
540 1529 728 1594 nimmtdas
737 1527 976 1593 KlosterSanta
985 1525 1100 1593 Maria
1115 1528 1155 1592 di
1169 1527 1307 1592 Lucedio
1321 1527 1383 1608 (D.
1406 1525 1555 1607 Vercelli)
1574 1527 1608 1590 in
1623 1527 1855 1610 apostolisclren
1867 1526 1989 1593 &lauta

746 1618 816 1682 und
828 1617 978 1701 bestutigr
990 1618 1078 1682 scine
1094 1617 1330 1682 Besitztluzmer
1342 1616 1416 1681 und
1429 1615 1553 1680 Rechte.

930 1737 1014 1798 1188
1030 1727 1175 1798 Maias.
1206 1733 1357 1796 Lateran.

466 1848 616 1914 Clemens
640 1853 824 1934 episcopus
855 1870 966 1914 servus
989 1871 1158 1914 servorum
1183 1850 1244 1926 dei,
1277 1848 1405 1913 dilectis
1429 1847 1503 1912 filiis
1526 1822 1632 1926 f'etro,
1662 1847 1774 1912 abbati
1798 1851 1989 1914 monasterii

307 1949 417 2004 sancte
442 1942 545 2004 Marie
561 1941 707 2018 Locedii,
732 1943 867 2022 eiusque
891 1940 1054 2016 fratribus,
1077 1951 1144 2003 tam
1169 1939 1375 2023 presentibus
1399 1959 1497 2019 quam
1521 1938 1646 2016 futuriS,
1679 1939 1861 2020 regularem
1883 1941 1988 2003 vitam

307 2030 472 2114 professis,
494 2043 533 2094 ΙΝ
549 2043 626 2093 ΡΡΜ.
672 2031 870 2112 Religiosam
893 2033 995 2094 vitam
1019 2030 1214 2112 eligentibus
1237 2027 1455 2112 apostolicum
1480 2029 1630 2092 convenit
1653 2029 1771 2092 adesse
1795 2031 1988 2112 presidium,

307 2140 348 2183 ne
371 2119 456 2182 forte
479 2119 650 2184 cuiuslibet
679 2121 871 2183 temeritatis
903 2121 1050 2182 incursus
1082 2126 1138 2182 aut
1167 2138 1225 2182 eos
1249 2139 1268 2181 a
1291 2120 1465 2201 proposito
1495 2125 1629 2182 revocet
1659 2125 1717 2181 aut
1743 2119 1859 2195 robur,
1890 2121 1988 2201 quod

306 2209 400 2284 absit,
431 2229 523 2273 sacre
546 2209 708 2291 religionis
731 2209 891 2291 infringat.
938 2209 1137 2291 Eapropter,
1169 2207 1279 2271 dilecti
1303 2209 1335 2270 in
1367 2207 1501 2269 domino
1525 2207 1589 2283 filii,
1621 2207 1734 2270 vestris
1756 2208 1847 2270 iustis
1870 2217 1989 2291 postu-

306 2298 483 2362 lationibus
506 2297 682 2363 clementer
704 2301 874 2361 annuimus
899 2307 932 2362 et
955 2297 1118 2381 prefatum
1142 2298 1373 2361 monasterium
1397 2295 1497 2359 beate
1520 2297 1573 2359 dei
1597 2298 1762 2380 genitricis
1786 2317 1989 2380 semperque

308 2389 439 2469 virginis
463 2389 565 2452 Marie
587 2388 733 2464 Locedii,
766 2390 798 2451 in
822 2408 889 2470 quo
913 2388 1024 2450 divino
1049 2389 1126 2450 estis
1150 2386 1310 2467 obsequio
1335 2386 1520 2468 mancipati,
1550 2386 1593 2450 ad
1625 2387 1724 2449 instar
1752 2385 1853 2449 felicis
1876 2407 1989 2451 recor-

309 2476 448 2540 dationis
471 2477 661 2553 Alexandri,
684 2479 777 2542 Lucii
801 2485 834 2540 et
856 2476 991 2554 Urbani,
1020 2476 1291 2560 predecessorum
1316 2482 1512 2550 nostrorum,
1536 2475 1759 2538 Romanorum
1784 2475 1989 2559 pontificum,

308 2564 369 2628 sub
387 2567 474 2630 beati
487 2567 572 2631 Petri
590 2575 623 2631 et
638 2575 748 2630 nostra
764 2566 970 2650 protectione
986 2568 1179 2649 suscipimus
1196 2573 1230 2628 et
1246 2567 1406 2648 presentis
1421 2566 1533 2646 scripti
1550 2565 1719 2648 privilegio
1735 2567 1989 2630 communimus.

309 2656 345 2718 ln
369 2659 481 2738 primis
504 2658 665 2738 siquidem
680 2663 869 2732 statuentes,
892 2663 928 2718 ut
943 2656 1026 2719 ordo
1043 2657 1249 2729 monasticus,
1274 2655 1328 2737 qui
1343 2653 1522 2716 secundum
1545 2656 1643 2717 deum
1660 2662 1694 2717 et
1708 2655 1795 2718 beati
1811 2655 1988 2719 Benedicti

309 2745 454 2828 regulam
478 2753 576 2827 atque
599 2745 831 2808 institutionem
856 2744 1116 2809 Cisterciensium
1141 2744 1276 2807 fratrum
1300 2744 1331 2806 in
1355 2750 1465 2805 vestro
1496 2744 1694 2806 monasterio
1722 2745 1886 2807 institutus
1913 2765 1989 2808 esse

309 2834 518 2917 dignoscitur,
542 2838 709 2918 perpetuis
732 2835 854 2898 ibidem
871 2835 1077 2917 temporibus
1094 2832 1318 2897 inviolabiliter
1334 2831 1535 2896 observetur.
1575 2835 1735 2908 Preterea,
1759 2853 1988 2918 quascumque

310 2927 544 3006 possessiones,
576 2943 783 3007 quecumque
819 2925 908 2987 bona
941 2924 1030 2986 idem
1062 2923 1294 2986 monasterium
1326 2925 1357 2985 in
1388 2925 1624 3003 presentiarum
1657 2924 1741 2985 iuste
1771 2931 1804 2986 et
1826 2927 1988 2988 canonice

309 3014 459 3096 possidet
481 3022 538 3076 aut
561 3015 591 3076 in
607 3013 749 3076 futurum
766 3014 979 3077 concessione
996 3011 1197 3095 pontificum,
1220 3012 1389 3094 largitione
1404 3031 1517 3094 regum
1534 3011 1585 3076 vel
1603 3013 1797 3095 principum,
1814 3011 1987 3078 oblatione

309 3101 451 3165 fidelium
474 3123 531 3165 seu
555 3102 621 3166 aliis
652 3105 745 3166 iustis
774 3103 889 3180 modis,
920 3109 1087 3185 prestante
1108 3103 1253 3177 domino,
1278 3103 1400 3185 poterit
1414 3101 1562 3184 adipisci,
1585 3101 1678 3165 firma
1693 3100 1787 3165 vobis
1801 3105 1988 3186 vestrisque

308 3192 550 3255 successoribus
588 3201 620 3255 et
653 3192 776 3255 illibata
808 3199 1028 3275 permaneant.
1083 3193 1118 3255 In
1151 3192 1270 3271 quibus
1306 3190 1367 3254 hec
1398 3192 1540 3273 propriis
1577 3192 1730 3254 duximus
1767 3193 1988 3274 exprimenda

309 3281 493 3344 vocabulis:
527 3281 635 3344 locum
659 3281 773 3364 ipsum,
796 3282 827 3343 in
851 3301 918 3362 quo
942 3280 1103 3365 prefatum
1129 3280 1361 3344 monasterium
1386 3287 1609 3344 constructum
1633 3288 1699 3354 est,
1730 3301 1804 3343 cum
1827 3283 1986 3346 omnibus

309 3371 513 3452 pertinentiis
524 3373 598 3446 suis,
611 3373 779 3454 grangiam
791 3369 893 3434 Alerii
906 3391 978 3434 cum
997 3371 1147 3433 omnibus
1159 3371 1363 3452 pertinentiis
1381 3369 1455 3447 suis,
1472 3371 1671 3433 territorium
1684 3367 1889 3453 Stodegarde
1906 3393 1985 3434 cum

227 3489 229 3496 v
308 3460 460 3523 omnibus
476 3459 676 3542 pertinentiis
692 3463 766 3536 suiS,
783 3469 901 3522 terram
919 3481 983 3542 que
999 3459 1060 3523 fuit
1075 3461 1224 3543 episcopi
1239 3456 1456 3522 Vercellensis
1473 3461 1563 3523 iuxta
1580 3461 1812 3523 monasterium
1828 3463 1985 3542 positam,

308 3549 472 3631 grangiam
490 3551 532 3613 de
549 3549 746 3612 Monteriolo
763 3570 837 3612 cum
853 3550 1003 3612 omnibus
1020 3551 1222 3631 pertinentiis
1236 3549 1311 3624 suis,
1326 3549 1495 3631 grangiam
1511 3549 1597 3632 Ripe
1613 3549 1722 3612 medie
1737 3569 1811 3612 cum
1828 3551 1986 3614 omnibus

308 3640 510 3719 pertinentiis
533 3639 606 3714 suis,
629 3642 795 3720 grangiam
812 3640 854 3703 de
871 3636 1006 3703 Cernale
1022 3659 1096 3701 cum
1114 3637 1265 3701 omnibus
1282 3639 1485 3721 pertinentiis
1500 3641 1574 3714 suis,
1598 3639 1765 3721 grangiam
1782 3638 1824 3701 de
1839 3640 1985 3704 Pobleto

307 3747 381 3790 cum
395 3727 547 3791 omnibus
560 3730 762 3810 pertinentiis
773 3729 847 3804 suis,
863 3730 1031 3810 grangiam
1045 3729 1164 3791 montis
1178 3726 1270 3791 Calvi
1282 3748 1356 3790 cum
1370 3727 1522 3790 omnibus
1536 3729 1741 3811 pertinentiis
1754 3727 1827 3803 suis,
1844 3730 1986 3792 insulam

308 3813 1988 3900 OggeriietinsulamqueestiuxtaPadumibidem,grangiamdeSarmatiacumomnibuspertinentiis

306 3908 381 3979 suis,
398 3915 516 3969 terram
534 3927 598 3989 que
614 3907 675 3969 sita
691 3907 786 3971 estin
802 3906 905 3970 insula
921 3906 964 3969 de
979 3907 1106 3981 Breme,
1127 3915 1328 3970 castanetum
1345 3907 1387 3970 de
1403 3905 1550 3970 Ribiana.
1589 3908 1741 3970 Preterea
1756 3910 1987 3990 possessiones

306 3994 350 4057 de
374 3995 522 4072 Pobleto,
547 4016 628 4079 quas
651 3997 694 4059 ab
717 3996 837 4059 abbate
860 4005 893 4059 et
917 3995 1068 4059 fratribus
1092 3998 1196 4059 sancti
1222 3994 1391 4059 Michaelis
1414 3995 1457 4058 de
1480 3995 1577 4060 Clusa
1600 3999 1733 4073 emistis,
1763 4004 1796 4060 et
1820 3997 1985 4080 capellam

307 4084 454 4147 eiusdem
477 4085 553 4159 loci,
585 4085 785 4169 apredictis
815 4084 936 4149 abbate
960 4092 994 4147 et
1016 4084 1170 4148 fratribus
1193 4086 1235 4149 ad
1259 4105 1399 4148 annuam
1432 4087 1624 4167 pensionem
1657 4087 1774 4149 decem
1803 4086 1985 4150 solidorum

307 4176 463 4237 canonice
496 4175 692 4238 monasterio
722 4183 832 4238 vestro
863 4181 1024 4258 perpetuo
1054 4194 1264 4250 concessam,
1300 4176 1385 4237 sicut
1414 4174 1445 4237 in
1475 4173 1669 4238 authenticis
1699 4175 1829 4258 scriptis
1862 4177 1986 4239 exinde

307 4262 400 4325 factis
433 4265 616 4327 continetur
648 4271 680 4326 et
703 4282 761 4326 vos
794 4284 866 4327 eam
899 4263 1033 4346 pacifice
1063 4265 1255 4347 possidetis,
1286 4263 1381 4327 vobis
1412 4271 1446 4327 et
1476 4283 1537 4347 per
1559 4284 1617 4327 vos
1649 4264 1847 4327 monasterio
1871 4274 1984 4328 vestro

306 4352 489 4434 apostolica
511 4352 709 4416 authoritate
733 4352 971 4416 confirmamus.
1019 4349 1105 4416 Sane
1136 4352 1285 4416 laborum
1309 4361 1510 4430 vestrorum,
1544 4373 1627 4436 quos
1661 4355 1801 4436 propriis
1834 4355 1986 4418 manibus

306 4448 362 4504 aut
385 4443 569 4525 sumptibus
600 4441 705 4505 colitis
738 4451 804 4505 tam
829 4443 871 4505 de
894 4443 985 4505 terris
1009 4441 1104 4506 cultis
1128 4462 1227 4522 quam
1251 4441 1380 4506 incultis
1403 4442 1471 4505 sive
1494 4443 1536 4507 de
1568 4445 1774 4507 nutrimentis
1798 4452 1984 4506 vestrorum

306 4529 492 4594 animalium
524 4529 627 4594 nullus
661 4534 793 4595 omnino
824 4552 843 4595 a
869 4533 963 4596 vobis
996 4532 1141 4595 decimas
1174 4539 1342 4614 presumat
1374 4535 1516 4614 exigere.
1569 4533 1684 4596 Liceat
1714 4551 1848 4613 quoque
1879 4535 1983 4608 vobis,

307 4619 440 4684 clericos
463 4619 514 4684 vel
538 4621 638 4684 laicos
663 4640 681 4683 e
704 4621 815 4684 seculo
839 4621 1010 4703 fugientes,
1034 4620 1156 4684 liberos
1181 4629 1215 4684 et
1236 4621 1414 4696 absolutos,
1438 4622 1480 4685 ad
1505 4625 1754 4686 conversionem
1779 4624 1927 4704 recipere
1951 4632 1985 4685 et

306 4712 338 4773 in
362 4719 470 4772 vestro
493 4713 691 4774 monasterio
714 4711 840 4792 absque
864 4712 1121 4774 contradictione
1146 4710 1254 4791 aliqua
1277 4713 1426 4774 retinere.
1465 4712 1683 4775 Prohibemus
1698 4713 1839 4793 insuper,
1865 4733 1906 4774 ne
1928 4711 1983 4774 ulii

306 4799 441 4862 fratrum
465 4809 647 4863 vestrorum
672 4809 749 4881 post
773 4800 893 4863 factam
917 4802 948 4863 in
972 4800 1048 4863 loco
1071 4807 1180 4862 vestro
1205 4799 1446 4883 professionem
1471 4799 1519 4864 fas
1543 4801 1592 4877 sit,
1616 4801 1658 4864 de
1682 4801 1801 4863 eodem
1826 4801 1902 4864 loco
1916 4802 1984 4863 sine

307 4888 435 4951 licentia
458 4889 588 4954 abbatis
620 4891 668 4952 sui
699 4890 880 4952 discedere.
918 4889 1153 4953 Discedentem
1169 4909 1247 4953 vero
1270 4889 1397 4972 absque
1421 4893 1585 4954 communi
1606 4891 1783 4954 litterarum
1800 4899 1982 4954 vestrarum

307 4979 458 5040 cautione
489 4977 595 5042 nullus
626 4979 745 5042 audeat
777 4981 925 5042 retinere.
972 4977 1073 5059 Quod
1104 4979 1129 5041 si
1160 4981 1333 5060 quisquam
1367 4999 1425 5042 eos
1457 4981 1597 5044 retinere
1626 4979 1713 5042 forte
1737 4979 1981 5063 presumpserit,

306 5067 402 5130 liceat
425 5068 528 5143 vobis,
554 5070 584 5130 in
616 5069 706 5151 ipsos
737 5067 917 5131 monachos
941 5068 993 5131 vel
1025 5087 1204 5131 conversos
1226 5077 1353 5131 vestros
1381 5071 1576 5132 sententiam
1599 5067 1782 5151 regularem
1807 5089 1851 5132 ex
1874 5077 1983 5132 nostra

306 5155 505 5220 authoritate
527 5157 682 5240 proferre.
730 5157 805 5220 Paci
829 5177 961 5237 quoque
985 5165 1018 5220 et
1041 5157 1253 5240 tranquilitati
1277 5166 1386 5221 vestre
1408 5166 1543 5240 paterna
1566 5159 1785 5222 sollicitudine
1809 5159 1982 5242 providere

306 5245 453 5309 volentes
485 5245 683 5309 authoritate
723 5246 907 5329 apostolica
945 5246 1175 5329 prohibemus,
1215 5267 1256 5310 ne
1291 5247 1373 5310 infra
1404 5248 1566 5311 ambitum
1599 5249 1787 5312 monasterii
1820 5249 1917 5312 vestri
1949 5257 1982 5310 et

306 5335 470 5398 clausuras
502 5336 648 5400 locorum
681 5355 738 5398 seu
771 5337 978 5418 grangiarum
1009 5345 1189 5400 vestrarum
1223 5338 1396 5417 quisquam
1430 5337 1619 5401 violentiam
1648 5338 1700 5400 vel
1733 5339 1884 5419 rapinam
1912 5339 1981 5399 sive

307 5423 427 5488 furtum
458 5427 665 5489 committere
693 5433 749 5488 aut
782 5429 889 5507 ignem
920 5446 1089 5508 apponere
1119 5433 1177 5489 aut
1205 5424 1373 5489 hominem
1405 5446 1525 5510 capere
1556 5427 1608 5490 vel
1639 5425 1824 5491 interficere
1853 5427 1980 5490 audeat

307 5515 403 5590 Sane,
425 5516 452 5577 si
476 5515 622 5599 episcopi
646 5536 665 5579 a
687 5515 782 5578 vobis
806 5515 927 5598 aliquid
951 5522 1061 5597 preter
1084 5516 1306 5579 obedientiam
1332 5515 1477 5580 debitam
1493 5515 1545 5580 vel
1568 5518 1733 5601 principes
1757 5525 1845 5580 terre
1868 5525 1981 5579 contra

306 5603 489 5668 libertatem
513 5625 532 5667 a
556 5605 844 5686 predecessoribus
868 5607 985 5668 nostris
1009 5613 1043 5667 et
1065 5626 1085 5668 a
1108 5604 1201 5668 nobis
1225 5605 1380 5668 indultam
1411 5606 1616 5689 expetierint,
1647 5605 1788 5670 liberum
1811 5609 1854 5670 sit
1875 5606 1978 5678 vobis,

306 5692 505 5758 authoritate
528 5695 709 5777 apostolica
732 5695 904 5776 denegare,
929 5695 1019 5777 quod
1043 5695 1174 5778 petitur,
1197 5715 1237 5758 ne
1253 5697 1428 5759 occasione
1443 5698 1506 5759 ista
1522 5697 1604 5760 ordo
1620 5703 1736 5772 vester,
1753 5697 1809 5778 qui
1825 5695 1980 5760 hactenus
