4090 6358
1715 344 1755 417 23

75 519 348 602 Andigavensem
380 515 517 602 patriam
550 539 611 602 pro
643 517 747 601 culpis
778 515 977 599 quibuslibet
1009 517 1297 596 excommunicari,
1331 523 1375 583 ita
1408 528 1528 598 tamen,
1559 531 1594 588 ut
1624 544 1759 588 excom-

75 610 262 673 municatos
284 609 345 691 ipsi
369 629 434 672 non
458 609 626 691 recipiant.
671 607 791 687 Neque
815 611 912 672 etiam
937 608 1083 672 subditas
1107 611 1137 671 ei
1162 609 1274 686 cellas,
1305 610 1492 691 ubicunque
1523 613 1596 690 sint,
1626 634 1759 677 excom·

76 700 246 762 municare
269 698 322 761 vel
345 697 539 761 interdicere
563 697 714 777 cuiquam
738 696 842 773 liceat,
875 700 935 761 nisi
964 701 1086 781 apertis
1110 719 1170 781 pro
1194 699 1307 781 culpis,
1339 708 1373 762 et
1404 721 1485 782 quas
1506 701 1759 766 Vindocinensis

76 788 184 852 abbas
207 797 241 851 et
265 787 390 864 fratres,
414 789 571 850 canonice
594 787 637 850 ab
661 787 824 869 episcopis
841 788 1008 863 admoniti,
1033 789 1209 851 emendare
1225 791 1491 872 contempserint.
1530 792 1586 854 Ad
1602 794 1758 855 indicium

75 898 157 940 vero
181 885 337 961 peractae
360 876 455 940 huius
478 897 497 940 a
517 877 667 940 Romana
690 876 830 939 ecclesia
854 876 1009 940 libertatis
1033 897 1092 958 per
1115 897 1216 940 annos
1239 878 1386 960 singulos
1410 878 1453 942 de
1477 889 1609 944 moneta
1632 890 1759 945 vestrae

78 967 207 1050 patriae
238 967 413 1031 duodecim
445 965 572 1029 solidos
595 965 808 1030 Lateranensi
840 967 962 1049 palatio
994 965 1193 1050 persolvetis.
1243 964 1331 1030 Sane
1360 970 1387 1031 si
1418 971 1491 1050 quis
1520 971 1552 1033 in
1583 973 1759 1035 crastinum

77 1055 349 1140 archiepiscopus
378 1063 436 1119 aut
465 1057 650 1138 episcopus,
682 1057 862 1138 imperator
892 1065 948 1119 aut
979 1076 1047 1132 rex,
1078 1057 1239 1139 princeps
1274 1056 1417 1121 marchio
1449 1067 1504 1121 aut
1527 1058 1608 1137 dux,
1640 1080 1760 1136 comes,

77 1148 275 1222 vicecomes,
310 1146 411 1209 iudex
433 1153 490 1209 aut
520 1164 663 1227 persona
694 1145 869 1227 quaelibet,
900 1153 1018 1228 potens
1049 1154 1106 1209 aut
1136 1147 1312 1228 impotens,
1344 1146 1436 1210 huius
1470 1149 1572 1211 nostri
1603 1149 1760 1233 privilegii

79 1237 235 1319 paginam
264 1237 380 1312 sciens,
413 1242 527 1299 contra
557 1253 630 1298 eam
660 1241 785 1298 temere
809 1237 920 1298 venire
942 1235 1123 1310 tentaverit,
1154 1235 1300 1298 secundo
1330 1238 1470 1300 tertiove
1501 1242 1711 1316 commonita,
1734 1239 1761 1301 si

78 1346 147 1388 non
171 1323 395 1390 satisfactione
418 1345 565 1406 congrua
588 1324 820 1402 emendaverit,
844 1328 1018 1408 potestatis
1040 1323 1241 1405 honorisque
1264 1327 1313 1388 sui
1336 1326 1495 1408 dignitate
1516 1337 1635 1406 careat,
1658 1349 1761 1393 ream·

80 1435 147 1498 que
175 1435 213 1479 se
244 1414 358 1479 divino
387 1415 510 1479 iudicio
542 1415 684 1477 existere
713 1415 757 1477 de
788 1423 978 1498 perpetrata
1008 1417 1179 1496 iniquitate
1210 1423 1397 1497 cognoscat,
1428 1423 1463 1480 et
1492 1437 1513 1479 a
1541 1420 1761 1482 sacratissimo

78 1525 224 1588 corpore
251 1505 305 1568 dei
337 1512 371 1567 et
401 1505 536 1580 domini,
567 1503 787 1587 redemptoris
819 1506 921 1568 nostri
944 1505 1016 1568 Iesu
1041 1504 1167 1580 Christi,
1197 1504 1391 1581 alienafiat,
1423 1516 1523 1588 atque
1546 1509 1579 1570 in
1611 1515 1761 1572 extremo

79 1597 235 1660 examine
265 1594 413 1658 districte
444 1593 556 1656 ultioni
586 1593 763 1657 subiaceat.
810 1593 942 1657 Cunctis
965 1603 1084 1671 autem,
1116 1594 1222 1658 eidem
1255 1594 1331 1658 loco
1364 1595 1447 1659 iusta
1476 1597 1691 1674 servantibus,
1722 1597 1763 1660 sit

80 1705 150 1767 pax
172 1685 301 1749 domini
324 1685 426 1748 nostri
450 1685 522 1747 Iesu
545 1681 674 1759 Christi,
707 1693 867 1765 quatenus
898 1682 1008 1746 ethic
1031 1685 1169 1748 fructum
1200 1683 1309 1748 bonae
1336 1685 1475 1748 actionis
1506 1688 1698 1770 percipiant,
1730 1694 1763 1749 et

80 1774 172 1856 apud
203 1775 388 1837 districtum
420 1773 559 1836 iudicem
591 1774 738 1856 praemia
767 1781 920 1836 aeternae
951 1774 1040 1855 pacis
1071 1773 1240 1836 inveniant
1286 1775 1406 1838 Amen.
1434 1773 1552 1838 Amen.
1575 1775 1696 1840 Amen.
1720 1811 1764 1821 -

80 1863 249 1944 Scriptum
274 1883 334 1944 per
357 1883 488 1926 manum
512 1864 608 1934 Petri,
631 1864 756 1938 notarii,
780 1863 954 1946 regionarii
978 1871 1011 1925 et
1033 1861 1187 1926 scriniarii
1211 1865 1312 1926 sancti
1321 1860 1370 1948 (1)
1386 1865 1505 1947 palatii.

244 1951 317 2033 Ego
340 1951 507 2016 Paschalis
531 1950 713 2015 catholicae
738 1951 894 2016 ecclesiae
919 1955 1103 2037 episcopus.

244 2039 369 2104 Datum
392 2043 557 2118 Laterani,
589 2061 650 2125 per
682 2062 813 2105 manum
837 2042 977 2118 IoanniS,
1007 2052 1138 2106 sanctae
1161 2042 1329 2104 Romanae
1353 2043 1512 2106 ecclesiae
1542 2043 1672 2106 diaconi
1696 2064 1764 2107 car·

80 2129 211 2194 dinalis.
254 2143 277 2190 v
299 2130 378 2194 Idus
402 2131 519 2195 Martii.
564 2129 746 2194 indictione
769 2145 801 2194 x.
848 2131 1080 2195 incarnationis
1105 2131 1289 2194 dominicae
1312 2153 1398 2195 anno
1422 2144 1520 2196 MC111.
1552 2131 1764 2195 Pontificatus

80 2229 193 2284 autem
218 2220 334 2284 domni
358 2219 524 2284 Paschalis
548 2221 681 2283 secundi
704 2241 813 2303 papae
836 2234 883 2285 111.

245 2333 370 2400 Abrchrr'ft
386 2336 426 2384 des
445 2335 501 2384 MS.
521 2335 565 2384 lul.
586 2337 672 2384 12780
681 2337 732 2399 sol.
753 2335 810 2398 255,
829 2335 855 2385 in
873 2337 916 2385 der
934 2336 998 2386 Bibl.
1019 2335 1147 2386 Naliortalc
1164 2353 1193 2385 su
1215 2337 1294 2388 Paris.

844 2619 913 2696 Nr.
944 2625 1005 2695 27.

84 2751 261 2818 Paschalis
277 2753 322 2818 II
340 2754 489 2838 bestdtrgt
508 2756 582 2819 dem
605 2753 685 2818 Abte
706 2751 867 2818 Humbert
887 2773 948 2816 von
971 2749 1158 2835 St.·Oyand
1183 2753 1223 2815 de
1245 2752 1335 2827 Joux
1357 2752 1415 2835 (D.
1442 2755 1545 2840 Lyon)
1568 2753 1622 2818 die
1645 2753 1765 2819 Burita-

475 2844 605 2908 tlu'r'mer
617 2844 688 2908 und
694 2845 798 2926 freies
814 2842 1101 2925 Begrdbnissreclzt
1113 2843 1217 2906 ser'nes
1234 2840 1387 2908 Klosters.

734 2961 820 3022 1102
835 2959 933 3023 Miirz
947 2960 1001 3021 21.
1035 2957 1126 3022 Rom.

250 3074 412 3140 Paschalis
443 3073 656 3161 (episcopus)
685 3096 797 3140 servus
829 3094 997 3138 servorum
1031 3075 1090 3154 dei,
1122 3076 1299 3140 venerabili
1333 3075 1401 3139 filio
1430 3076 1626 3152 Humberto,
1656 3075 1767 3140 abbati

87 3165 193 3227 sancti
217 3165 379 3246 Eugendii
402 3165 682 3242 Condadiscensis,
713 3167 848 3249 eiusque
875 3165 1118 3229 successoribus
1146 3164 1335 3249 regulariter
1365 3166 1608 3241 substituendis,
1632 3166 1663 3229 in
1694 3185 1767 3249 per·

88 3261 238 3336 petuum.
284 3255 319 3319 Si
343 3256 461 3321 iniusta
483 3256 672 3339 petentibus
700 3255 806 3318 nullus
837 3263 889 3318 est
917 3254 1141 3320 attribuendus
1173 3257 1316 3332 effectus,
1350 3257 1397 3318 sic
1428 3256 1574 3338 legitimo
1604 3256 1767 3319 desiderio

89 3365 158 3406 non
182 3351 234 3406 est
257 3344 438 3410 differenda
461 3347 589 3429 petitio.
636 3345 717 3407 Tuis
740 3340 858 3430 [igitur]
881 3344 1034 3427 precibus
1061 3355 1251 3422 annuentes,
1285 3365 1365 3426 quas
1389 3365 1448 3428 per
1472 3344 1659 3426 religiosum
1692 3365 1768 3408 con-

88 3432 291 3514 gregationis
313 3435 445 3500 tratrem
469 3433 646 3518 Hugonem
669 3434 766 3516 Bong
790 3481 797 3496 .
821 3482 828 3496 .
855 3484 860 3497 .
886 3483 892 3497 .
916 3437 1114 3516 suggessisti,
1143 3437 1305 3520 presentis
1328 3435 1453 3498 decreti
1476 3433 1654 3498 stabilitate
1677 3454 1768 3497 sanc·

89 3524 205 3598 cimus,
236 3531 272 3585 ut
302 3527 535 3589 monasterium
559 3533 703 3588 vestrum
734 3522 776 3586 ab
801 3525 947 3587 omnium
978 3545 1192 3607 personarum
1222 3525 1382 3589 molestiis
1411 3523 1548 3587 liberum
1580 3532 1769 3606 perseveret

90 3619 217 3674 ettam
241 3633 300 3675 vos
325 3635 424 3696 quam
447 3610 665 3700 [successores
687 3608 799 3698 vestri]
822 3613 883 3676 sub
908 3613 1093 3695 apostolice
1116 3616 1201 3677 sedis
1230 3614 1333 3679 tutela
1362 3634 1493 3696 semper
1523 3621 1557 3676 et
1587 3613 1768 3695 patrocinio

90 3699 278 3764 foveamini.
332 3701 514 3768 Statuimus
545 3705 653 3780 etiam,
685 3710 720 3765 ut
752 3701 834 3766 cella
863 3705 967 3766 sancti
998 3704 1154 3787 Lupiensi
1187 3726 1260 3768 cum
1292 3703 1494 3786 appendiciis
1525 3705 1600 3778 suis,
1631 3702 1769 3765 ecclesia

89 3789 313 3855 d'Asbosiaco
341 3814 415 3857 curn
448 3794 582 3877 capellis
605 3793 680 3869 sule,
710 3792 828 3856 eclesia
857 3793 900 3857 de
922 3794 1099 3872 Vividuno,
1132 3793 1268 3857 ecclesia
1290 3794 1333 3856 de
1356 3790 1507 3855 Sessiaco
1538 3813 1611 3856 cum
1636 3791 1769 3876 capellis

90 3899 204 3943 earum
228 3880 291 3943 sub
314 3930 544 3948 ........
570 3891 809 3947 conserventur.
855 3884 1027 3947 Praeterea
1050 3902 1109 3966 per
1133 3884 1291 3965 presentis
1321 3881 1481 3967 privilegii
1512 3884 1665 3964 paginam
1690 3901 1769 3963 apo·

91 3968 210 4032 stolica
241 3975 437 4038 auctoritate
468 3993 649 4049 censemus,
679 3981 716 4036 ut
746 3991 972 4053 quaecumque
1003 3971 1103 4036 hodie
1127 3972 1215 4036 idem
1239 3971 1470 4035 monasterium
1495 3973 1578 4034 iuste
1610 3972 1769 4054 possidet,

91 4061 161 4123 sive
193 4059 226 4121 in
250 4059 392 4126 futurum
417 4063 629 4127 concessione
661 4060 869 4145 pontificum,
899 4060 1097 4125 liberalitate
1127 4062 1308 4145 principum
1339 4060 1392 4124 vel
1425 4059 1593 4124 oblatione
1622 4060 1768 4124 fidelium

91 4149 175 4212 iuste
199 4156 300 4229 atque
323 4155 479 4216 canonice
511 4153 632 4236 poterit
662 4151 805 4233 adipisci,
837 4149 930 4213 firma
960 4151 1018 4213 tibi
1048 4153 1177 4231 tuisque
1207 4149 1448 4214 successoribus
1473 4145 1529 4236 [et]
1554 4149 1674 4213 illibata
1697 4170 1769 4233 per-

92 4247 259 4302 maneant
305 4239 521 4306 Decemimus
544 4261 633 4322 ergo,
657 4249 693 4303 ut
708 4239 786 4301 nulli
811 4240 944 4302 omnino
967 4237 1137 4303 hominum
1162 4241 1266 4317 liceat,
1289 4241 1377 4303 idem
1398 4240 1629 4303 monasterium
1646 4248 1770 4302 temere

91 4327 297 4411 perturbare,
330 4339 386 4394 aut
406 4333 474 4394 eius
498 4331 726 4412 possessiones
757 4328 902 4404 aufferre,
933 4327 985 4391 vel
1015 4329 1141 4392 ablatas
1174 4332 1321 4406 retinere,
1351 4327 1402 4392 vel
1435 4330 1551 4392 iniuste
1583 4329 1676 4392 datas
1705 4330 1770 4391 suis

93 4417 205 4481 usibus
227 4418 410 4497 vendicare,
443 4421 588 4483 minuere
610 4418 665 4482 vel
692 4418 869 4481 temerariis
892 4419 1119 4482 vexationibus
1142 4418 1285 4501 fatigare,
1317 4418 1376 4482 sed
1407 4419 1515 4482 omnia
1545 4421 1670 4502 integre
1693 4437 1770 4480 con-

92 4514 265 4570 serventur
288 4529 410 4588 eorum,
435 4529 496 4593 pro
520 4529 659 4589 quorum
682 4510 920 4571 sustentatione
943 4515 977 4571 et
999 4508 1235 4590 gubernatione
1259 4528 1415 4572 concessa
1435 4516 1518 4585 sunt,
1543 4509 1653 4572 usibus
1670 4510 1770 4571 omni·

93 4596 204 4659 modis
228 4597 406 4678 profutura
453 4597 663 4682 Sepulturam
687 4617 764 4660 sane
788 4596 935 4660 eiusdem
963 4598 1026 4660 loci
1058 4599 1189 4662 omnino
1219 4597 1366 4662 liberam·
1389 4617 1460 4660 esse
1491 4599 1705 4672 decernimus
1735 4605 1772 4660 ut

93 4705 226 4761 eorum,
262 4687 317 4769 qui
351 4688 414 4752 illic
448 4688 578 4771 sepeliri
614 4685 878 4761 deliberaverint,
915 4687 1082 4750 devotioni
1117 4695 1151 4750 et
1185 4696 1352 4751 extremae
1384 4685 1558 4764 voluntati,
1593 4687 1651 4750 nisi
1686 4686 1771 4749 sorte

93 4778 372 4840 excommunicati
396 4787 477 4853 sunt,
509 4778 616 4841 nullus
639 4777 787 4840 obsistat.
833 4777 867 4841 Si
892 4795 957 4856 que
979 4796 1057 4839 vero
1083 4777 1114 4838 in
1141 4777 1283 4840 futurum
1308 4775 1527 4840 ecclesiastica
1549 4777 1772 4853 saecularisve,

94 4884 246 4948 persona,
257 4864 342 4929 hanc
354 4876 465 4933 nostre
477 4867 718 4931 constitutionis
726 4867 878 4949 paginam
890 4868 1004 4942 sciens,
1014 4874 1127 4930 contra
1146 4870 1174 4948 a)
1185 4887 1259 4930 eam
1278 4867 1305 4944 ⁸)
1314 4874 1437 4930 temere
1445 4868 1554 4931 venire
1564 4870 1774 4951 temptaverit

93 4955 243 5019 secundo
258 4958 396 5021 tertiove
418 4960 628 5033 commonita,
651 4959 678 5019 si
703 4977 769 5019 non
785 4956 1003 5020 satisfactione
1020 4974 1165 5039 congrua
1181 4956 1410 5032 emendaverit,
1434 4959 1608 5039 potestatis
1624 4954 1773 5021 honoris·

94 5065 162 5126 que
184 5046 233 5107 sui
268 5046 424 5128 dignitate
452 5055 569 5124 careat,
599 5065 756 5126 reamque
779 5067 815 5109 se
847 5045 957 5109 divino
988 5045 1107 5110 iudicio
1139 5047 1278 5110 existere
1309 5048 1352 5108 de
1385 5053 1573 5129 perpetrata
1602 5047 1773 5128 iniquitate

94 5143 285 5216 cognoscat,
318 5144 352 5199 et
382 5137 641 5202 asacratissimo
673 5155 813 5219 corpore
844 5155 882 5198 ac
914 5135 1069 5216 sanguine
1100 5136 1153 5200 dei
1184 5145 1218 5200 et
1247 5137 1389 5211 domini,
1420 5136 1639 5220 redemptoris
1672 5136 1774 5200 nostri

94 5223 168 5287 lesu
197 5222 330 5301 Christi,
361 5227 464 5291 aliena
495 5225 551 5291 fiat
582 5235 615 5290 et
646 5228 679 5289 in
710 5234 860 5290 extremo
893 5225 1045 5288 examine
1075 5226 1241 5290 districtae
1271 5226 1386 5289 ultioni
1417 5226 1592 5290 subiaceat.
1639 5225 1773 5291 Cunctis

93 5321 215 5389 autem,
240 5313 349 5380 eidem
372 5315 447 5380 loco
471 5317 556 5380 iusta
578 5314 791 5391 servantibus,
815 5315 857 5377 sit
880 5333 948 5395 pax
971 5314 1097 5378 domini
1120 5319 1222 5379 nostri
1237 5315 1310 5380 lesu
1328 5313 1457 5393 Christi,
1481 5324 1640 5397 quatenus
1664 5314 1774 5380 ethic

94 5401 237 5468 fructum
261 5403 370 5468 bonae
399 5407 535 5470 actionis
565 5405 745 5489 percipiant
776 5412 809 5467 et
837 5403 925 5486 apud
959 5404 1143 5468 districtum
1173 5406 1315 5469 iudicem
1346 5408 1472 5489 premia
1501 5413 1653 5470 aeternae
1683 5408 1774 5489 pacis

95 5491 272 5558 inveniant.
318 5493 437 5560 Amen.
461 5493 583 5559 Amen.
607 5531 651 5542 -
675 5491 840 5577 Scriptum
865 5513 926 5576 per
949 5515 1080 5558 manum
1104 5495 1198 5572 Petri,
1222 5496 1346 5573 notarii,
1378 5497 1552 5578 regionarii
1576 5504 1609 5559 et
1631 5497 1774 5560 scrinarii

93 5585 178 5649 sacri
201 5583 322 5666 palatii.

257 5765 285 5831 a)
305 5763 485 5813 contradicere.
504 5745 508 5751 ¹
