4126 6366
1690 331 1754 411 387

822 513 888 589 Nr.
917 518 1007 590 454.

76 645 223 710 Gilestr'n
237 644 305 709 III
316 643 479 710 bestrmmt
491 645 565 708 dem
582 644 734 725 Brochofe
747 647 821 710 und
835 646 971 730 Kopitel
981 667 1045 711 oon
1062 647 1165 712 Lucro
1190 651 1259 714 und
1270 652 1343 715 dem
1359 651 1460 714 Prior
1480 671 1541 714 oon
1561 647 1755 727 Camoldoli,

70 736 153 802 dass
169 745 289 800 erstere
303 736 358 801 die
374 735 471 799 ihnen
486 733 598 798 hister
610 733 820 799 aurtelrenden
837 736 955 801 Recito
983 738 1016 800 in
1042 736 1103 801 der
1118 736 1239 804 Kirclre
1263 739 1365 804 Sonto
1397 740 1563 806 Gioconda
1585 738 1624 803 di
1652 739 1754 802 Lucra

733 825 816 888 auch
829 825 976 890 beialten
991 827 1098 890 sollen.

691 942 776 1003 1193
791 940 895 1024 April
906 942 955 1005 11.
989 942 1140 1006 Lateron.

238 1059 459 1124 CELESTINUS
487 1056 679 1138 episcopus,
710 1077 822 1120 servus
852 1078 1020 1122 servorum
1044 1058 1112 1134 dei,
1144 1059 1321 1122 venerabili
1354 1061 1442 1124 sratri
1468 1112 1475 1125 .
1499 1109 1506 1123 .
1531 1063 1690 1144 episcopo
1722 1069 1756 1124 et

71 1150 205 1212 dilectis
228 1149 311 1224 filiis,
343 1147 485 1229 capitulo
513 1146 648 1209 Lucano
680 1154 713 1208 et
742 1147 842 1228 priori
874 1146 1130 1223 Camaldulensi,
1162 1147 1301 1212 salutem
1321 1145 1326 1234 Ι
1347 1159 1380 1213 et
1410 1152 1628 1234 apostolicam
1658 1150 1754 1213 bene·

71 1239 268 1302 dictionem.
313 1237 473 1300 Debitum
496 1235 637 1298 iniuncte
652 1235 879 1298 sollicitudinis
895 1257 956 1299 nos
972 1236 1127 1314 hortatur,
1151 1244 1186 1300 ut
1200 1237 1246 1300 sic
1262 1239 1425 1320 aliquibus
1440 1261 1499 1303 sua
1515 1243 1583 1303 iura
1598 1240 1755 1303 faciamus

70 1347 151 1390 cum
174 1323 378 1410 integritalte
401 1325 530 1400 servari,
556 1324 647 1405 quod
670 1344 729 1405 per
752 1345 809 1388 eos
833 1345 900 1388 non
924 1327 1029 1407 possit
1052 1327 1123 1389 aliis
1147 1327 1293 1390 conditio
1314 1329 1426 1410 iniqua
1441 1351 1502 1412 per
1514 1331 1756 1411 surreptionem

71 1417 196 1480 inferri.
242 1415 473 1499 Significamus
496 1422 606 1476 autem
630 1414 740 1488 vobis,
774 1415 864 1495 quod
896 1416 1034 1479 intentio
1066 1425 1178 1478 nostra
1210 1437 1277 1479 non
1306 1417 1379 1494 fuit,
1414 1429 1449 1482 ut
1481 1439 1542 1501 pro
1571 1419 1755 1481 mutatione

70 1507 218 1581 ordinis,
248 1507 333 1568 iacta
357 1506 390 1566 in
410 1501 437 1588 ειΙ
461 1502 599 1566 ecclesia
617 1500 646 1588 ειΙ
677 1513 790 1566 sancte
810 1501 837 1587 a)
860 1504 1019 1580 locunde,
1051 1506 1186 1568 Lucana
1217 1506 1355 1570 ecclesia
1385 1508 1567 1588 quamlibet
1599 1509 1647 1570 sui
1679 1507 1755 1570 iuris

70 1596 126 1658 vel
142 1596 280 1659 honoris
296 1595 547 1658 diminutionem
562 1592 631 1654 sive
648 1592 796 1654 iniuriam
812 1601 986 1674 pateretur.
1017 1593 1233 1658 Prohibemus
1249 1597 1360 1677 itaque
1376 1606 1410 1659 et
1425 1596 1536 1660 debita
1553 1597 1756 1660 districtione

70 1696 240 1759 vetamus,
272 1704 315 1747 ne
344 1693 396 1759 tu,
427 1683 472 1746 fili
496 1681 602 1765 prior,
635 1690 691 1743 aut
717 1681 832 1744 iratres
855 1689 910 1745 tue
932 1683 1145 1764 professionis
1168 1705 1225 1747 seu
1248 1685 1346 1748 vestri
1369 1705 1572 1749 successores
1595 1686 1756 1750 honorem

72 1776 191 1849 etius,
223 1773 313 1855 quod
337 1773 497 1854 episcopo
521 1781 555 1834 et
577 1771 744 1833 canonicis
766 1771 907 1834 Lucanis
931 1773 963 1834 in
987 1773 1117 1854 prefata
1139 1773 1277 1836 ecclesia
1301 1776 1469 1857 competit,
1503 1775 1757 1856 quomodolibet

72 1864 212 1938 auferre,
242 1863 434 1926 imminuere
457 1859 510 1924 vel
533 1859 724 1941 perturbare
748 1861 952 1941 aliquatenus
976 1862 1180 1942 presumatis,
1209 1863 1268 1925 sed
1292 1863 1353 1926 hec
1377 1865 1424 1926 eis
1448 1864 1634 1946 integritate
1657 1864 1757 1947 plena

72 1953 215 2034 pacifice
236 1971 368 2032 semper
391 1961 425 2014 et
447 1950 591 2013 fraterna
613 1949 749 2011 caritate
780 1969 972 2013 conservare
998 1951 1105 2014 velitis
1136 1961 1184 2027 et,
1216 1973 1258 2014 ne
1287 1953 1348 2015 sub
1380 1952 1436 2016 tali
1468 1954 1643 2017 occasione
1674 1953 1758 2016 inter

71 2062 136 2105 vos
161 2043 226 2105 ulla
248 2042 355 2124 possit
378 2041 410 2103 in
434 2048 604 2122 posterum
627 2037 766 2101 suboriri
791 2039 955 2102 discordia
978 2050 1049 2116 aut,
1081 2041 1172 2120 quod
1196 2041 1297 2118 absit,
1330 2063 1349 2104 a
1371 2042 1467 2106 vobis
1492 2042 1605 2106 iratres
1629 2042 1756 2107 Camal-

72 2129 221 2195 dulensis
243 2130 367 2194 ordinis
389 2127 441 2192 vel
464 2151 483 2191 a
505 2129 621 2191 vestris
643 2128 886 2192 successoribus
909 2129 1048 2192 ecclesia
1070 2130 1205 2193 Lucana
1228 2131 1373 2212 aliquam
1402 2132 1450 2194 sui
1473 2131 1548 2194 iuris
1577 2132 1757 2214 aliquando

71 2221 197 2284 sentiat
220 2219 480 2294 diminutionem,
505 2217 654 2280 volumus
677 2227 711 2279 et
734 2216 906 2280 statuimus
928 2227 1028 2299 atque
1050 2221 1194 2300 presenti
1218 2221 1339 2302 pagina
1362 2220 1545 2284 stabilimus
1569 2231 1602 2283 et
1622 2220 1757 2284 firmiter

73 2311 321 2392 imperpetuum
345 2307 550 2371 decernimus
574 2306 825 2383 observandum,
857 2317 892 2370 ut
914 2327 991 2384 vos,
1023 2309 1198 2390 episcopus
1229 2309 1354 2372 scilicet
1383 2319 1418 2372 et
1448 2309 1596 2373 canonici
1620 2309 1755 2387 Lucani,

71 2419 134 2462 seu
157 2399 257 2462 vestri
280 2417 485 2461 successores
508 2396 656 2460 debitum
681 2394 744 2471 ius,
779 2396 940 2460 honorem
971 2406 1005 2460 et
1035 2397 1320 2475 consuetudinem,
1355 2417 1455 2480 quam
1487 2399 1519 2461 in
1553 2399 1754 2463 monasterio

72 2488 132 2551 illo
158 2498 192 2551 et
214 2487 388 2570 parrochia
411 2487 480 2549 eius
502 2485 660 2548 hactenus
683 2484 842 2549 habuistis
865 2505 940 2548 cum
964 2487 1151 2568 integritate
1174 2487 1288 2550 debita
1311 2488 1437 2569 absque
1453 2487 1518 2551 ulla
1533 2488 1757 2570 predictorum

72 2578 212 2641 fratrum
235 2576 287 2640 vel
320 2573 543 2656 quorumlibet
572 2573 740 2651 molestia,
773 2574 882 2656 quiete
914 2577 1162 2657 consequamini
1186 2585 1220 2639 et
1242 2596 1373 2658 semper
1395 2577 1588 2641 inconcusse
1611 2598 1631 2640 a
1653 2579 1757 2641 modo

71 2667 225 2730 teneatis.
270 2667 487 2728 Decemimus
517 2671 642 2739 autem,
674 2669 710 2725 ut
739 2664 817 2726 nulli
849 2665 986 2728 omnino
1010 2664 1180 2728 hominum
1204 2665 1317 2743 liceat,
1348 2665 1435 2728 hanc
1464 2667 1620 2748 paginam
1645 2677 1757 2731 nostre

72 2755 320 2819 constitutionis
343 2754 517 2835 infringere
540 2753 592 2816 vel
615 2753 645 2815 ei
669 2772 749 2814 ausu
771 2754 943 2816 temerario
967 2754 1138 2817 contraire.
1184 2754 1218 2818 Si
1244 2756 1316 2836 quis
1338 2764 1449 2818 autem
1470 2755 1536 2820 hoc
1559 2763 1757 2838 attemptare

70 2845 320 2927 presumpserit,
345 2844 606 2925 indignationem
628 2842 867 2923 omnipotentis
891 2842 943 2905 dei
967 2853 1001 2906 et
1023 2844 1196 2907 beatorum
1216 2841 1221 2926 Ι
1240 2844 1326 2908 Petri
1350 2854 1385 2907 et
1406 2844 1505 2920 Pauli,
1529 2846 1756 2927 apostolorum

71 2934 160 3010 eius,
191 2954 227 2997 se
258 2933 387 2997 noverit
416 2935 628 2996 incursurum.
659 2965 703 2977 --
734 2930 811 2994 Dat.
842 2933 1014 3009 Laterani,
1048 2947 1088 2996 111
1117 2933 1193 2996 Idus
1216 2932 1349 3015 Aprilis.
1404 2933 1616 2998 Pontificatus
1653 2934 1755 2999 nostri

71 3045 165 3087 anno
189 3023 346 3087 secundo.

240 3137 284 3190 Or.
303 3135 369 3200 (ΒΕ.
388 3135 436 3186 Nr.
453 3132 510 3200 29),
529 3133 563 3184 im
580 3129 695 3184 Arcotvo
716 3132 851 3197 Capitolare
867 3151 898 3184 ru
915 3135 1006 3186 Lurco.

238 3209 310 3274 Perg.
328 3208 387 3267 Μ,
406 3207 441 3256 br.
462 3208 549 3267 0213,
568 3207 632 3270 lang
647 3205 717 3264 O,18,
735 3212 811 3254 maten
828 3208 906 3266 0,015
923 3209 1112 3274 mgescllagen,
1136 3209 1216 3261 durch
1233 3207 1290 3258 troci
1306 3208 1400 3258 Licier
1422 3209 1480 3275 geht
1494 3207 1532 3258 die
1548 3224 1606 3258 rosa
1622 3209 1679 3260 und
1691 3209 1758 3276 gode

70 3280 261 3344 Scidensciw,
280 3297 314 3330 on
331 3280 375 3329 der
391 3280 436 3328 dos
453 3277 579 3344 Blerlu'rgel
593 3279 676 3343 heingi,
694 3277 805 3342 Fartung
820 3278 863 3327 der
880 3279 983 3329 Brevm.

822 3605 888 3680 Nr.
919 3609 1009 3682 455.

74 3745 221 3810 Ciilestin
232 3742 299 3806 ΙΙΙ
306 3742 542 3827 bestitigtdem
554 3740 633 3804 Abte
643 3759 706 3804 oon
722 3737 790 3803 San
803 3737 879 3802 Siro
893 3737 933 3802 di
945 3735 1075 3801 Genooo
1091 3738 1145 3802 die
1157 3737 1403 3818 Besitotluimer,
1418 3738 1537 3804 welche
1552 3739 1614 3806 das
1625 3737 1759 3805 Kloster

630 3830 695 3894 seit
707 3831 750 3891 40
771 3827 902 3913 Johren
919 3828 992 3891 inne
999 3826 1125 3910 gehabt
1138 3826 1207 3890 tat.

692 3945 777 4007 1193
791 3942 894 4026 April
906 3946 956 4007 19.
986 3943 1139 4007 Lateran.

237 4063 458 4127 CELESTINUS
489 4062 680 4144 episcopus,
712 4081 823 4125 servus
854 4079 1021 4124 servorum
1052 4059 1120 4135 dei,
1151 4058 1272 4123 dilecto
1305 4059 1373 4123 filio
1398 4057 1488 4142 B(ert
1513 4110 1519 4124 .
1544 4109 1551 4122 .
1577 4057 1611 4146 .),
1643 4061 1757 4124 abbati

68 4156 178 4221 sancti
203 4153 278 4235 Syri
302 4153 477 4228 lanuensis,
500 4151 639 4215 salutem
662 4160 695 4214 et
715 4147 721 4237 Ι
741 4150 959 4232 apostolicam
973 4149 1250 4213 benedictionem.
1287 4147 1375 4212 Viris
1396 4149 1563 4231 religiosis,
1587 4150 1641 4232 qui
1659 4150 1756 4214 nobis

70 4257 108 4309 et
130 4245 285 4307 Romane
307 4241 444 4304 ecclesie
466 4250 542 4304 sunt
566 4241 687 4317 devoti,
711 4239 832 4304 utiliter
854 4238 1013 4302 debemus
1037 4239 1070 4301 in
1093 4259 1153 4301 suo
1174 4235 1178 4312 Ι
1199 4239 1268 4301 iure
1291 4238 1415 4315 adesse,
1439 4247 1604 4302 uteorum
1620 4238 1754 4304 devotio

70 4336 163 4397 circa
186 4351 249 4395 nos
271 4341 305 4394 et
326 4331 513 4393 Romanam
543 4329 716 4393 ecclesiam
746 4329 865 4410 iugiter
895 4336 1132 4408 augmentetur.
1178 4329 1381 4410 Eapropter,
1414 4327 1532 4391 dilecte
1563 4329 1596 4390 in
1619 4328 1755 4393 domino

70 4423 129 4500 fili,
155 4421 221 4485 tuis
243 4420 335 4483 iustis
356 4418 634 4501 postulationibus
657 4429 751 4500 grato
776 4427 1005 4481 concurrentes
1029 4436 1171 4493 assensu,
1204 4417 1401 4481 donationes
1425 4417 1642 4494 ecclesiarum,
1673 4438 1754 4499 quas

71 4511 290 4576 commissum
311 4509 373 4572 tibi
396 4509 630 4572 monasterium
654 4528 674 4570 a
698 4507 915 4590 quadraginta
939 4506 1033 4569 annis
1064 4505 1214 4588 possedit
1243 4515 1276 4570 et
1305 4527 1393 4570 nune
1420 4507 1453 4570 in
1478 4503 1587 4593 [pa]ce
1610 4509 1756 4571 noscitur

70 4601 258 4685 possidere,
288 4597 349 4661 tibi
381 4607 415 4661 et
446 4598 647 4661 monasterio
675 4607 731 4660 tuo
761 4591 980 4683 [au]ctoritate
1009 4595 1193 4678 apostolica
1216 4590 1472 4683 confir[mamus]
1503 4606 1537 4660 et
1568 4591 1755 4684 [presen]tis

69 4691 187 4772 scripti
211 4687 396 4770 patrocinio
420 4681 694 4772 comm[unimus].
740 4686 937 4760 Statuentes,
961 4690 1086 4748 utnon
1110 4684 1207 4748 liceat
1230 4684 1371 4762 cuilibet,
1395 4696 1429 4749 te
1442 4685 1496 4749 vel
1512 4687 1620 4768 ipsum
1643 4705 1754 4750 mona-

69 4781 210 4844 sterium
233 4797 331 4858 super
354 4777 416 4839 illis
432 4775 579 4839 indebite
595 4775 778 4838 molestare.
816 4773 905 4838 Nulli
922 4793 1000 4856 ergo
1017 4772 1153 4838 omnino
1168 4773 1340 4837 hominum
1355 4773 1460 4848 liceat,
1483 4775 1569 4838 hanc
1584 4769 1754 4858 palginam

69 4878 188 4934 nostre
216 4865 475 4929 confirmationis
505 4874 538 4928 et
568 4864 811 4928 constitutionis
840 4863 1016 4945 infringere
1045 4862 1097 4926 vel
1130 4863 1159 4926 ei
1190 4883 1269 4926 ausu
1300 4864 1473 4927 temerario
1505 4864 1673 4928 contraire.
1719 4864 1755 4930 Si

71 4959 149 5042 quis
171 4966 284 5020 autem
307 4955 372 5018 hoc
394 4963 592 5036 attemptare
614 4955 858 5037 presumpserit,
889 4952 1150 5035 indignationem
1180 4953 1418 5034 omnipotentis
1448 4954 1501 5016 dei
1525 4963 1560 5017 et
1581 4954 1755 5018 beatorum

70 5048 161 5112 Petri
187 5057 221 5110 et
241 5041 247 5128 Ι
265 5043 365 5120 Pauli,
390 5043 617 5125 apostolorum
633 5044 711 5119 eius,
734 5064 770 5107 se
786 5043 913 5106 noverit
929 5043 1140 5106 incursurum.
1155 5077 1199 5087 -
1213 5043 1291 5105 Dat.
1307 5042 1471 5119 Laterani,
1487 5056 1551 5106 xm
1565 5040 1621 5106 Kl.
1638 5042 1725 5106 Maii.
1746 5043 1750 5132 Ι

69 5135 291 5202 Pontificatus
314 5134 417 5196 nostri
441 5152 528 5195 anno
552 5133 659 5196 tertio.

241 5247 284 5298 Or.
307 5246 346 5309 (S.
364 5245 439 5309 Siro),
464 5245 498 5294 im
515 5246 590 5296 Arri.
610 5245 637 5294 di
653 5245 727 5306 Stolo,
744 5244 870 5310 Abscin‘st
878 5244 922 5294 der
932 5242 1004 5294 Misc.
1018 5243 1045 5293 di
1055 5245 1118 5295 Stor.
1130 5243 1186 5310 Lig.
1204 5244 1257 5309 Vp.
1272 5246 1333 5304 306,
1346 5244 1373 5294 r'n
1385 5245 1428 5294 der
1438 5245 1503 5295 Br'bl.
1518 5245 1601 5296 Civica
1613 5263 1643 5296 su
1659 5246 1754 5296 Genua.

239 5319 309 5384 Ρη.
328 5318 387 5378 irad,
406 5318 442 5368 dr.
462 5319 530 5380 0,18,
548 5319 610 5384 lang
626 5319 709 5378 0,158,
728 5317 774 5367 dos
795 5317 995 5383 Umgescilagm
1011 5315 1191 5383 oigeschm'ttm,
1215 5315 1295 5368 durch
1311 5317 1370 5366 soei
1388 5317 1482 5368 Locier
1501 5317 1567 5384 ging
1589 5319 1629 5368 die
1646 5319 1752 5379 Scinur,

69 5395 161 5446 welche
178 5391 225 5442 mir
242 5391 296 5440 dem
313 5389 438 5454 Bleisiegel
451 5389 567 5448 verlorm,
586 5388 697 5455 Faltung
713 5389 756 5438 der
773 5389 874 5439 Breven.
910 5389 967 5437 Dos
984 5387 1004 5436 B
1022 5388 1050 5438 in
1067 5387 1111 5438 dtr
1125 5388 1226 5438 Adrou
1243 5388 1288 5438 mit
1304 5386 1480 5440 mactando
1496 5389 1572 5440 Dim
1594 5389 1756 5457 eingctragm.

71 5467 122 5517 Die
142 5463 264 5515 orkmde
281 5463 325 5511 iat
341 5462 420 5512 durch
438 5459 593 5524 Moroesmss
609 5461 665 5510 md
681 5460 840 5527 Feuctu'gkeo
853 5458 959 5527 gelitten.

238 5750 264 5809 a)
287 5743 422 5795 Tieidorisae
439 5744 492 5810 auf
505 5746 595 5794 Rorur.
