4126 6366
1667 353 1729 419 303

47 527 204 593 eseculo
229 526 396 612 fugientes,
420 525 542 592 liberos
565 533 675 591 tamen
699 533 733 591 et
755 527 938 601 absolutos
971 528 1004 589 in
1026 526 1165 590 sanitate
1195 525 1326 607 quidem
1359 526 1411 591 vel
1442 527 1622 610 egritudine
1655 547 1729 591 cum

46 619 145 682 rebus
171 627 205 683 et
230 618 493 702 possessionibus
520 619 587 681 suis
617 618 660 680 ad
691 617 937 681 conversionem
961 615 1013 680 vel
1045 616 1281 680 fraternitatem
1316 636 1430 680 eorum
1453 619 1631 694 venientes
1661 616 1730 679 sine

46 707 187 772 alicuius
211 727 353 790 persone
376 707 635 770 contradictione
657 709 804 789 recipere
829 713 862 770 et
884 709 954 769 sine
969 705 1104 770 alicuius
1121 705 1273 769 molestia
1288 709 1436 782 retinere,
1460 708 1609 789 exceptis
1625 705 1730 769 feudis

47 806 80 861 et
101 796 379 880 possessionibus,
404 816 468 877 que
491 803 568 859 sunt
589 797 683 860 alicui
706 797 844 860 servicio
868 795 1021 877 obligate,
1046 815 1111 877 que
1135 815 1195 858 nec
1218 795 1280 878 ipsi
1303 798 1450 880 recipere
1475 795 1596 859 necilli
1613 795 1731 859 offerre

46 887 178 967 absque
193 893 305 950 nostra
321 883 601 971 nostrorum(que)
624 884 782 949 heredum
802 883 829 971 a)
852 885 985 948 licencia
1008 894 1206 967 presumant.
1253 883 1337 948 Illud
1361 905 1494 969 quoque
1518 884 1732 968 prohibemus

46 985 78 1040 et
93 976 292 1039 auctoritate
308 978 396 1058 regia
412 977 518 1039 arcius
533 975 763 1051 interdicimus,
788 995 829 1038 ne
853 975 968 1056 aliquis
991 974 1035 1038 de
1058 973 1256 1038 monasterio
1280 976 1354 1056 ipso
1377 976 1429 1039 vel
1453 974 1651 1038 obedienciis
1675 981 1731 1037 aut

46 1066 313 1146 quibuscumque
336 1065 600 1148 possessionibus
624 1067 702 1139 eiuS,
726 1066 829 1128 invito
852 1063 973 1128 abbate
992 1062 1021 1150 b)
1046 1072 1079 1129 et
1102 1071 1265 1128 conventu
1290 1064 1445 1140 eiusdem,
1467 1065 1519 1127 vel
1537 1065 1731 1146 prepositus

46 1155 321 1219 obedienciarum
344 1163 378 1218 et
401 1154 647 1237 possessionum
671 1156 741 1218 eius
764 1155 886 1219 victum
910 1173 967 1217 seu
992 1155 1256 1236 procurationem
1281 1153 1424 1234 aliquam
1456 1155 1558 1217 modo
1583 1152 1732 1233 quolibet

50 1264 173 1328 capere
196 1253 252 1308 aut
274 1243 434 1309 violenter
457 1247 590 1326 exigere
613 1253 791 1327 presumat.
837 1242 910 1306 Nec
926 1243 1020 1306 nobis
1036 1244 1122 1327 ipsis,
1138 1263 1198 1306 nec
1213 1242 1389 1306 heredibus
1406 1243 1525 1306 nostris
1542 1250 1575 1306 et
1591 1242 1685 1306 nobis
1705 1240 1731 1328 c)

46 1336 77 1397 in
100 1353 208 1417 regno
231 1334 493 1410 succedentibus,
518 1354 578 1397 nec
601 1335 695 1397 alicui
718 1333 772 1396 alii
795 1332 1035 1416 archiepiscopi
1060 1333 1206 1396 eiusdem
1230 1332 1294 1394 loci
1309 1333 1361 1395 vel
1378 1332 1645 1396 obedienciarum
1662 1333 1730 1394 eius

47 1425 208 1506 prepositi
231 1423 351 1486 victum
376 1422 429 1487 vel
452 1425 716 1506 procurationem
740 1423 884 1504 aliquam
908 1423 987 1485 dare
1012 1430 1170 1504 cogantur
1193 1422 1236 1485 ab
1259 1421 1379 1502 aliquo,
1410 1422 1468 1485 nisi
1492 1441 1566 1484 cum
1590 1441 1650 1483 nos
1675 1427 1730 1482 aut

46 1512 147 1594 aliqui
173 1511 334 1576 heredum
358 1521 545 1576 nostrorum
564 1510 594 1598 d)
617 1513 788 1576 ecclesiam
813 1515 918 1594 ipsam
943 1511 1031 1575 adire
1054 1512 1106 1575 vel
1131 1531 1189 1594 per
1222 1510 1435 1575 obediencias
1464 1519 1521 1574 aut
1550 1512 1730 1573 tenimenta

47 1604 116 1665 eius
148 1602 286 1665 transire
317 1603 496 1686 contigerit,
527 1603 612 1665 duos
643 1622 745 1685 panes
775 1611 886 1664 tamen
906 1600 934 1687 e)
968 1609 1002 1665 et
1034 1601 1077 1665 de
1099 1603 1176 1664 vino
1209 1607 1241 1662 et
1264 1601 1333 1664 aliis
1356 1600 1491 1677 cibariis,
1517 1619 1582 1682 que
1605 1598 1731 1662 ibidem

47 1712 108 1774 pro
125 1698 293 1754 conventu
311 1692 431 1756 suerint
447 1699 632 1776 preparata,
657 1693 738 1755 sicut
754 1692 808 1754 uni
824 1691 1025 1756 confratrum
1042 1710 1184 1766 suorum,
1201 1692 1368 1753 caritative
1384 1690 1479 1754 nobis
1494 1688 1547 1752 vel
1565 1690 1682 1752 nostris
1702 1686 1731 1773 f)

45 1780 226 1844 heredibus
249 1789 483 1863 representent.
529 1781 573 1844 Et
601 1782 751 1864 quoniam
784 1800 864 1863 sepe
895 1778 979 1844 solet
1010 1781 1213 1862 contingere,
1246 1787 1282 1842 ut
1312 1779 1432 1843 delicta
1464 1777 1664 1860 prelatorum
1699 1777 1732 1839 in

47 1869 229 1952 perniciem
252 1877 285 1932 et
316 1873 472 1934 iacturam
504 1871 725 1934 ecclesiastice
757 1871 944 1934 substancie
976 1877 1221 1944 convertantur,
1253 1889 1326 1932 cum
1358 1868 1489 1951 prelatis
1520 1867 1730 1931 ecclesiarum

48 1959 306 2023 amministracio
330 1959 473 2042 quidem,
504 1981 570 2023 non
600 1960 803 2044 delapidatio
831 1959 1039 2036 concedatur,
1070 1979 1130 2023 nos
1161 1955 1256 2021 saluti
1288 1967 1321 2022 et
1344 1958 1584 2021 conservationi
1607 1975 1730 2032 eorum,

48 2069 111 2131 que
135 2049 202 2112 iam
227 2050 314 2112 dicte
348 2049 485 2113 ecclesie
508 2057 576 2114 tam
600 2069 619 2112 a
641 2051 815 2114 serenitate
838 2057 949 2113 nostra
966 2047 1003 2134 a),
1032 2068 1130 2129 quam
1155 2068 1174 2110 a
1198 2046 1459 2128 quibuscumque
1482 2047 1552 2111 aliis
1569 2065 1731 2110 concessa

48 2139 171 2202 luerint
194 2158 251 2201 seu
283 2138 326 2201 ab
349 2140 470 2203 eodem
494 2142 694 2203 monasterio
713 2138 743 2226 h)
766 2139 884 2202 suerint
907 2141 1076 2220 acquisita,
1103 2157 1230 2200 summa
1254 2158 1328 2201 cum
1352 2137 1525 2219 diligencia
1557 2135 1731 2217 providere

47 2227 208 2303 volentes,
232 2229 258 2290 si
282 2226 376 2303 forte,
400 2230 491 2311 quod
515 2229 597 2292 deus
613 2236 748 2305 avertat,
772 2228 949 2311 aliquando
966 2227 1147 2309 contigerit,
1171 2225 1312 2307 aliquam
1330 2227 1607 2309 gubemationem‚
1630 2224 1732 2306 ipsius

49 2316 239 2381 monasterii
262 2325 439 2399 gerentem,
462 2319 495 2381 in
519 2317 652 2399 aliquod
676 2317 831 2382 delictum
854 2317 1012 2394 incidere,
1045 2336 1119 2380 eum
1143 2335 1205 2397 pro
1229 2315 1420 2380 redimendo
1443 2334 1581 2378 excessu
1604 2334 1665 2377 suo
1688 2313 1729 2376 ad

48 2405 194 2487 aliquam
228 2404 390 2473 bonorum
424 2406 562 2472 ecclesie
596 2409 808 2471 donatiouem
840 2407 974 2470 omnino
1007 2405 1231 2470 interdicimus
1263 2404 1444 2469 convolare.
1490 2402 1730 2468 Nichilominus

44 2493 187 2559 heredes
212 2503 342 2558 nostros
365 2497 462 2560 etiarn
488 2494 509 2582 i)
533 2506 567 2561 et
589 2517 713 2572 omnes,
745 2497 841 2560 nobis
860 2495 889 2582 l¹)
913 2498 945 2559 in
969 2516 1071 2579 regno
1096 2494 1326 2572 succedentes,
1358 2495 1401 2558 de
1424 2495 1560 2576 pecunia
1582 2492 1636 2556 vel
1660 2491 1730 2555 aliis

45 2586 143 2648 rebus
168 2586 271 2666 ipsius
294 2589 483 2650 monasterii
509 2584 531 2672 1)
555 2586 749 2670 proaliquo
780 2586 901 2650 dilecto
933 2585 1132 2671 prelatorum
1163 2585 1310 2666 recipere
1342 2592 1398 2647 aut
1429 2584 1471 2647 ab
1504 2603 1544 2647 eo
1562 2584 1601 2667 Ρ)
1625 2582 1728 2645 modo

46 2673 198 2754 quolibet
221 2672 344 2755 aliquid
362 2682 568 2756 extorquere,
592 2676 722 2759 penitus
742 2677 975 2739 interdicimus.
1012 2673 1175 2739 Nolumus
1192 2676 1287 2748 enim,
1311 2674 1544 2736 monasterium
1562 2671 1593 2754 Ρ)
1609 2671 1729 2734 delicta

46 2764 250 2847 prelatorum
273 2763 383 2846 lugere
413 2785 474 2829 nec
493 2763 522 2852 0)
545 2786 659 2828 eorum
684 2784 900 2848 quemquam,
930 2767 991 2829 nisi
1014 2760 1099 2828 sorte
1123 2783 1210 2844 pena
1232 2763 1391 2838 debuerit,
1422 2762 1597 2825 cohercere
1616 2759 1654 2846 0),
1686 2761 1730 2824 de

47 2855 165 2916 iniusta
198 2853 377 2935 inpunitate
406 2874 480 2918 cum
514 2857 636 2918 iactura
669 2855 856 2919 monasterii
874 2852 905 2940 Ρ)
938 2854 1080 2938 gloriari.
1133 2852 1285 2916 Preterea
1317 2853 1531 2934 providentes
1562 2851 1664 2933 quieti
1695 2857 1728 2913 et

47 2943 119 3026 paci
143 2944 248 3026 ipsius
271 2942 511 3030 monasteriis),
536 2965 577 3008 ne
601 2945 712 3025 aliquo
736 2953 887 3027 tempore
907 2944 1080 3008 occasione
1095 2938 1281 3021 aliquorum
1297 2941 1545 3005 iusticiariorum
1562 2939 1729 3004 molestias

47 3033 97 3095 vel
121 3033 318 3096 vexationes
348 3032 474 3116 aliquas
504 3036 687 3108 sustineret,
717 3043 880 3117 perpetuo
911 3033 1131 3106 concedimus,
1161 3037 1205 3108 ut,
1237 3031 1434 3112 quicumque
1457 3030 1554 3093 suerit
1578 3028 1682 3092 abbas
1701 3023 1730 3114 Ρ)

46 3121 146 3204 ipsius
170 3122 358 3185 monasterii
376 3124 406 3210 Ρ)
430 3125 636 3201 constitutus,
659 3123 700 3186 sit
715 3125 908 3187 iusticiarius
925 3125 1071 3187 omnium
1088 3129 1245 3184 terrarum
1262 3129 1296 3184 et
1310 3122 1565 3183 tenimentorum
1582 3118 1729 3181 eiusdem

47 3211 237 3274 monasterii
256 3207 294 3294 Ρ),
319 3218 385 3275 tam
403 3232 525 3288 eorum,
543 3233 607 3295 que
623 3213 773 3295 possidet
789 3213 900 3288 modo,
917 3233 1016 3295 quam
1032 3211 1170 3286 illorum,
1187 3228 1261 3290 que,
1276 3211 1342 3274 deo
1357 3208 1498 3286 volente,
1513 3208 1545 3270 in
1561 3217 1730 3291 posterum

47 3300 190 3383 abipso
215 3303 415 3365 monasterio
438 3302 557 3366 suerint
579 3303 747 3385 acquisita.
792 3303 864 3365 Nec
897 3300 996 3365 liceat
1025 3300 1120 3364 alicui
1142 3298 1390 3363 iusticiariorum
1414 3306 1599 3362 nostrorum
1619 3295 1656 3382 r),
1688 3297 1731 3358 de

5 3445 7 3450 .
48 3393 162 3466 causis,
187 3409 253 3470 que
276 3389 359 3453 inter
381 3389 531 3456 homines
555 3392 654 3473 ipsius
678 3394 868 3455 monasterii
887 3390 916 3478 Ρ)
940 3391 1139 3462 emerserint,
1168 3409 1204 3452 se
1227 3389 1336 3470 aliquo
1370 3388 1472 3452 modo
1503 3388 1731 3461 intromittere,

47 3480 103 3542 sed
127 3479 236 3543 abbas
255 3474 284 3561 Ρ)
306 3479 407 3562 ipsius
431 3481 617 3545 monasterii
643 3477 672 3565 Ρ)
696 3501 751 3543 eas
774 3481 972 3544 determinet
995 3489 1028 3544 et
1051 3477 1189 3553 decidat,
1220 3487 1254 3542 et
1276 3479 1319 3541 de
1341 3475 1415 3554 hoc,
1446 3477 1536 3557 quod
1560 3477 1603 3539 de
1627 3476 1731 3539 causis

48 3569 126 3650 ipsis
150 3569 195 3634 ad
219 3565 376 3632 abbatem
394 3567 419 3654 ⁵)
441 3571 548 3654 ipsum
573 3572 774 3653 pervenerit,
805 3569 903 3634 nichil
936 3571 1025 3633 curia
1055 3574 1167 3632 nostra
1190 3564 1218 3653 t)
1240 3565 1377 3642 habeat,
1409 3567 1468 3629 sed
1493 3573 1599 3629 totum
1623 3564 1730 3628 eidem

49 3660 249 3722 monasterio
268 3655 298 3742 Ρ)
322 3659 429 3722 cedat.
476 3659 695 3724 Concedimus
714 3656 743 3744 ιΡ)
767 3663 875 3736 etiam,
900 3668 934 3722 ut
957 3660 1079 3723 amodo
1104 3663 1137 3720 et
1162 3658 1249 3720 omni
1271 3656 1379 3720 futuro
1403 3663 1555 3738 tempore
1579 3651 1731 3717 monachi

51 3755 83 3808 et
104 3749 287 3812 servientes
310 3746 411 3830 ipsius
435 3749 622 3812 monasterii
641 3744 672 3831 Ρ)
701 3756 734 3810 et
767 3751 911 3812 omnium
946 3745 1214 3813 obedienciarum
1245 3745 1312 3810 eius
1344 3752 1377 3809 et
1401 3745 1584 3826 equitature
1609 3763 1731 3819 eorum,

51 3857 122 3900 cum
148 3859 169 3901 a
193 3835 369 3900 venerabili
399 3838 522 3901 abbate
541 3838 569 3916 v)
601 3839 702 3920 ipsius
736 3839 921 3901 monasterii
939 3837 969 3926 Ρ)
992 3838 1043 3901 vel
1077 3835 1282 3916 aptioribus
1312 3834 1576 3898 obedienciarum
1601 3851 1731 3896 suarum

53 3927 233 4002 mittuntur,
257 3934 292 3988 et
314 3944 521 4009 quecumque
545 3926 608 3990 alia
629 3926 784 3990 animalia
808 3927 907 4009 ipsius
932 3925 1119 3990 monasterii
1137 3929 1168 4004 Ρ)
1192 3923 1244 3988 vel
1275 3924 1542 3988 obedienciarum
1574 3923 1642 3984 eius
1673 3940 1732 4003 per

52 4013 155 4079 iarum
180 4015 317 4080 transire
340 4017 522 4098 contigerit,
552 4015 654 4081 libere
678 4024 711 4078 et
734 4018 804 4078 sine
827 4017 958 4080 datione
983 4016 1091 4098 aliqua
1123 4035 1183 4097 per
1212 4014 1319 4096 ipsum
1347 4012 1452 4076 farum
1476 4010 1732 4075 transfretentur.

52 4102 267 4168 Decernimus
298 4124 395 4187 ergo,
427 4114 463 4168 ut
492 4105 568 4169 nulli
601 4107 734 4169 omnino
765 4104 935 4170 hominum
968 4105 1017 4170 sas
1048 4107 1101 4184 sit,
1133 4103 1294 4188 presatam
1319 4101 1490 4166 ecclesiam
1515 4108 1732 4164 temere...

54 4195 164 4258 usibus
189 4195 387 4258 omnimodis
403 4195 583 4278 profutura.
622 4193 658 4258 Si
675 4213 740 4276 qua
758 4197 856 4277 igitur
870 4196 901 4258 in
917 4196 1061 4259 futurum
1087 4243 1094 4257 .
1117 4243 1125 4256 .
1149 4243 1156 4256 .
1182 4193 1314 4258 Cunctis
1329 4199 1440 4256 autem
1465 4241 1473 4256 .
1496 4239 1504 4254 .
1530 4241 1535 4254 .
1559 4190 1732 4253 inveniant.

53 4283 171 4347 Amen.
196 4283 320 4364 Amen.

266 4369 320 4458 (R)
343 4371 417 4456 Ego
440 4374 561 4437 Lucius
585 4371 747 4437 catholice
771 4374 910 4438 ecclesie
935 4375 1112 4457 episcopus
1135 4394 1177 4436 ss.
1200 4369 1263 4459 (Μ)

266 4461 287 4544 †
308 4459 381 4544 Ego
405 4461 599 4527 Theodinus
623 4463 809 4527 Portuensis
834 4471 866 4526 et
889 4470 1002 4527 sancte
1025 4462 1144 4528 Rufine
1166 4463 1255 4527 sedis
1279 4460 1455 4543 episcopus
1478 4478 1521 4522 ss.

267 4547 287 4634 †
310 4551 384 4633 Ego
408 4551 568 4616 Henricus
591 4552 791 4617 Albanensis
814 4555 993 4636 episcopus
1015 4574 1056 4617 ss.
1075 4551 1119 4640 w).

267 4636 288 4723 †
310 4638 384 4723 Ego
407 4640 526 4705 Paulus
551 4640 757 4705 Prenestinus
781 4645 958 4726 episcopus
982 4661 1024 4704 ss.

267 4725 287 4810 †
309 4729 383 4812 Ego
407 4730 522 4794 Petrus
544 4731 708 4813 presbiter
732 4731 902 4797 cardinalis
926 4732 972 4795 tit.
996 4738 1110 4794 sancte
1135 4727 1284 4792 Susanne
1306 4748 1347 4792 ss.

266 4819 287 4896 †
309 4819 383 4902 Ego
405 4818 563 4883 Vivianus
588 4822 635 4883 tit.
658 4823 764 4884 sancti
781 4818 941 4903 Stephani
964 4822 995 4884 in
1012 4820 1105 4885 Celio
1129 4825 1242 4882 moute
1266 4816 1429 4898 presbiter
1452 4811 1623 4878 cardinalis
1646 4833 1686 4875 ss.

267 4903 288 4990 †
310 4905 383 4990 Ego
407 4909 579 4973 Laborans
603 4910 762 4992 presbiter
784 4911 956 4975 cardinalis
979 4918 1090 4974 sancte
1115 4907 1217 4971 Marie
1240 4907 1461 4970 transtiberim
1485 4906 1534 4966 tit.
1552 4901 1669 4967 Calixti
1692 4921 1733 4964 ss.

266 4995 287 5076 †
310 4996 383 5078 Ego
398 4999 557 5062 Ranerius
580 4998 742 5080 presbiter
758 5000 927 5064 cardinalis
939 5009 1125 5064 sanctorum
1140 4995 1294 5060 Iohannis
1306 5003 1340 5059 et
1351 4995 1440 5058 Pauli
1453 4994 1499 5056 tit.
1514 4991 1676 5056 Pamachii
1689 5011 1732 5054 ss.

266 5084 287 5167 †
310 5085 381 5168 Ego
405 5085 574 5152 Hubertus
597 5088 763 5171 presbiter
787 5089 956 5153 cardinalis
979 5091 1029 5153 tit.
1054 5089 1156 5151 sancti
1180 5087 1352 5150 Laurencii
1374 5085 1405 5147 in
1428 5084 1575 5147 Damaso
1598 5101 1639 5144 ss.
1652 5078 1697 5166 w).

266 5175 287 5252 †
310 5173 383 5257 Ego
406 5175 582 5240 Pandulius
607 5178 769 5260 presbiter
792 5179 964 5242 cardinalis
986 5179 1033 5242 tit.
1056 5176 1193 5242 basilice
1215 5188 1266 5238 ΧΠ
1289 5173 1530 5258 Apostolorum
1553 5191 1594 5234 ss.

265 5263 286 5344 †
308 5262 381 5346 Ego
406 5266 546 5330 Iacobus
570 5267 727 5330 diaconus
750 5269 924 5332 cardinalis
947 5275 1061 5332 sancte
1085 5267 1190 5330 Marie
1213 5267 1247 5329 in
1271 5262 1454 5345 Cosmidyn
1477 5283 1520 5325 ss.
1539 5259 1586 5346 W).

213 5424 239 5487 α)
258 5422 326 5487 regis
344 5429 369 5472 et
387 5423 508 5474 heredum
527 5423 604 5488 ipsius
623 5425 657 5474 D.
675 5425 705 5474 G.
797 5425 825 5486 b)
845 5424 1038 5490 archiepiscopo
1055 5424 1091 5477 D.
1108 5424 1138 5473 G.
1230 5421 1254 5488 ο)
1275 5421 1322 5486 ipsi
1342 5420 1396 5485 regi
1420 5433 1468 5469 nee
1485 5418 1621 5469 heredibus
1640 5417 1692 5468 eius
1711 5422 1735 5466 el

55 5491 98 5556 ipsi
117 5494 145 5542 D
170 5494 201 5548 G.
282 5493 310 5558 d)
330 5495 412 5559 ipsum
430 5501 573 5560 regemunt
591 5496 699 5560 aliquem
719 5495 841 5546 heredum
858 5497 935 5561 ipsius
953 5496 988 5546 D.
1005 5496 1037 5545 G.
1111 5499 1136 5560 e)
1155 5499 1249 5543 tanturn
1267 5494 1303 5543 D.
1319 5493 1350 5542 G.
1422 5491 1511 5556 qipsi
1530 5492 1582 5556 regi
1602 5489 1643 5539 vel
1658 5488 1736 5554 ipsius

55 5563 86 5611 D.
103 5567 132 5614 G.
208 5573 235 5631 g)
256 5565 326 5630 regia
344 5567 378 5617 D.
397 5567 426 5618 G.
499 5565 526 5630 h)
546 5567 654 5616 eeclesia
672 5568 708 5616 D.
725 5567 754 5618 G.
828 5568 846 5620 ir
866 5569 943 5632 ipsius
962 5567 1038 5617 etiam
1056 5566 1123 5631 regis
1142 5567 1178 5614 D.
1195 5565 1225 5614 G.
1310 5564 1337 5627 lr)
1356 5564 1405 5628 ipsi
1423 5562 1458 5612 D.
1476 5562 1505 5615 G.
1590 5563 1609 5624 l)
1628 5560 1736 5611 ecclesie

55 5635 87 5686 D.
103 5639 133 5686 G.
197 5643 235 5703 m)
254 5637 291 5687 eis
309 5638 345 5688 D.
361 5639 391 5689 G.
457 5642 484 5704 n)
504 5638 637 5688 ecclesiam
650 5639 685 5688 D.
702 5639 731 5687 G.
796 5637 825 5706 ο)
850 5639 900 5689 Von
919 5655 948 5689 ec
966 5639 1002 5688 bis
1020 5639 1155 5688 cohercere
1175 5636 1373 5696 durchstn'chm;
1395 5636 1430 5688 D.
1454 5633 1483 5682 G.
1503 5633 1523 5682 si
1537 5671 1564 5684 ..
1581 5670 1586 5682 .
1606 5633 1736 5683 coherceri

57 5709 82 5770 p)
98 5709 207 5759 ecclesie
226 5709 262 5760 D.
279 5709 308 5758 G.
381 5713 408 5774 q)
427 5709 632 5775 archiepiscopus
650 5711 685 5760 D.
701 5709 730 5759 G.
802 5717 825 5778 r)
845 5711 913 5776 regis
930 5711 966 5760 D.
984 5710 1013 5760 G.
1086 5712 1108 5775 s)
1128 5708 1345 5772 archiepiscopum
1364 5707 1399 5756 D.
1417 5705 1448 5754 G.
1528 5712 1547 5772 t)
1567 5705 1636 5769 regia
1653 5705 1688 5752 D.
1706 5703 1736 5754 G.

56 5781 80 5844 n)
99 5778 277 5832 confirmamus
294 5782 330 5833 D.
347 5781 376 5830 G.
450 5783 476 5848 v)
496 5781 688 5847 archiepiscopo
707 5781 742 5835 D.
756 5781 785 5830 G.
859 5785 893 5850 w)
904 5783 974 5847 fehlt
991 5781 1027 5831 bei
1043 5781 1078 5831 D.
1095 5781 1124 5830 G.
