4126 6366
1691 340 1752 407 355

76 511 185 574 sancti
217 509 314 584 Iusti,
345 508 515 573 ecclesiam
545 508 650 570 sancti
681 507 848 571 Hermetis
881 509 923 571 de
955 506 1133 586 Orticaria,
1165 508 1337 574 ecclesiam
1371 514 1476 574 sancti
1509 509 1688 577 Salvatoris
1719 516 1763 578 de

76 600 273 682 Putignano,
297 600 469 663 ecclesiam
493 600 597 662 sancti
621 596 780 679 Stephani
810 599 852 661 de
874 600 1024 671 Fasiano,
1058 601 1230 662 ecclesiam
1261 608 1373 663 sancte
1398 601 1534 664 Viviane
1565 604 1597 664 in
1622 601 1764 666 Scharza

78 709 155 754 cum
180 693 269 752 omni
293 691 495 771 proprietate
520 695 552 750 et
576 689 644 750 iure
666 707 736 760 suo,
763 689 993 750 monasterium
1017 689 1121 751 sancti
1138 689 1308 752 Michaelis
1331 691 1373 753 de
1398 689 1567 766 Orticaria,
1591 692 1763 755 ecclesiam

77 780 185 842 sancti
209 778 308 842 Blasii
334 780 365 840 in
384 775 556 851 Cisanello‚
581 775 753 839 ecclesiam
777 780 880 839 sancti
897 777 993 850 Petri,
1017 778 1190 841 ecclesiam
1215 781 1317 841 sancti
1343 778 1432 854 lusti,
1456 780 1625 844 ecclesiam
1650 791 1766 844 sancte

79 869 186 932 Marie
211 869 242 930 in
268 868 419 940 Mezana,
449 869 481 929 in
515 865 603 929 Calci
623 863 653 948 ει)
686 864 857 928 ecclesiam
881 875 994 929 sancte
1018 867 1139 942 Marie,
1171 870 1204 929 in
1239 864 1425 932 Guillerada
1456 871 1628 933 ecclesiam
1661 875 1764 934 sancti

78 957 158 1034 Viti,
183 955 354 1020 ecclesiam
378 955 481 1020 sancti
504 954 659 1018 Iohannis
683 957 715 1017 in
739 963 852 1017 monte
876 957 993 1017 Pisano
1018 976 1090 1018 cum
1117 955 1241 1038 capella
1265 956 1437 1038 hospitalis
1469 969 1503 1021 et
1532 979 1606 1021 cum
1631 961 1765 1041 capellis

78 1048 123 1110 de
139 1046 224 1110 valle
239 1047 380 1120 Luseris,
396 1044 548 1108 videlicet
570 1044 738 1107 ecclesiam
755 1045 859 1107 sancti
875 1043 1068 1107 Christofori
1085 1046 1127 1107 de
1144 1047 1302 1120 Botcano,
1326 1047 1498 1110 ecclesiam
1520 1049 1622 1110 sancti
1638 1048 1765 1112 Nicolai

78 1137 124 1198 de
147 1135 302 1218 hospitali
327 1136 448 1210 Manui,
473 1134 627 1196 ecclesias
650 1133 753 1196 sancti
777 1132 873 1207 Petri,
896 1135 999 1196 sancti
1025 1135 1174 1215 Prosperi
1199 1143 1232 1197 et
1255 1137 1357 1197 sancti
1374 1136 1495 1198 Donati
1518 1138 1561 1199 de
1578 1137 1765 1215 Machadio,

78 1227 257 1288 ecclesiam
280 1225 382 1288 sancti
405 1224 574 1287 Laurentii
597 1224 641 1286 de
664 1223 775 1304 Burgo
799 1243 894 1297 novo,
928 1223 1098 1286 ecclesiam
1130 1225 1232 1286 sancti
1257 1223 1408 1286 iohannis
1438 1227 1480 1288 de
1504 1224 1631 1308 Campo
1655 1227 1765 1310 longn,

79 1315 252 1378 ecclesiam
290 1313 392 1376 sancti
424 1312 595 1376 Michaelis
633 1313 675 1374 de
707 1312 843 1394 Cafagio
883 1313 1048 1394 episcopi,
1087 1313 1258 1375 ecclesiam
1297 1314 1399 1376 sancti
1432 1315 1563 1377 Martini
1596 1316 1637 1377 de
1669 1319 1764 1393 Reto,

78 1405 254 1467 ecclesiam
278 1404 381 1466 sancti
405 1401 558 1464 Iohannis
582 1401 614 1463 in
639 1404 709 1482 ripa
733 1399 840 1476 Sartii,
874 1402 1046 1464 ecclesiam
1077 1401 1307 1483 baptismalem
1332 1413 1445 1466 sancte
1470 1403 1574 1467 Marie
1598 1407 1628 1466 in
1653 1405 1765 1469 Arena

78 1514 154 1556 cum
195 1493 391 1575 suppositiS,
433 1490 568 1572 capellis
607 1499 641 1553 et
678 1491 963 1566 decimationibus,
1001 1490 1170 1554 ecclesiam
1209 1495 1312 1554 sancti
1343 1493 1553 1573 Apolenaris,
1592 1495 1763 1557 ecclesiam

77 1585 185 1646 sancti
215 1583 380 1646 Leonardi
407 1581 439 1642 in
471 1579 681 1654 Pratoseell0‚
707 1599 838 1642 roccam
862 1581 905 1642 de
930 1580 1106 1644 Comitello
1131 1601 1204 1642 cum
1229 1581 1429 1662 pertinentiis
1452 1585 1527 1656 suis,
1552 1584 1764 1646 medietatem

78 1672 208 1736 castelli
249 1672 292 1733 de
320 1668 472 1734 Scanello
511 1689 586 1732 cum
623 1669 827 1751 pertinentiis
859 1670 925 1731 suis
957 1679 991 1732 et
1021 1669 1089 1732 aliis
1123 1669 1264 1732 castellis
1299 1671 1340 1732 ad
1374 1673 1481 1752 ipsum
1515 1673 1764 1753 pertinentibus,

78 1760 364 1842 quemadmodum
389 1779 408 1821 a
431 1758 608 1822 recolende
632 1760 792 1822 memorie
816 1759 965 1822 Beatrice
990 1767 1023 1822 et
1048 1759 1209 1822 Mathilde
1232 1760 1399 1823 comitissa
1418 1759 1447 1844 b)
1470 1761 1587 1824 Pisane
1626 1763 1766 1826 ecclesie

78 1851 198 1914 collata
222 1842 313 1913 esse‘
326 1856 510 1924 noscuntur,
542 1858 668 1910 curtem
699 1849 742 1910 de
765 1848 931 1928 Pappiana
955 1868 1029 1910 cum
1054 1849 1118 1910 suis
1142 1848 1352 1930 pertinentiis,
1384 1851 1541 1930 quicquid
1574 1849 1701 1913 habetis
1733 1854 1765 1914 in

78 1949 174 2003 curte
203 1958 268 2022 que
297 1939 416 2000 dicitur
438 1935 602 2018 Appiana,
634 1946 668 1999 et
699 1937 853 2019 quicquid
885 1936 1013 2000 habetis
1032 1940 1076 2000 in
1108 1948 1200 2000 curte
1230 1938 1272 1999 de
1302 1938 1476 2020 Popugna,
1507 1940 1624 2001 rubum
1649 1940 1765 2003 Pisane

78 2030 231 2104 civitatis,
257 2037 387 2091 centum
412 2026 536 2089 solidos
560 2027 603 2089 de
627 2028 697 2109 ripa
721 2028 775 2106 qui
799 2027 869 2088 dari
890 2036 1027 2108 propter
1043 2047 1172 2090 cereum
1191 2035 1439 2103 consueverunt,
1463 2031 1619 2111 quicquid
1636 2028 1765 2093 habetis

78 2119 110 2180 in
135 2118 273 2182 castello
297 2125 331 2180 et
353 2125 446 2179 curte
469 2115 593 2179 castelli
617 2116 691 2178 novi
716 2125 750 2178 et
778 2114 900 2178 castelli
924 2118 1042 2179 veteris
1073 2117 1116 2179 de
1140 2116 1326 2190 Camaian0,
1357 2125 1487 2192 terram,
1511 2137 1609 2197 quam
1634 2117 1765 2181 habetis

79 2209 278 2284 inPesiano,
303 2226 377 2268 cum
402 2205 542 2268 ecclesia
569 2213 682 2268 sancte
706 2204 891 2286 Margarete
924 2215 957 2267 et
988 2207 1056 2268 eius
1081 2206 1291 2286 pertinentiis,
1323 2206 1494 2288 piscariam
1526 2227 1589 2286 que
1622 2207 1659 2270 fit
1690 2228 1763 2270 cum

78 2297 208 2361 lontriis
240 2305 274 2360 et
297 2295 430 2358 navibus
454 2296 486 2357 in
509 2303 628 2376 stagno
652 2314 727 2357 cum
752 2296 841 2357 exitu
865 2305 900 2357 et
923 2296 1011 2356 omni
1036 2295 1232 2376 pertinentia
1254 2314 1320 2368 sua,
1345 2297 1376 2357 in
1394 2293 1511 2358 Sardia
1533 2297 1763 2360 monasterium

78 2389 184 2450 sancti
209 2384 381 2449 Michaelis
405 2385 448 2447 de
471 2383 605 2447 Plaiano
629 2404 703 2446 cum
728 2383 888 2458 ecclesiis,
920 2385 1066 2447 curtibus
1096 2392 1128 2446 et
1152 2384 1222 2446 aliis
1246 2386 1450 2466 pertinentiis
1473 2386 1554 2463 suia,
1580 2386 1762 2460 ecclesiam,

78 2495 145 2556 que
162 2477 260 2538 estin
277 2482 374 2556 portu
392 2474 434 2536 de
450 2473 618 2549 Turribus,
635 2472 713 2536 cum
729 2471 840 2536 officio
856 2473 1075 2535 ecclesiastico
1093 2481 1125 2535 et
1140 2471 1299 2536 beneficio
1316 2475 1430 2555 populi
1447 2475 1562 2538 Pisani.
1602 2474 1762 2549 Preterea,

77 2574 222 2629 vestram
248 2564 416 2627 matricem
439 2562 614 2626 ecclesiam
639 2565 765 2625 sincere
796 2561 982 2625 dilectionis
1005 2562 1145 2624 brachiis
1175 2562 1422 2643 amplectentes,
1453 2565 1603 2644 antiquas
1637 2567 1706 2628 eius
1730 2575 1764 2628 et

78 2653 292 2718 rationabiles
316 2653 569 2716 consuetudines
594 2652 835 2726 confirmamus,
858 2652 1026 2714 unctiones
1049 2652 1201 2714 videlicet
1218 2650 1420 2715 infirmorum
1437 2661 1470 2715 et
1486 2653 1631 2716 decimas
1649 2653 1762 2717 Pisane

78 2742 262 2826 parrochie,
294 2742 394 2805 blade
425 2751 459 2804 et
481 2742 545 2804 vini
576 2760 699 2803 omnes
745 2742 959 2812 Pecuniarum
982 2761 1061 2803 vero
1093 2742 1237 2804 omnium
1270 2750 1336 2803 tres
1366 2762 1409 2804 ex
1432 2743 1559 2824 integro
1584 2743 1762 2824 portiones,

77 2841 147 2896 tam
171 2835 215 2896 de
239 2831 368 2897 civitate
391 2833 470 2912 ipsa,
495 2850 594 2912 quam
619 2831 662 2893 de
686 2830 806 2911 burgis,
829 2828 913 2892 villis
937 2838 971 2892 et
985 2830 1164 2905 territoriis,
1180 2850 1245 2909 que
1268 2851 1288 2891 a
1304 2831 1418 2894 maiori
1439 2833 1579 2895 ecclesia
1596 2831 1762 2913 baptisma

77 2923 271 3005 suscipiunt.
319 2917 514 2984 Oblationes
537 2921 686 2982 vivorum
710 2927 744 2982 et
767 2927 980 2993 mortuorum,
1010 2940 1075 3000 que
1098 2921 1140 2982 ad
1166 2921 1323 2982 maiorem
1348 2919 1517 2983 ecclesiam
1543 2921 1761 2998 conferuntur,

78 3020 115 3074 ut
138 3011 256 3074 nullius
280 3029 435 3091 umquam
460 3009 554 3073 vobis
575 3009 755 3090 vestrisque
778 3009 1023 3071 successoribus
1047 3008 1226 3072 calliditate
1256 3017 1312 3071 aut
1333 3009 1489 3072 violentia
1520 3010 1761 3087 subtrahantur,

76 3101 138 3164 sed
170 3103 202 3164 in
242 3119 452 3163 communem
490 3117 584 3161 usum
615 3098 749 3161 fratrum
781 3099 907 3179 integre
938 3098 1140 3178 stabilesque
1169 3109 1391 3180 permaneant.
1444 3099 1482 3161 ld
1514 3099 1620 3180 ipsum
1654 3108 1688 3161 et
1718 3101 1761 3164 de

77 3189 309 3254 oblationibus
325 3189 423 3251 misse
439 3187 648 3269 episcopalis,
674 3207 738 3268 que
762 3187 967 3268 presentibus
995 3189 1157 3250 canonicis
1181 3187 1370 3263 celebratur,
1393 3189 1583 3266 statuimus,
1616 3199 1760 3271 excepto

76 3301 159 3343 auro
182 3280 236 3342 vel
260 3279 365 3360 pretio
380 3298 442 3359 pro
458 3297 548 3352 auro,
573 3297 633 3338 nec
650 3278 681 3338 in
698 3277 812 3339 maiori
830 3277 967 3339 ecclesia
984 3276 1067 3338 ullus
1083 3278 1308 3339 introducatur
1323 3277 1375 3339 vel
1392 3278 1559 3340 ordinetur
1575 3281 1760 3354 canonicus,

77 3371 140 3433 nisi
164 3369 332 3433 communi
354 3368 587 3430 canonicorum
610 3366 663 3429 vel
686 3366 819 3428 maioris
843 3367 945 3447 partis
974 3385 1143 3428 consensu.
1191 3363 1385 3429 Ordinatum
1409 3386 1488 3429 vero
1518 3367 1595 3429 nulli
1627 3368 1759 3431 omnino

76 3461 240 3542 episcopo
255 3457 360 3529 liceat,
386 3454 498 3519 officio
520 3474 577 3518 seu
592 3453 754 3518 beneficio
775 3457 845 3517 sine
861 3455 1018 3517 canonico
1035 3456 1163 3536 privare
1178 3456 1309 3518 iudicio.
1347 3455 1463 3518 Nullus
1480 3459 1578 3519 etiam
1596 3456 1760 3532 ecclesias,

76 3569 142 3630 que
165 3548 209 3611 ad
233 3548 280 3609 ius
305 3547 437 3609 maioris
465 3546 621 3608 canonice
654 3546 788 3625 proprie
819 3544 1000 3625 pertinent,
1032 3552 1065 3606 et
1096 3563 1206 3606 earum
1240 3543 1378 3607 clericos
1410 3553 1519 3626 preter
1550 3565 1758 3608 communem

74 3637 308 3700 canonicorum
331 3635 383 3698 vel
415 3635 547 3696 maioris
578 3635 680 3715 partis
703 3633 906 3696 voluntatem
939 3633 1091 3695 ordinare
1113 3633 1165 3695 vel
1196 3633 1377 3712 inquietare
1401 3645 1577 3715 presumat,
1610 3635 1669 3696 sed
1700 3655 1759 3697 vos

74 3729 118 3789 de
148 3727 230 3809 ipsis
272 3723 413 3788 ecclesiis
459 3724 638 3786 secundum
669 3724 836 3802 antiquam
869 3731 902 3784 et
934 3721 1160 3786 rationabilem
1193 3723 1464 3785 consuetudinem
1496 3724 1694 3806 disponendi
1727 3734 1760 3786 et

73 3815 251 3879 ordinandi
274 3816 470 3877 auctoritate
493 3810 677 3894 apostolica
701 3810 886 3875 facultatem
920 3811 1056 3874 liberam
1090 3809 1248 3874 habeatis.
1296 3808 1409 3874 Olivas
1440 3821 1550 3875 autem
1583 3821 1616 3876 et
1646 3833 1759 3876 cereos

73 3905 162 3969 nulla
177 3906 321 3967 civitatis
339 3911 372 3966 et
387 3903 566 3984 burgorum
584 3901 720 3964 ecclesia
738 3909 848 3983 preter
864 3902 1032 3963 matricem
1052 3900 1224 3963 eeclesiam
1242 3907 1275 3962 et
1291 3909 1402 3983 preter
1421 3905 1618 3964 monasteria
1628 3911 1662 3965 et
1670 3904 1701 3965 in
1711 3901 1759 3964 his

74 4003 189 4078 preter
212 4012 311 4074 quam
335 3992 377 4055 ad
403 3989 584 4054 monachos
608 4000 642 4053 et
664 3989 837 4052 familiares
861 3989 1056 4052 benedicere
1073 3985 1266 4075 [prelsumat
1288 3998 1321 4053 et
1337 3999 1447 4072 preter
1463 3990 1518 4053 ubi
1534 3993 1759 4071 antiquissime

73 4103 273 4148 concessum
298 4081 397 4144 fuisse
418 4082 607 4143 dinoscitur.
655 4081 824 4162 Baptisma
848 4081 880 4140 in
905 4079 1017 4141 maiori
1039 4087 1167 4141 tantum
1192 4078 1376 4142 celebretur
1399 4079 1544 4154 ecclesia,
1574 4083 1658 4143 sicut
1681 4082 1760 4143 anti-

73 4175 187 4256 quitus
217 4173 425 4236 observatum
460 4177 519 4245 est,
553 4177 706 4250 exceptu,
729 4191 749 4232 u
774 4216 781 4230 .
806 4219 812 4231 .
836 4216 843 4231 .
869 4217 875 4230 .
900 4215 906 4229 .
931 4188 975 4229 r.
1000 4189 1025 4230 s.
1070 4169 1107 4231 ln
1139 4168 1280 4231 sabbato
1314 4164 1442 4254 [sancto
1474 4165 1591 4254 nu]llus
1627 4170 1758 4233 missam

72 4271 219 4335 cantare,
244 4280 420 4343 campanas
443 4279 561 4322 sonare
585 4266 762 4340 presumat,
786 4258 893 4320 donec
917 4258 1005 4338 apud
1023 4260 1181 4321 maiorem
1198 4257 1344 4340 pulsetur
1360 4259 1541 4321 ecclesiam.
1579 4259 1759 4342 Populares

73 4371 214 4432 quoque
244 4351 490 4432 processiones,
528 4349 588 4411 nisi
623 4350 655 4410 in
687 4349 801 4410 maiori
834 4368 899 4410 non
927 4345 1007 4409 fiant
1037 4346 1182 4410 ecclesia.
1227 4345 1284 4409 Ad
1315 4346 1377 4410 hec
1408 4350 1568 4430 presentis
1600 4348 1758 4430 privilegii

73 4435 297 4525 auctori[tate]
320 4433 526 4524 sancci[mus,
550 4433 596 4523 ut]
621 4435 852 4499 defunctorum
877 4431 1121 4521 canolnicorum
1147 4432 1316 4522 beneficia]
1345 4457 1429 4500 nunc
1453 4438 1539 4500 etin
1563 4446 1758 4520 perpetuum

72 4531 252 4593 anemine
281 4528 480 4602 auferantur,
512 4527 571 4588 sed
604 4529 636 4590 in
669 4546 745 4589 usus
776 4525 928 4602 fratrum,
961 4526 1178 4589 communiter
1204 4527 1397 4603 viventium,
1428 4527 1537 4608 quiete
1569 4535 1603 4589 et
1633 4529 1759 4608 integre

72 4619 288 4683 dimittantur.
335 4616 446 4690 Porro,
471 4616 525 4697 qui
548 4617 638 4698 apud
662 4615 818 4678 maiorem
841 4613 928 4677 soliti
950 4623 1026 4677 sunt
1050 4616 1221 4678 ecclesiam
1245 4615 1386 4697 sepeliri,
1415 4616 1598 4697 sepulturas
1623 4613 1759 4702 [solitas]

73 4729 142 4772 non
167 4707 360 4788 relinquant
406 4705 524 4780 Ceteri,
549 4707 604 4786 qui
628 4705 671 4767 ad
693 4703 827 4767 aliarum
851 4702 1062 4767 ecclesiarum
1085 4713 1253 4768 transeunt
1275 4705 1469 4787 sepulturas,
1493 4707 1561 4768 sive
1583 4705 1759 4768 incivitate

71 4799 143 4861 sive
174 4797 207 4859 in
240 4795 370 4877 burgis,
400 4795 592 4857 iudiciorum
622 4814 755 4856 suorum
788 4801 916 4875 partem
948 4803 1097 4872 quartam
1129 4794 1253 4857 matrici
1277 4793 1416 4858 ecclesie
1440 4794 1676 4875 derelinquant.
1723 4797 1759 4858 ln

72 4885 232 4950 omnibus
254 4893 365 4949 autem
388 4884 543 4958 ecclesiis,
574 4887 605 4946 in
632 4883 750 4964 quibus
774 4890 978 4946 mortuorum
995 4884 1144 4965 exequiis
1168 4886 1338 4959 interestis,
1364 4887 1533 4948 missarum
1557 4884 1651 4947 vobis
1676 4885 1759 4947 cele-

73 4977 243 5041 brationes
267 4995 341 5036 cum
366 4972 590 5037 oblationibus
612 4973 677 5035 suis
701 4972 922 5035 concedimus.
968 4969 1055 5036 Sane
1085 4975 1231 5055 priorum
1263 4974 1495 5037 canonicorum
1526 4972 1703 5036 electiones
1726 4981 1759 5036 et

72 5065 261 5130 locationes
287 5063 562 5126 monasterialium
595 5061 850 5144 capellanorum,
874 5063 930 5140 qui
945 5061 1097 5126 videlicet
1121 5062 1246 5144 populo
1262 5064 1373 5126 divina
1390 5061 1500 5125 officia
1515 5063 1759 5138 amministrant,

72 5152 317 5236 archiepiscopi
351 5162 384 5216 et
416 5155 648 5216 canonicorum
681 5171 842 5215 consensu
866 5150 955 5213 fiant.
1000 5153 1153 5214 Preterea
1188 5151 1304 5215 silvam
1342 5152 1518 5215 Tumulum
1558 5173 1577 5214 a
1609 5152 1760 5215 faucibus

72 5245 197 5307 veteris
212 5239 315 5306 Sercli
339 5260 443 5321 usque
466 5240 509 5304 ad
525 5241 729 5316 divisionem,
752 5259 816 5320 que
832 5240 913 5302 inter
929 5260 988 5304 vos
1004 5248 1037 5304 et
1052 5244 1287 5304 monasterium
1304 5242 1406 5304 sancti
1423 5241 1569 5314 Ruxorii,
1595 5242 1759 5304 mediante

72 5332 256 5397 venerabili
281 5330 380 5394 fratre
396 5339 510 5393 nostro
526 5329 692 5404 Hubaldo,
717 5329 836 5392 Pisano
860 5327 1109 5412 archiepiscopo
1128 5329 1160 5416 ¹),
1184 5327 1311 5417 [nuper]
1335 5329 1423 5394 facta
1446 5339 1497 5393 est
1520 5339 1554 5392 et
1576 5331 1759 5405 terminata,

71 5422 171 5486 vobis
203 5419 430 5484 nichilominus
461 5420 703 5482 confirmamus.
750 5417 965 5482 Prohibemus
999 5439 1132 5499 quoque
1163 5429 1197 5482 et
1228 5421 1410 5501 apostolice
1441 5421 1530 5483 sedis
1563 5422 1759 5484 auctoritate

72 5513 276 5585 sanccimus,
308 5517 343 5572 ut
373 5509 478 5572 nullus
510 5509 637 5589 absque
660 5509 767 5571 Pisani
798 5507 1037 5591 archiepiscopi
1069 5529 1202 5572 assensu
1231 5519 1265 5573 et
1297 5505 1417 5594 [vestro
1442 5530 1559 5572 novam
1585 5508 1757 5573 ecclesiam

238 5737 266 5806 a)
284 5740 357 5789 iaus
375 5738 524 5805 ekomgr‘rt
595 5736 624 5804 b)
643 5755 658 5788 a
676 5739 729 5802 auf
740 5740 832 5788 Ranrr.
853 5778 903 5785 -.
923 5737 961 5806 ,1)
983 5739 1083 5821 ζΙύαΙᾰο,
1103 5739 1249 5803 Enbischof
1261 5755 1310 5788 von
1330 5739 1396 5803 poa,
1416 5741 1597 5790 1176-1208.

1496 5821 1548 5884 45*
