4126 6356
324 301 385 354 120

318 481 453 545 alicuius
485 477 618 542 alterius
645 479 792 541 dominio
821 479 874 542 vel
905 487 1071 562 potestate
1101 481 1168 544 sive
1198 475 1347 545 custodia
1378 480 1467 544 nullo
1489 500 1634 561 unquam
1658 480 1691 542 in
1716 486 1869 563 tempore
1891 485 1994 542 trans-

319 571 448 648 feratur,
480 575 512 631 et
543 587 657 630 omnes
689 569 843 631 custodes
874 569 975 632 nostri
997 569 1049 633 vel
1081 580 1267 634 nostrorum
1300 591 1543 642 successorum,
1577 571 1633 650 qui
1667 569 1714 631 ibi
1747 589 1808 652 pro
1841 577 1995 650 tempore

319 661 446 734 fuerint,
469 657 559 740 quod
582 656 642 719 tibi
667 664 700 720 et
723 661 922 721 monasterio
945 659 976 721 in
1001 660 1073 742 ipso
1096 668 1205 723 castro
1230 668 1428 723 reservatum
1446 667 1503 734 est,
1527 658 1586 721 tibi
1601 660 1733 740 tuisque
1748 658 1994 721 successoribus

320 767 513 813 conservare
537 747 694 810 iurabant.
741 746 777 811 Si
804 767 882 810 vero
913 749 1120 830 supradictus
1153 769 1268 812 census
1300 749 1408 828 aliquo
1439 769 1516 812 casu
1546 768 1606 831 per
1635 756 1702 811 tres
1734 766 1837 811 annos
1868 746 1994 810 solutus

320 859 387 902 non
410 837 504 900 fuerit
534 844 567 897 et
597 855 657 898 nos
687 835 755 899 sive
783 857 988 901 successores
1018 839 1135 915 nostri,
1168 848 1217 901 ter
1247 839 1393 920 requisiti
1423 847 1457 900 et
1490 840 1521 901 in
1554 845 1671 920 quarto
1710 856 1796 899 anno
1830 839 1995 918 integrum

320 927 462 1011 persolvi
487 946 552 988 non
582 924 764 1000 fecerimus,
796 927 863 991 sive
894 928 991 990 etiam
1016 929 1169 991 custodes
1193 931 1382 996 monasterii
1404 930 1504 991 vestri
1528 927 1570 990 ab
1592 925 1782 990 hominibus
1807 929 1930 989 nostris
1952 927 1996 989 de

320 1024 427 1080 castro
458 1015 550 1078 eiecti
580 1013 701 1077 fuerint
728 1025 761 1078 et
794 1015 876 1078 infra
907 1024 972 1080 tres
1003 1038 1148 1094 menses,
1179 1025 1356 1100 postquam
1386 1017 1485 1080 tertio
1518 1018 1664 1096 requisiti
1694 1015 1866 1092 fuerimus,
1897 1035 1997 1098 super

320 1108 450 1170 adiecto
474 1113 626 1186 tempore
649 1105 693 1167 ad
715 1105 799 1168 inter
821 1105 1006 1169 faciendum
1030 1115 1064 1169 et
1086 1108 1128 1170 ad
1153 1108 1346 1184 custodiam,
1370 1107 1558 1170 monasterii
1583 1113 1745 1188 oportune
1764 1105 1996 1178 revocandam,

320 1199 391 1259 sine
422 1196 589 1273 utriusque
621 1196 724 1276 partis
757 1193 879 1258 malitia
909 1196 1088 1259 sufficiente
1120 1199 1269 1260 restituta
1299 1218 1365 1260 non
1389 1196 1496 1271 fuerit,
1527 1194 1588 1282 hec
1612 1193 1781 1257 locationis
1806 1195 1932 1256 cartula
1954 1195 1996 1255 de

321 1294 430 1348 cetero
460 1283 582 1348 viribus
612 1291 731 1346 careat.
787 1281 835 1360 Si,
872 1286 1006 1366 quando
1037 1287 1136 1349 etiam
1168 1306 1229 1349 nos
1259 1286 1407 1369 qualibet
1437 1305 1480 1347 ex
1510 1304 1607 1347 causa
1636 1291 1777 1347 castrum
1810 1285 1922 1367 ipsum
1953 1282 1996 1346 ad

321 1394 435 1438 manus
466 1378 594 1436 nostras
625 1375 764 1436 retinere
788 1373 995 1450 noluerimus,
1027 1377 1089 1458 ipsi
1123 1379 1324 1440 monasterio
1347 1383 1457 1438 vestro
1489 1374 1615 1453 absque
1637 1375 1844 1456 inpensarum
1871 1393 1997 1435 recom-

320 1465 514 1547 pensatione
544 1464 768 1536 restituemuS,
808 1482 849 1525 eo
879 1472 990 1527 tamen
1019 1472 1152 1540 tenore,
1191 1472 1242 1540 ut,
1280 1465 1555 1546 quandocumque
1592 1483 1653 1526 nos
1685 1461 1736 1526 vel
1766 1481 1995 1525 successorum

320 1563 506 1617 nostrorum
538 1550 715 1614 catholicus
745 1550 882 1634 quilibet
911 1555 954 1616 ad
987 1575 1100 1618 manus
1131 1563 1258 1618 nostras
1291 1563 1433 1618 castrum
1465 1555 1572 1636 ipsum
1605 1570 1759 1615 revocare
1787 1550 1997 1625 voluerimus,

320 1643 419 1707 simili
440 1651 556 1704 tenore
579 1640 704 1720 absque
726 1641 814 1703 omni
835 1639 839 1725 Ι
860 1644 1118 1706 contradictione
1141 1653 1174 1707 et
1205 1645 1426 1727 impensarum
1454 1642 1656 1706 restitutione
1678 1640 1774 1705 nobis
1798 1643 1997 1704 restituatur.

534 1729 588 1810 (R)
612 1729 684 1811 Ego
708 1729 875 1812 Eugenius
899 1731 1060 1821 catholice
1085 1733 1221 1822 ecclesie
1245 1735 1420 1818 episcopus
1442 1753 1484 1794 ss.
1512 1731 1576 1814 ΙΜΙ

534 1813 577 1904 ΙΙΙ
601 1820 675 1902 Ego
699 1818 860 1883 Astaldus
883 1822 1046 1903 presbiter
1068 1823 1241 1886 cardinalis
1263 1825 1312 1886 tit.
1336 1831 1447 1885 sancte
1470 1821 1580 1884 Prisce
1602 1839 1642 1881 ss.
1668 1816 1716 1902 (5)

481 1905 557 1970 Dat
572 1908 679 1970 Rome
695 1909 783 1991 apud
807 1919 957 1974 sanctum
973 1912 1114 1988 Petrum,
1138 1934 1198 1996 per
1213 1932 1344 1976 manum
1361 1912 1537 1986 ROLANDI,
1560 1917 1674 1996 sancte
1690 1907 1841 1997 Romane
1858 1909 1998 1995 ecclesie

322 1997 493 2081 presbiteri
517 1997 689 2060 cardinalis
712 2006 746 2060 et
761 1999 951 2062 cancellarii.
989 2015 1039 2064 ΧΠ
1054 2001 1107 2064 Kl.
1122 2001 1199 2066 Iulii.
1237 2002 1417 2065 Indictione
1432 2001 1545 2084 prima.
1583 1997 1815 2062 Incarnationis
1831 1999 1998 2087 dominice

321 2106 407 2150 anno
431 2097 551 2150 Mch.
596 2084 807 2150 Pontificatus
829 2109 909 2152 vero
933 2089 1046 2154 domni
1070 2091 1225 2154 EUGENII
1247 2106 1286 2155 111
1309 2111 1397 2174 pape
1420 2110 1506 2154 anno
1530 2108 1627 2151 nono.
1650 2123 1694 2134 -—

484 2199 527 2249 θν-
552 2197 636 2258 (Arci.
661 2201 721 2250 reue
744 2201 799 2267 Ros.
819 2205 886 2254 rrra
914 2204 1009 2271 σῶμ
1027 2208 1074 2273 20)
1099 2208 1155 2256 m
1175 2205 1376 2271 Kopblurkrmdc
1401 2205 1442 2254 des
1462 2205 1494 2254 ra
1519 2203 1613 2267 Jasra
1642 2203 1680 2266 (s,
1706 2203 1830 2252 Salvum
1850 2203 1939 2268 1050),
1965 2201 1998 2251 aa

322 2271 436 2324 Archivio
454 2271 481 2320 di
495 2272 562 2321 Staio
579 2287 609 2318 su
627 2271 707 2322 suna.

484 2343 527 2392 Or.
544 2343 575 2391 ist
593 2341 844 2398 Rom-Mineruiae.
881 2347 951 2413 Perg.
969 2347 1031 2408 ilai,
1049 2349 1101 2413 auf
1114 2349 1158 2398 der
1173 2349 1255 2399 Iinkm
1273 2347 1333 2398 Seue
1351 2347 1382 2396 ist
1399 2347 1439 2396 ein
1456 2348 1543 2412 longer
1560 2345 1641 2411 Strers
1653 2345 1833 2411 abgeschnitien,
1852 2344 1889 2392 br.
1909 2345 1998 2404 0‚665,

321 2419 382 2481 lang
399 2417 469 2476 0,81,
485 2421 561 2463 usim
577 2415 639 2474 0,03
655 2417 844 2482 umgcscklngm,
871 2419 950 2469 durch
967 2421 1020 2470 drei
1037 2421 1128 2470 Licher
1140 2421 1198 2487 gelat
1217 2421 1255 2470 dic
1277 2437 1332 2469 rosa
1350 2417 1539 2478 deemcMr,
1564 2419 1637 2466 deren
1661 2418 1715 2466 Bles'
1735 2418 1852 2466 verlorers
1891 2415 2000 2480 Faltussg

322 2489 366 2537 der
381 2488 478 2536 Bullen.
516 2485 628 2535 Ins'tiale:
649 2488 761 2536 venitm
782 2488 942 2554 Unciulsomr,
966 2493 1025 2542 iiber
1040 2493 1096 2541 und
1116 2501 1188 2543 uider
1210 2493 1247 2542 die
1265 2491 1328 2540 Zeila
1351 2491 1468 2542 reichend.
1505 2491 1554 2540 Die
1574 2490 1723 2554 Oberldngcn
1740 2489 1767 2536 in
1784 2487 1828 2536 der
1843 2495 1921 2536 ersten
1936 2487 1999 2535 Zeila

321 2559 380 2610 sind
391 2558 518 2625 gestreckt,
545 2557 596 2607 ihre
621 2557 699 2608 Worte
712 2565 761 2625 gut
777 2567 902 2625 getressrrt,
927 2579 975 2612 von
993 2565 1097 2613 salutem
1115 2581 1149 2614 on
1165 2580 1237 2630 sogor
1253 2564 1327 2624 stark,
1353 2561 1557 2612 benedictionem
1582 2562 1614 2609 ist
1630 2561 1656 2609 in
1674 2561 1727 2609 drei
1747 2559 1826 2608 Tacite
1843 2561 1930 2624 serlegt
1945 2557 2002 2606 und

321 2629 432 2681 dadurcli
449 2629 508 2684 iiber
523 2629 591 2678 einen
608 2631 691 2679 Raum
708 2646 757 2680 von
775 2633 835 2692 0,16
852 2634 984 2694 erbresiem
1015 2642 1039 2684 ct
1056 2635 1116 2684 sretr
1132 2638 1188 2686 weit
1203 2651 1252 2685 von
1269 2635 1390 2685 eirwndcr.
1426 2633 1521 2699 Sclm'fl
1537 2633 1577 2682 des
1594 2632 1749 2696 Komcrr'ptes
1765 2630 1853 2679 sarrin
1869 2630 1927 2679 und
1940 2630 1999 2678 sier·

321 2703 381 2752 licie
398 2700 582 2766 Bullenscfm'ft,
606 2701 644 2750 die
662 2701 802 2767 Majuskeln
819 2705 883 2752 noch
900 2707 1003 2756 starkem
1023 2707 1118 2756 Rmkfe
1135 2715 1209 2758 etwas
1226 2707 1285 2756 doch
1302 2723 1382 2772 wensg
1398 2705 1590 2771 hervorgclroben,
1610 2719 1628 2768 g
1645 2704 1690 2752 mit
1714 2701 1933 2752 Wickelschniirkel
1947 2701 2003 2749 md

322 2773 470 2834 Halsstrich,
496 2772 640 2822 Zes'lenweitr
657 2789 677 2821 c.
695 2776 783 2834 0,016.
817 2776 907 2826 Laruas
923 2778 1114 2843 Konscn'ptwort
1137 2780 1198 2830 steht
1219 2797 1260 2828 arn
1278 2779 1350 2828 Endc
1374 2777 1415 2826 des
1437 2784 1514 2826 ersten
1532 2777 1636 2826 Driftels
1651 2776 1695 2824 der
1713 2775 1787 2834 Zeia,
1814 2775 1893 2822 Amen
1902 2773 1999 2836 fckbn.

323 2849 385 2896 Rota
402 2845 449 2894 Nr.
473 2851 494 2907 1,
513 2844 690 2894 Durclsmesser
705 2847 793 2906 uota,
812 2847 843 2896 ist
859 2849 925 2897 dicit
941 2867 975 2898 an
992 2851 1030 2900 dic
1046 2853 1110 2900 letste
1128 2851 1190 2902 Zeile
1204 2851 1313 2917 gemacht.
1345 2847 1513 2914 Monogramm
1533 2848 1579 2897 Nr.
1599 2849 1639 2906 2¹³,
1658 2846 1764 2896 sinnlr'cb
1782 2846 1922 2911 diiunlim'g,
1939 2843 2000 2894 boch

323 2919 410 2978 0,054,
429 2916 488 2966 brot
503 2917 591 2976 0,028,
610 2930 634 2964 cs
650 2916 732 2966 istan
750 2917 787 2967 die
803 2919 867 2968 letale
884 2920 1071 2987 Ifonscrs'ptlinie
1087 2923 1272 2989 herangm'ickt,
1290 2921 1427 2987 jedenfalls
1444 2937 1486 2968 um
1512 2920 1655 2984 ungrhdrrgc
1673 2917 1811 2983 Nachtrd'ge
1828 2933 1859 2964 su
1875 2917 2000 2966 veriritas.

323 2988 459 3054 Ringkreus
482 2987 538 3036 und
556 2985 721 3054 Unimchnst
741 2997 813 3039 roua
832 2991 884 3040 sich
897 2993 987 3058 gleiche
1003 3011 1058 3043 vom
1079 2994 1195 3060 Uebrr'gen
1219 2993 1382 3043 abwcicfsmde
1399 2991 1487 3052 Diuo,
1519 2991 1655 3054 Unsschrr'fl
1675 2991 1767 3039 broune
1784 2989 1861 3038 Ds'nte
1869 2989 1925 3053 fier
1939 2987 2000 3045 sici,

322 3060 426 3110 siemlich
450 3059 528 3108 sicher
548 3059 673 3126 dr'ejmige,
698 3061 786 3110 welche
805 3063 890 3112 olandi
913 3065 939 3112 in
962 3066 1006 3114 der
1021 3067 1152 3132 Datinmg
1170 3066 1319 3132 geschriebm
1342 3064 1392 3124 hat,
1416 3063 1461 3112 das
1486 3063 1563 3112 dovor
1585 3062 1694 3112 srehendc
1710 3062 1734 3110 R
1757 3077 1806 3110 von
1823 3061 1928 3109 andem
1944 3075 2000 3109 usar

322 3131 461 3196 Auslaufm
474 3130 597 3196 generi-ter
612 3131 770 3198 eingetragm.
807 3133 855 3184 Die
877 3137 978 3202 sonstr'ge
995 3139 1124 3204 Datimng
1139 3139 1215 3188 Οἰκία
1231 3137 1286 3204 fiir
1307 3136 1357 3186 sici
1380 3136 1437 3184 und
1455 3135 1522 3184 wohl
1536 3134 1599 3184 aaa
1615 3149 1664 3184 von
1687 3134 1752 3183 erim
1768 3132 1813 3181 der
1830 3131 2002 3197 Haaprsavpa

323 3203 385 3252 nahe
401 3202 557 3252 vmvandlm
574 3201 633 3250 doch
649 3203 716 3252 m'clrl
728 3205 836 3270 gleichen
852 3206 934 3256 Hand
948 3209 1100 3275 arcsgefu'hrl.
1142 3210 1192 3259 Voss
1203 3209 1311 3275 Eugenii
1329 3224 1363 3256 an
1382 3208 1419 3256 die
1438 3206 1515 3256 Worte
1532 3206 1683 3255 sancimend
1697 3203 1766 3254 nsehr
1782 3203 1947 3253 montranda
1959 3217 2001 3268 ge·

322 3290 399 3341 rogen,
417 3291 460 3322 um
478 3273 515 3323 die
533 3273 595 3322 Zeile
611 3289 641 3321 sss
650 3275 738 3339 fiillen
757 3277 815 3338 (von
832 3290 864 3327 1³1>
882 3280 917 3328 bis
934 3296 1002 3330 nono
1020 3283 1079 3330 iiber
1095 3285 1176 3348 0,11).
1212 3279 1446 3344 Raumvertlm'hmg
1462 3279 1514 3342 auf
1527 3277 1571 3328 dcr
1591 3277 1723 3327 Urhmde:
1751 3276 1926 3340 Hauptkirper
1940 3274 2001 3323 sau

322 3347 378 3396 sehr
391 3347 454 3410 frei,
476 3361 524 3394 von
548 3345 592 3395 dtr
613 3345 697 3396 obertu
714 3348 795 3398 Kame
815 3352 908 3411 0,075,
933 3367 981 3402 von
1006 3355 1050 3402 der
1065 3353 1146 3403 dialem
1164 3355 1250 3414 0,065,
1275 3368 1322 3402 voss
1340 3352 1384 3401 der
1399 3349 1493 3400 rechten
1509 3349 1570 3415 fast
1586 3351 1659 3410 0,07,
1675 3349 1745 3414 frilll
1762 3349 1832 3410 0,3a,
1859 3363 1908 3396 von
1925 3347 2002 3395 πώεα

322 3421 404 3467 lemen
422 3419 484 3467 Zeile
499 3415 534 3466 bis
551 3417 679 3482 Daesirrng
694 3420 780 3485 loufm
800 3424 831 3471 15
849 3421 996 3484 Querlinien,
1015 3425 1121 3474 dmnocls
1138 3441 1189 3474 nur
1205 3425 1243 3475 ain
1262 3424 1338 3490 Zeuge
1352 3429 1444 3488 gestor,
1469 3421 1573 3471 weshalb
1597 3422 1642 3470 das
1660 3419 1824 3485 Scinststiick
1847 3419 1915 3468 wohl
1929 3425 2002 3468 mur

320 3489 358 3538 die
374 3490 512 3556 unsertrgen
530 3505 559 3537 su
577 3489 678 3539 rechnen
696 3490 733 3542 ist.
770 3491 819 3542 Die
835 3495 964 3563 Datimng
979 3496 1040 3546 steht
1056 3498 1212 3547 unmittelbar
1227 3496 1287 3546 iiber
1303 3497 1356 3546 dam
1378 3494 1601 3560 Umgeschlagmen.

1066 3780 1135 3856 Nr.
1168 3784 1255 3857 115.

321 3907 516 3974 Anastasius
531 3907 555 3972 I
560 3908 719 3974 Vnimmt
733 3910 787 3975 die
804 3909 1078 3995 Kollegriztkirclre
1095 3911 1199 3980 Santa
1215 3913 1383 3998 Reparata
1404 3909 1446 3977 di
1457 3910 1562 3976 Lacca
1586 3908 1620 3974 in
1635 3903 1870 3993 apostolischen
1885 3903 2004 3971 Schuta

747 4000 817 4064 und
835 3999 986 4086 bestitigt
1006 4003 1076 4068 ihre
1101 4003 1337 4069 Besitztluimer
1357 4003 1427 4068 und
1447 4000 1574 4065 Reckte.

919 4119 1003 4181 1153
1025 4116 1156 4184 October
1171 4123 1200 4184 7.
1246 4119 1399 4184 Lateran.

481 4246 674 4312 Anastasius
704 4250 896 4333 episcopus,
932 4271 1044 4315 servus
1076 4273 1244 4318 servorum
1276 4253 1343 4330 dei,
1376 4251 1505 4316 dilectis
1535 4248 1607 4313 filiis
1638 4245 1868 4330 sigismundo,
1901 4244 2001 4326 priori

323 4334 459 4424 ecclesie
481 4346 592 4426 sancte
607 4337 782 4428 Reparate,
806 4341 940 4420 eiusque
963 4342 1123 4420 fratribus,
1147 4351 1214 4406 tam
1239 4342 1446 4425 presentibus
1470 4360 1568 4421 quam
1593 4337 1713 4413 futuris,
1744 4337 1904 4398 canonice
1927 4333 2002 4397 sub

322 4426 504 4502 ὃῗῑῒῡθῦἆῑὸ,
537 4440 575 4490 ΙΝ
598 4439 677 4490 PPM·
701 4426 769 4516 -Ι
791 4428 973 4519 Commissa
1005 4433 1102 4496 nobis
1132 4433 1315 4520 apostolice
1345 4433 1433 4495 sedis
1463 4449 1522 4492 nos
1552 4427 1702 4491 hortatur
1732 4426 1931 4500 auctoritas,
1968 4430 2002 4484 ut

321 4514 401 4577 locis
431 4534 470 4577 ac
493 4519 651 4597 personis,
681 4517 782 4600 ipsius
815 4520 970 4583 auxilium
1002 4521 1179 4585 devotione
1211 4521 1325 4585 debita
1357 4518 1619 4604 implorantibus,
1651 4515 1797 4579 tuitionis
1823 4512 1999 4595 presidium

322 4605 514 4685 impendere
538 4605 728 4670 debeamus.
774 4606 868 4689 Quia,
891 4611 973 4673 sicut
996 4612 1114 4675 iniusta
1134 4609 1139 4696 Ι
1159 4611 1404 4694 postulantibus
1431 4608 1537 4672 nullus
1566 4615 1616 4671 est
1639 4605 1832 4670 tribuendus
1856 4601 2000 4677 effectus,

322 4694 370 4755 sic
393 4693 475 4757 iusta
499 4701 532 4756 et
554 4694 701 4778 legitima
716 4696 971 4762 desiderantium
990 4701 1077 4764 nulla
1094 4711 1143 4764 est
1159 4699 1341 4764 differenda
1357 4701 1493 4784 peticio;
1517 4696 1687 4780 presertim
1704 4713 1827 4768 eorum,
1852 4694 2000 4773 quicum

323 4782 494 4846 honestate
516 4785 581 4871 vite
605 4793 638 4847 et
661 4785 813 4849 laudabili
838 4809 964 4852 morum
989 4793 1232 4872 compositione
1255 4791 1400 4873 gaudent
1424 4787 1641 4869 omnipotenti
1663 4784 1801 4847 domino
1825 4782 1999 4844 deservire.

323 4870 519 4954 Eapropter,
546 4873 656 4938 dilecti
680 4877 714 4938 in
737 4877 876 4939 domino
900 4877 965 4953 filii,
998 4882 1115 4942 vestris
1140 4883 1232 4942 iustis
1254 4876 1530 4964 postulationibus
1560 4874 1740 4938 clementer
1767 4871 1940 4934 annuimus
1970 4877 2000 4932 et

323 4961 567 5044 predecessoris
584 4965 692 5041 nostri,
709 4975 819 5054 sancte
833 4971 990 5054 memorie
1002 4990 1089 5056 pape
1100 4971 1264 5045 EUGENH,
1279 4970 1425 5050 vestigiis
1441 4966 1634 5040 inherentes,
1648 4961 1758 5025 dilecti
1770 4960 1823 5023 filii
1832 4961 1999 5032 BosoNIS,

322 5051 489 5134 scriptoris
508 5052 531 5130 ¹)
554 5054 664 5130 nostri,
689 5055 841 5137 precibus
865 5058 1019 5133 inclinati,
1043 5059 1205 5141 prefatam
1229 5058 1399 5121 ecclesiam
1417 5063 1528 5143 sancte
1544 5053 1718 5139 Reparate,
1742 5070 1806 5140 que
1821 5049 1853 5112 in
1869 5049 1999 5113 Lucana

323 5141 455 5204 civitate
486 5140 592 5224 plebis
624 5144 788 5208 vocabulo
821 5145 975 5229 fungitur,
1009 5150 1041 5210 in
1073 5169 1138 5230 qua
1171 5148 1283 5211 divino
1316 5146 1493 5227 mancipati
1522 5143 1599 5206 estis
1622 5141 1794 5220 obsequi0,
1825 5139 1889 5202 sub
1913 5139 1998 5202 beati

322 5230 408 5292 Petri
446 5238 479 5292 et
516 5240 627 5294 nostra
666 5236 873 5315 protectione
912 5238 1109 5320 suscipimus
1149 5245 1182 5300 et
1212 5239 1373 5320 presentis
1402 5234 1515 5317 scripti
1547 5229 1716 5315 privilegio
1748 5231 1997 5292 communimus.

322 5316 518 5396 Statuentes,
543 5328 577 5384 ut
601 5342 824 5404 quascumque
839 5329 1075 5408 possessiones,
1099 5346 1307 5408 quecumque
1322 5327 1411 5390 bona
1427 5324 1545 5387 eadem
1561 5319 1698 5384 ecclesia
1714 5321 1746 5382 in
1762 5321 1996 5401 presentiarum

322 5407 405 5472 iuste
428 5417 461 5472 et
483 5413 642 5475 canonice
665 5413 813 5496 possidet
837 5423 893 5476 aut
920 5417 951 5479 in
975 5415 1118 5480 futurum
1148 5418 1361 5479 concessione
1384 5412 1584 5498 pontificum,
1616 5409 1787 5491 largitione
1810 5428 1926 5490 regum
1950 5403 1999 5470 vel

322 5499 524 5582 principum,
565 5501 734 5566 oblatione
765 5501 910 5567 fidelium
945 5524 1002 5569 seu
1035 5505 1107 5569 aliis
1138 5507 1232 5569 iustis
1264 5506 1371 5570 modis
1406 5505 1472 5567 deo
1503 5500 1650 5585 propitio
1689 5500 1814 5582 poterit
1852 5497 1997 5582 adipisci,

485 5697 509 5764 r)
529 5695 589 5746 Boso
606 5696 697 5747 kommr
712 5706 785 5748 anter
802 5699 888 5766 Eugen
908 5702 954 5751 III
965 5704 1003 5751 als
1019 5701 1121 5766 sm'ptor
1137 5701 1231 5752 ΜΕ.
1249 5715 1295 5753 vor
1311 5717 1358 5752 von
1378 5701 1554 5752 zuo-1153.
