4090 6358
326 303 368 378 84

325 499 440 572 gentes
463 488 637 564 extiterint,
669 489 765 552 liceat
786 490 890 566 vobis,
915 491 948 553 in
971 511 1029 554 eos
1052 492 1245 554 canonicam
1268 491 1462 554 sententiam
1493 492 1709 574 promulgare.
1755 488 1992 554 Nichilominus

326 580 424 642 etiam
455 578 631 653 abbatiam,
664 598 727 663 que
751 577 941 662 Munstar1)
972 581 1096 656 dicitur,
1127 580 1256 666 abone
1279 580 1436 667 memorie
1458 581 1647 643 LOTHARIO
1680 583 1875 662 imperatore
1896 577 1992 640 vobis

326 669 487 744 traditam,
519 687 592 730 curn
615 666 752 754 ecclesia
778 669 867 731 beati
890 671 986 751 Xysti
1017 670 1153 750 aliisque
1183 671 1336 756 ecclesiis,
1360 670 1444 733 villis
1467 676 1500 731 et
1522 670 1683 747 omnibus
1714 670 1757 732 ad
1787 671 1892 751 ipsam
1923 688 1991 750 per-

325 756 515 832 tinentibus,
545 755 812 838 Babenbergensi
836 759 970 844 ecclesie
993 758 1224 821 confirmamus
1253 759 1414 839 vobisque
1442 760 1564 840 pariter
1590 759 1800 821 concedimus
1831 757 1991 830 ecclesias,

326 866 389 932 que
411 847 495 908 inter
516 845 675 909 barbaros
697 847 759 932 site
781 857 856 909 sunt
879 858 912 910 et
935 869 994 930 per
1014 848 1198 934 venerande
1222 848 1377 934 memorie
1401 849 1531 910 fratrem
1560 855 1714 924 nostrum,
1739 849 1898 912 Ottonem
1923 866 1991 926 pre-

326 935 529 998 decessorem
551 944 651 1010 tuum,
677 955 696 996 a
718 935 870 1016 squalore
891 944 1018 1023 vetuste
1040 937 1230 1018 gentilitatis
1254 936 1296 999 ad
1313 957 1462 999 normam
1478 937 1720 1000 christianitatis
1737 947 1769 999 et
1787 935 1990 1016 disciplinam

326 1025 578 1109 ecclesiasticam
594 1033 669 1086 sunt
684 1044 840 1113 converse
856 1027 899 1088 ad
915 1027 1073 1090 honorem
1089 1027 1142 1088 dei
1159 1027 1350 1089 auctoritate
1366 1037 1477 1112 sancte
1492 1027 1642 1113 Romane
1658 1025 1793 1112 ecclesie
1810 1024 1991 1098 ordinandi,

327 1114 433 1176 donec
457 1113 520 1175 deo
544 1114 689 1195 propitio
713 1113 908 1177 catholicum
932 1125 965 1178 et
987 1116 1155 1198 proprium
1179 1117 1372 1197 episcopum
1395 1116 1578 1177 sortiantur.
1623 1115 1680 1178 Ad
1708 1115 1840 1178 maioris
1864 1115 1992 1194 insuper

327 1203 552 1266 familiaritatis
582 1212 616 1265 et
645 1202 826 1266 dilectionis
858 1204 1056 1267 evidentiam
1085 1205 1171 1267 intra
1190 1200 1217 1289 a)
1248 1205 1405 1267 terminos
1435 1204 1718 1285 Babenbergensis
1753 1203 1889 1290 ecclesie
1920 1212 1992 1264 ante

327 1291 443 1354 faciem
466 1299 556 1354 tuam
580 1312 708 1354 crucem
730 1294 853 1373 portari
877 1294 1096 1368 concedimus
1119 1294 1209 1356 salva
1230 1294 1317 1356 sedis
1340 1294 1522 1381 apostolice
1544 1295 1736 1355 auctoritate
1752 1303 1785 1355 et
1802 1293 1991 1376 Maguntine

327 1381 519 1463 metropolis
542 1383 728 1443 reverentia.
774 1382 831 1444 Ad
855 1383 1010 1445 indicium
1038 1392 1156 1458 autem,
1190 1383 1278 1465 quod
1301 1382 1585 1464 Babenbergensis
1614 1383 1727 1445 civitas
1750 1382 1937 1464 specialiter
1958 1401 1992 1442 ac

326 1471 459 1551 proprie
482 1469 570 1532 beati
587 1470 671 1532 Petri
696 1470 771 1533 iuris
794 1473 920 1548 existat,
945 1493 1065 1553 equum
1088 1493 1188 1534 unum
1212 1472 1331 1547 album,
1355 1472 1439 1535 bene
1463 1481 1611 1553 aptatum
1635 1492 1674 1534 ac
1694 1472 1875 1545 faleratum,
1899 1471 1992 1532 nobis

327 1560 510 1641 nostrisque
533 1559 772 1622 successoribus
796 1561 887 1623 annis
909 1560 1043 1642 singulis
1067 1562 1267 1642 persolvetis,
1292 1561 1422 1641 qualem
1446 1560 1561 1623 deceat
1579 1557 1779 1644 Rolmanum
1802 1559 1992 1642 pontificem

327 1649 360 1710 in
383 1647 647 1730 processionibus
671 1650 847 1711 autetiam
871 1649 934 1712 alio
959 1660 1109 1731 tempore
1132 1651 1277 1731 equitare
1280 1683 1745 1712 ..........

539 1738 595 1814 (R)
618 1738 691 1818 Ego
714 1738 880 1819 Eugenius
903 1739 1064 1825 catholice
1086 1740 1221 1826 ecclesie
1244 1741 1420 1821 episcopus
1443 1759 1484 1801 ss.
1508 1737 1570 1817 (M)

334 1897 338 1904 ¹
486 1826 563 1888 Dat.
587 1824 724 1904 Viterbi‚
748 1848 808 1909 per
830 1848 962 1890 manum
988 1878 993 1891 .
1019 1878 1025 1891 .
1051 1827 1116 1908 .b),
1147 1839 1258 1891 sancte
1280 1830 1431 1891 Romane
1455 1828 1590 1891 ecclesie
1613 1828 1743 1891 diaconi
1767 1828 1942 1891 cardinalis
1964 1837 1994 1890 et

328 1915 518 1978 cancellarii.
557 1929 583 1977 11
597 1913 650 1977 Kl.
672 1915 738 1978 lan.
776 1916 959 1980 Indictione
982 1931 1014 1980 X.
1053 1918 1287 1980 lncarnationis
1312 1917 1476 2003 dominice
1499 1938 1585 1980 anno
1601 1929 1745 1980 MCXLVI.
1784 1918 1992 1981 Pontificatus

326 2025 405 2068 vero
430 2005 542 2067 domni
566 2005 708 2086 EUgenii
730 2022 768 2066 111
790 2026 847 2087 pp.
872 2027 958 2069 anno
982 2023 1015 2068 11.
1038 2041 1082 2054 -

491 2118 533 2167 Or.
553 2116 586 2166 im
603 2117 757 2182 alhremeinen
774 2119 955 2168 Reichsarchive
972 2137 1001 2168 su
1020 2119 1153 2169 Mr'e'nchen.

490 2188 558 2255 Pcrg.
577 2189 636 2248 ital,
655 2189 690 2238 br.
710 2191 894 2250 0‚61-0‚616,
918 2193 979 2258 lang
995 2193 1079 2252 O,555,
1097 2197 1173 2240 ἄηται
1189 2191 1268 2254 0,032
1292 2193 1479 2258 umgesclzlagers
1518 2193 1572 2241 Das
1592 2193 1734 2259 Pergam
1755 2193 1846 2242 scheim
1862 2196 1994 2257 urspring-

328 2260 376 2308 lr'ch
386 2261 440 2324 fla'r
458 2259 636 2326 ngmfirmm
659 2260 778 2310 berechmt
796 2277 902 2327 genesen
926 2279 955 2311 su
978 2264 1034 2322 sein,
1061 2263 1097 2311 die
1115 2264 1182 2312 darm
1205 2263 1358 2328 wegblieben,·
1384 2263 1480 2312 desfialb
1496 2264 1541 2312 dar
1558 2263 1768 2315 Missverndlrmts
1792 2265 1836 2314 der
1853 2265 1933 2314 Brcr‘re
1953 2279 1995 2312 w

328 2332 419 2398 Lci'nge.
455 2333 543 2381 Durch
561 2332 618 2380 swei
633 2331 725 2381 L'o'cher
736 2333 795 2398 geht
811 2335 847 2382 die
864 2349 919 2383 rosa
937 2335 992 2382 und
1002 2335 1123 2400 goldgelbe
1141 2334 1292 2400 diinnsddige
1310 2335 1492 2395 Seidensclmur,
1510 2352 1595 2386 woran
1612 2337 1657 2385 das
1674 2336 1799 2402 Bler'siegcl
1812 2337 1860 2386 Nr.
1880 2341 1896 2384 4
1915 2336 1993 2400 lengi.

329 2403 436 2468 Fallwtg
447 2403 490 2452 der
499 2405 595 2453 Bulleu.
621 2403 732 2452 Initiale:
752 2405 904 2468 Uncialsorm
916 2406 964 2470 ties
967 2407 1095 2472 gebmhtet,
1119 2407 1275 2471 bravepaeng
1283 2406 1330 2454 Nr.
1340 2409 1402 2467 600,
1414 2408 1474 2472 lang
1485 2409 1570 2466 0‚l42.
1596 2407 1644 2456 Die
1662 2407 1739 2456 Woru
1754 2409 1780 2456 in
1793 2409 1837 2457 dcr
1847 2415 1925 2456 ersten
1938 2407 1994 2454 Zeile

328 2475 362 2524 bis
379 2491 409 2523 su
427 2476 502 2534 0‚017
521 2475 693 2535 ameinander,
715 2491 789 2541 gegm
807 2477 877 2525 Εηᾶι
895 2478 962 2526 mehr
979 2480 1017 2526 als
1033 2494 1063 2526 su
1080 2479 1196 2543 Anfwg,
1222 2493 1264 2526 um
1282 2477 1320 2526 die
1338 2477 1399 2527 Zeile
1416 2495 1445 2526 su
1455 2480 1548 2544 firllen.
1585 2479 1756 2543 Hauptktrpcr
1776 2481 1864 2528 sauber
1887 2479 1944 2528 und
1952 2485 1995 2542 gul

324 2545 484 2613 geschn'elcn,
513 2546 653 2610 Majuskeln
678 2547 741 2595 nach
767 2549 870 2597 starkem
896 2549 990 2598 Punkte
1015 2550 1092 2598 betont
1116 2551 1174 2598 oder
1195 2547 1344 2613 doppellim'g.
1381 2553 1443 2598 Rota
1460 2550 1507 2599 Nr.
1528 2553 1551 2610 1,
1577 2551 1752 2600 Durchmcsser
1768 2552 1855 2610 0‚062,
1883 2567 1932 2598 von
1957 2550 1995 2598 der

328 2620 409 2667 letzim
435 2617 494 2667 Zeila
519 2618 648 2667 abstehend
663 2619 757 2678 0‚006,
785 2635 832 2668 von
858 2620 901 2669 der
926 2621 1006 2669 lr'nken
1031 2621 1112 2670 Kanle
1136 2622 1220 2680 0,135‚
1245 2636 1299 2668 vom
1327 2620 1508 2687 megramme
1525 2622 1592 2682 0,24,
1620 2639 1668 2670 von
1691 2623 1735 2671 der
1756 2621 1888 2687 Darhmsg
1911 2623 1993 2680 0,037.

330 2689 499 2754 Monogramm
523 2690 570 2738 Nr.
596 2693 637 2748 6³,
662 2689 749 2738 beante
774 2690 876 2753 Stm'che,
905 2691 942 2739 die
964 2692 1085 2741 tdeilwche
1118 2692 1209 2756 doppelt
1236 2691 1344 2752 werden,
1373 2693 1431 2742 brer't
1456 2695 1529 2752 0,05‚
1557 2692 1617 2741 hoch
1644 2695 1733 2753 0,061,
1758 2709 1806 2743 von
1830 2694 1874 2742 der
1908 2693 1994 2742 rechten

330 2761 411 2810 Kante
434 2763 516 2820 0,125.
553 2760 689 2826 Ringkrcus
712 2761 768 2808 und
792 2763 956 2826 Unterschnfl
980 2779 1028 2812 von
1048 2763 1153 2829 gleicher
1176 2761 1256 2811 Hand
1279 2764 1335 2811 und
1351 2765 1431 2813 Dinte.
1472 2763 1607 2828 Umschrift
1632 2765 1747 2814 dunklm
1772 2765 1848 2814 Dinte
1862 2765 1920 2829 fiir
1941 2763 1992 2815 rich

330 2833 458 2898 Darimng
472 2833 539 2881 wohl
552 2849 606 2881 vom
625 2832 748 2881 Schreiber
764 2833 804 2883 des
821 2833 1008 2897 Hauptkdrpers.
1045 2834 1178 2899 Lr'm'r'nmg
1200 2835 1235 2883 bis
1252 2851 1282 2882 su
1300 2834 1345 2882 dm
1363 2834 1522 2895 Seirenliniem
1544 2836 1693 2902 gnudhnliclr
1711 2836 1817 2886 dariiber
1833 2851 1898 2902 weg,
1927 2841 1995 2883 mum

330 2904 365 2952 bis
390 2903 438 2952 r'n's
459 2905 662 2969 Umgeschlagme.
683 2931 714 2940 —
734 2903 789 2952 fittr
814 2905 851 2952 die
872 2905 971 2954 chartul
994 2907 1025 2954 ist
1049 2906 1109 2955 diest
1130 2906 1246 2954 Urhende
1270 2906 1296 2954 r'n
1320 2923 1346 2954 ro
1360 2907 1426 2970 sem
1449 2907 1598 2966 mussant,
1627 2910 1665 2956 als
1687 2908 1720 2956 sic
1740 2925 1770 2956 su
1794 2909 1840 2957 dm
1862 2907 1994 2972 ansonem

327 2975 419 3041 gelren,
437 2991 461 3025 es
470 2976 557 3039 sehlen
575 2975 641 3024 nicht
657 2991 707 3024 nur
724 2977 771 3024 alle
789 2975 991 3040 Schlrerssormcln
1010 2979 1050 3026 des
1067 2977 1226 3041 Kmrcnjotes,
1245 2978 1348 3026 sondern
1365 2979 1429 3027 auch
1445 2979 1483 3027 die
1499 2981 1584 3038 Amen,
1602 2995 1636 3028 an
1653 2980 1724 3029 deren
1742 2979 1806 3028 Stati
1814 2980 1892 3043 fitns
1900 2978 1995 3042 0οῇῑί-

331 3047 475 3110 itberpunkte
494 3054 578 3114 gesetst
599 3047 663 3096 sind.
698 3047 790 3096 luder
806 3047 934 3112 Datimng
947 3048 1017 3112 fehlt
1040 3050 1083 3098 der
1099 3049 1184 3097 Narin.
1225 3048 1340 3112 Offenbar
1356 3057 1434 3098 tralen
1455 3050 1557 3099 Grande
1573 3050 1622 3110 cin,
1647 3051 1845 3100 wahrsclm'nlich
1863 3047 1994 3115 drengmde

331 3118 425 3168 Abreise
441 3119 497 3167 oder
513 3117 665 3186 dergleickm,
684 3119 769 3168 welche
786 3119 853 3168 einen
871 3119 1055 3186 beschleunigten
1073 3120 1203 3170 Abschluss
1219 3120 1259 3168 des
1276 3121 1388 3171 Erlasses
1405 3121 1488 3188 nithigy
1505 3121 1620 3172 rnachten.

1087 3457 1155 3532 Nr.
1187 3459 1247 3532 83.

334 3617 448 3701 Eugen
465 3617 530 3680 III
540 3616 657 3680 nimmt
677 3615 739 3678 das
764 3613 893 3678 Kloster
906 3613 1013 3679 Sama
1028 3617 1143 3680 Maria
1158 3640 1176 3680 e
1190 3615 1259 3680 San
1282 3615 1430 3700 Sepulcro
1445 3617 1503 3699 (D.
1530 3615 1692 3695 Volterra)
1716 3617 1753 3681 in
1772 3615 1994 3701 apostolum

627 3703 745 3770 Schuta
767 3705 836 3769 und
858 3703 1010 3786 bestdtzgt
1031 3705 1098 3769 ihm
1121 3707 1208 3770 seine
1231 3706 1469 3770 Besitatlnlmer
1489 3707 1559 3770 und
1579 3707 1705 3771 Reclzte.

857 3847 944 3909 1147
959 3845 1105 3910 Februar
1120 3849 1148 3910 7.
1193 3846 1261 3912 San
1288 3847 1422 3912 Genesin
1438 3849 1477 3929 ²).

493 3990 658 4071 Eugenius
682 3990 865 4071 episcopus,
890 4009 998 4051 servus
1021 4011 1187 4053 servorum
1212 3991 1273 4067 dei,
1299 3991 1424 4053 dilectis
1447 3989 1520 4053 filiis
1543 3991 1647 4066 Helie,
1678 3988 1790 4052 abbati
1816 3987 1995 4051 monasterii

335 4091 446 4168 sancte
463 4081 564 4166 Marie
589 4089 621 4141 et
644 4080 748 4142 sancti
764 4077 934 4160 Sepulchri
959 4079 1001 4140 de
1016 4079 1122 4143 Fonte
1145 4081 1290 4143 Pinzaria
1307 4079 1341 4156 8),
1365 4081 1499 4160 eiusque
1524 4079 1683 4155 iratribus,
1707 4088 1775 4141 tam
1799 4078 1996 4160 presentibus

336 4190 434 4253 quam
450 4170 571 4245 futuris
596 4169 774 4249 regularem
791 4168 892 4228 vitam
915 4166 1070 4248 professis
1085 4182 1124 4231 IN
1140 4181 1216 4231 PPM.
1234 4205 1275 4214 -
1296 4167 1301 4252 Ι
1321 4169 1538 4244 Desiderium,
1563 4168 1653 4249 quod
1677 4168 1718 4230 ad
1742 4167 1909 4249 religionis
1931 4185 1996 4248 pro·

335 4261 479 4343 positum
503 4267 536 4320 et
558 4258 738 4319 animarum
762 4256 899 4318 salutem
922 4258 1084 4337 pertinere
1107 4267 1311 4334 monstratur,
1342 4259 1451 4320 animo
1476 4277 1536 4319 nos
1560 4258 1654 4320 decet
1676 4256 1790 4319 libenti
1814 4257 1995 4327 concedere,

336 4359 369 4412 et
391 4348 572 4429 petentium
596 4346 763 4408 desideriis
787 4364 965 4425 congruum
982 4347 1137 4428 impertiri
1154 4347 1349 4428 suffragium.
1388 4347 1582 4428 Eapropter,
1607 4346 1716 4408 dilecti
1737 4346 1769 4407 in
1786 4345 1924 4407 domino
1939 4343 1995 4416 filii,

335 4437 449 4500 vestris
472 4432 586 4514 iustis!
607 4434 821 4516 petitionibus
854 4433 1030 4497 clementer
1060 4437 1230 4498 annuimus
1260 4446 1293 4498 et
1321 4435 1483 4517 prefatum
1511 4437 1751 4511 monasterium,
1784 4435 1827 4495 ab
1860 4434 1994 4496 Adelmo

335 4527 423 4612 bone
448 4524 680 4588 recordationis
704 4533 737 4586 et
759 4544 862 4585 uxore
884 4542 942 4584 sua
957 4523 1048 4586 Gisla
1064 4526 1096 4586 in
1112 4525 1247 4606 proprio
1264 4525 1374 4588 alodio
1391 4545 1452 4607 pro
1469 4525 1571 4588 salute
1587 4525 1694 4611 anime
1709 4543 1765 4610 sue
1782 4523 1994 4594 constitutum,

336 4617 368 4678 in
393 4635 458 4696 quo
484 4615 594 4677 divino
619 4613 795 4694 mancipati
820 4613 896 4675 estis
920 4611 1088 4693 obsequio,
1112 4615 1173 4678 sub
1197 4614 1283 4677 beati
1300 4615 1384 4677 Petri
1409 4624 1442 4676 et
1465 4623 1575 4676 nostra
1590 4615 1796 4694 protectione
1811 4613 1994 4694 suscipimus

336 4715 369 4768 et
401 4703 560 4786 presentis
589 4703 700 4784 scripti
731 4701 902 4784 privilegio
930 4703 1176 4765 communimus.
1229 4704 1264 4766 ln
1296 4703 1408 4785 primis
1440 4703 1601 4783 siquidem
1631 4711 1825 4776 statuentes,
1856 4712 1893 4764 ut
1923 4699 1994 4762 ordo

337 4794 534 4856 monasticus
557 4792 735 4878 secundum
758 4791 845 4854 beati
869 4791 1039 4852 Benedicti
1062 4793 1206 4874 regulam
1231 4803 1263 4855 et
1287 4793 1420 4855 fratrum
1444 4791 1739 4855 Camaldulensium
1767 4791 1993 4854 institutionem

336 4882 503 4965 perpetuis
527 4881 571 4944 ibi
594 4880 796 4962 temporibus
820 4879 1050 4942 inviolabiliter
1071 4893 1288 4944 conservetur.
1334 4882 1492 4957 Preterea,
1527 4901 1747 4962 quascumque
1770 4881 1993 4962 possessiones,

338 4991 542 5054 quecumque
565 4970 655 5033 bona
677 4971 784 5051 ipsum
808 4969 1040 5032 monasterium
1064 4991 1106 5032 ex
1129 4971 1218 5033 dono
1242 4971 1358 5052 prelati
1384 4969 1518 5032 Adelmi
1543 4977 1575 5032 et
1598 4971 1709 5032 uxoris
1732 4990 1788 5056 sue
1812 4979 1846 5031 et
1870 4969 1993 5032 aliorum

337 5062 389 5124 dei
423 5061 567 5122 fidelium
600 5060 632 5121 in
664 5060 899 5140 presentiarum
931 5058 1012 5120 iuste
1042 5067 1074 5120 et
1104 5061 1261 5122 canonice
1291 5060 1438 5140 possidet
1467 5069 1522 5122 aut
1554 5060 1587 5120 in
1620 5058 1760 5121 futurum
1794 5058 1993 5122 concessione

337 5149 538 5233 pontificum,
571 5148 741 5230 largitione
773 5169 885 5228 regum
908 5147 959 5209 vel
991 5149 1184 5229 principum,
1217 5149 1385 5211 oblatione
1417 5148 1561 5210 fidelium
1593 5169 1649 5210 seu
1681 5149 1751 5210 aliis
1779 5148 1870 5210 iustis
1900 5144 1993 5209 modis

338 5241 401 5302 deo
424 5238 570 5321 propitio
594 5239 715 5320 poterit
738 5238 885 5319 adipisci,
908 5237 1002 5298 firma
1024 5237 1119 5300 vobis
1142 5239 1322 5318 vestrisque
1337 5238 1578 5301 successoribus
1594 5247 1627 5300 et
1642 5237 1766 5300 illibata
1781 5241 1992 5319 permaneant

495 5475 520 5536 a)
543 5473 617 5524 (leber
634 5481 643 5524 t
661 5476 704 5524 der
720 5478 809 5525 Amas
827 5474 891 5523 εἷπεν
911 5473 1042 5539 Oberldnge
1147 5473 1174 5537 b)
1193 5472 1244 5522 hier
1259 5473 1340 5538 steier
1355 5475 1438 5522 Reum
1456 5489 1506 5522 von
1524 5473 1602 5531 0,028
1613 5473 1667 5537 fiir
1690 5474 1736 5522 den
1753 5473 1863 5534 Numen,
1883 5473 1926 5522 der
1939 5467 1993 5518 mil!

335 5547 485 5613 eingetragm
502 5548 595 5596 wurdt.
614 5586 667 5592 -
686 5551 722 5612 ,1)
742 5545 949 5596 Μᾶηιῇηιιῖηείεν
972 5545 1017 5606 (D.
1037 5545 1206 5611 Regemburg).
1317 5547 1343 5612 2)
1363 5546 1415 5594 San
1442 5545 1550 5604 Genesio,
1576 5561 1609 5593 an
1633 5544 1677 5593 der
1693 5546 1770 5605 Eua,
1796 5544 1862 5594 dicht
1884 5545 1919 5594 Μ
1939 5541 1993 5590 ihrer

337 5619 477 5686 Milndung
492 5619 518 5666 in
536 5619 581 5667 dm
598 5620 673 5667 Arno.
764 5617 789 5682 3)
807 5618 847 5666 La
864 5617 945 5666 Badra
968 5616 1127 5666 Camaldolcse
1144 5616 1172 5663 di
1188 5615 1213 5664 S.
1233 5615 1318 5665 Maria
1335 5633 1347 5667 e
1364 5617 1390 5666 S.
1410 5618 1519 5681 Sepulcro
1537 5616 1563 5665 di
1579 5616 1652 5666 Fonte
1672 5616 1792 5667 Pinariam
1812 5633 1856 5666 era
1873 5611 1991 5666 sima&

342 5691 459 5751 Valdelsa,
478 5693 520 5740 nel
533 5690 649 5740 imario
668 5690 723 5740 dell
742 5691 832 5739 atluale
848 5688 975 5752 parrochia
993 5688 1020 5737 di
1036 5688 1062 5736 S.
1084 5687 1198 5736 Pielroa
1221 5687 1313 5736 Cerrelo
1331 5685 1428 5750 (Cesare
1447 5687 1535 5755 Pauli).
