4142 6366
1695 272 1759 368 287

241 469 315 534 Dat.
339 471 524 549 Tusculani,
548 494 608 554 per
633 495 764 537 manum
788 475 945 548 Dauferii,
969 483 1082 538 sancte
1104 474 1254 538 Romane
1277 472 1415 536 ecclesie
1438 471 1639 536 subdiaconi.
1684 473 1762 536 ldus

74 559 224 622 ianuarii.
265 561 448 625 indictione
463 577 549 628 x1111.
589 562 822 627 lncamationis
839 564 1004 628 dominice
1020 584 1105 628 anno
1122 577 1279 628 MCLxxx.
1317 561 1621 625 Pontificatusvero
1646 562 1760 625 domni

74 647 264 712 Alexandri
287 671 375 734 pape
398 666 436 714 111
460 673 546 715 anno
569 667 655 717 xxlI.

239 765 365 830 nactast
381 767 424 814 der
441 766 547 816 Macen.
566 767 593 817 a·
609 768 672 818 star.
692 769 749 832 aar.
774 769 799 817 v
806 774 835 832 p.
853 771 914 828 ass,
933 769 960 818 in
978 769 1022 818 der
1039 769 1103 818 araz.
1125 768 1207 816 crvtca
1225 783 1255 816 m
1277 766 1371 818 cem.

828 1053 895 1128 Nr.
923 1057 1010 1129 316.

72 1181 263 1247 Alexander
276 1183 342 1247 III
353 1184 472 1248 nimmt
488 1183 552 1248 den
569 1181 716 1248 Konvent
738 1207 799 1248 von
816 1183 905 1249 Sant'
927 1185 1105 1270 Ambrogio
1128 1185 1167 1250 di
1181 1183 1308 1247 Milano
1334 1185 1367 1248 in
1391 1179 1625 1270 apostolisclten
1641 1179 1762 1246 Sckutz

451 1272 520 1337 und
532 1273 687 1360 bestcitigt
701 1275 769 1338 inm
784 1275 872 1339 scine
887 1272 1125 1340 Besziztkrimer
1139 1273 1208 1338 und
1222 1273 1340 1336 Rechte
1359 1276 1395 1360 ¹).

690 1393 773 1454 1181
788 1390 915 1475 August
929 1394 980 1455 15.
1023 1389 1157 1454 Viterbo.

237 1520 428 1586 Alexander
444 1523 630 1606 episcopus,
645 1545 756 1590 servus
772 1547 939 1590 servorum
958 1528 1021 1602 dei,
1037 1525 1162 1589 dilectis
1178 1525 1252 1589 filiis
1268 1524 1421 1601 Nazario,
1437 1524 1607 1608 preposito
1624 1521 1761 1586 ecclesie

70 1610 179 1672 sancti
195 1609 375 1686 Ambrosii,
400 1614 536 1694 eiusque
553 1614 713 1691 iratribus,
736 1624 804 1678 tam
828 1617 1037 1699 presentibus
1061 1635 1160 1696 quam
1184 1614 1308 1692 suturis,
1333 1616 1489 1678 canonice
1513 1611 1760 1686 substituendis,

70 1701 104 1760 in
131 1713 211 1763 PPM.
237 1699 304 1786 -1
326 1699 487 1782 Quotiens
511 1723 531 1766 a
554 1704 648 1767 nobis
673 1707 803 1787 petitur,
835 1705 927 1787 quod
950 1705 1097 1788 religioni
1122 1712 1155 1768 et
1177 1703 1340 1767 honestati
1373 1704 1549 1767 convenire
1572 1700 1760 1776 dinoscitur,

69 1791 187 1852 animo
204 1810 264 1854 nos
281 1791 379 1854 decet
394 1791 507 1856 libenti
524 1794 708 1858 concedere
723 1803 757 1857 et
772 1797 954 1878 petentium
971 1795 1142 1858 desideriis
1158 1813 1339 1876 congruum
1354 1792 1543 1875 suffragium
1565 1789 1732 1873 impertiri.
1753 1793 1756 1862 Ι

69 1877 274 1962 Eapropter,
307 1879 417 1944 dilecti
441 1882 472 1944 in
497 1882 634 1946 domino
657 1882 731 1959 filii,
761 1885 876 1948 vestris
900 1885 991 1948 iustis
1014 1883 1290 1967 postulationibus
1324 1881 1504 1947 clementer
1534 1881 1704 1944 annuimus
1728 1887 1761 1942 et

69 1967 250 2032 ecclesiam
274 1969 363 2033 beati
387 1968 566 2047 Ambrosii,
596 1973 629 2036 in
653 1992 718 2053 qua
741 1973 851 2037 divino
876 1974 1050 2057 mancipati
1075 1975 1153 2036 estis
1181 1973 1353 2054 obsequio,
1387 1971 1429 2038 ad
1462 1969 1633 2053 exemplar
1656 1967 1761 2031 felicis

69 2059 312 2122 recordationis
344 2059 446 2142 patris
475 2067 509 2123 et
541 2063 785 2143 predecessoris
816 2065 927 2139 nostri,
951 2061 1106 2127 EUGENII
1135 2083 1231 2146 pape,
1262 2063 1324 2126 sub
1355 2061 1444 2125 beati
1467 2060 1553 2124 Petri
1585 2067 1618 2121 et
1650 2065 1761 2121 nostra

69 2150 283 2229 protectione
314 2148 509 2231 suscipimus
541 2159 574 2213 et
604 2153 764 2233 presentis
794 2153 908 2235 scripti
941 2151 1110 2235 privilegio
1141 2153 1381 2216 communimus
1398 2148 1432 2237 ²).
1486 2149 1691 2222 Statuentes,
1715 2155 1759 2225 ut,

69 2255 303 2317 quascumque
332 2240 577 2320 possessiones,
608 2261 818 2325 quecumque
849 2242 938 2306 bona
970 2242 1086 2306 eadem
1120 2241 1258 2305 ecclesia
1287 2244 1319 2304 in
1351 2241 1588 2324 presentiarum
1620 2237 1704 2300 inste
1726 2244 1760 2298 et

68 2327 232 2390 canonice
255 2328 404 2408 possidet
425 2335 483 2390 ant
505 2329 536 2391 in
561 2329 703 2394 futurum
720 2332 935 2395 concessione
951 2330 1155 2414 pontificum,
1178 2331 1350 2413 largitione
1365 2349 1479 2412 regum
1496 2328 1547 2392 vel
1565 2327 1759 2410 principum,

68 2415 244 2478 oblatione
267 2415 412 2480 fidelium
436 2437 494 2480 seu
519 2417 589 2481 aliis
614 2421 705 2482 iustis
730 2423 846 2498 modis,
871 2431 1039 2503 prestante
1063 2422 1208 2497 domino,
1232 2421 1356 2502 poterit
1379 2421 1525 2502 adipisci,
1549 2417 1641 2479 firma
1664 2415 1760 2477 vobis

66 2507 256 2586 vestrisque
279 2507 520 2569 successoribus
545 2515 578 2570 et
602 2507 724 2572 illibata
752 2519 974 2592 permaneant.
1021 2510 1057 2573 ln
1090 2510 1209 2590 quibus
1241 2509 1302 2572 hec
1334 2509 1474 2592 propriis
1505 2507 1659 2569 duximus
1692 2498 1760 2588 [ex-

66 2595 248 2675 primenda
277 2592 470 2682 vocabulis]:
504 2604 606 2659 totam
639 2602 883 2681 possessionem
908 2600 983 2664 ville
1006 2595 1182 2686 [Axilliani]
1215 2607 1249 2662 et
1280 2599 1492 2663 medietatem
1524 2596 1655 2660 decime
1684 2612 1759 2655 cum

67 2682 225 2746 omnibus
249 2683 430 2748 honoribus
454 2686 497 2748 ad
521 2688 661 2751 eandem
685 2689 793 2752 villam
826 2690 1072 2772 pertinentibus,
1105 2697 1225 2752 terram
1257 2689 1290 2751 in
1316 2688 1467 2752 Moirano
1501 2705 1575 2748 cum
1606 2681 1759 2746 omnibus

67 2771 253 2836 honoribus
277 2774 319 2837 ad
343 2794 416 2837 eam
442 2770 712 2862 [pertin]entibuS‚
735 2787 855 2842 terram
880 2781 912 2841 in
931 2778 1112 2843 Cornareto
1128 2787 1161 2842 et
1177 2781 1208 2841 in
1226 2778 1378 2853 Ebulino,
1402 2784 1435 2840 et
1460 2774 1613 2858 quicquid
1628 2770 1759 2835 habetis

67 2881 113 2924 ex
136 2872 233 2944 parte
249 2861 392 2927 Lanterii
416 2872 449 2927 et
473 2869 585 2928 uxoris
608 2887 674 2941 sue,
699 2869 885 2949 quindecim
909 2867 1033 2932 solidos
1058 2888 1119 2950 pro
1149 2867 1289 2942 annuali,
1322 2867 1412 2948 quod
1441 2865 1546 2928 facitis
1570 2864 1602 2925 in
1619 2859 1759 2924 ecclesia

68 2951 160 3014 beati
179 2950 274 3027 Celsi,
298 2962 331 3015 et
354 2954 531 3016 duodecim
556 2951 731 3042 eand[elas‚
756 2953 831 3044 que]
857 2961 968 3021 omnia
989 2956 1125 3039 singulis
1147 2958 1238 3020 annis
1263 2977 1282 3020 a
1305 2956 1432 3040 prelato
1456 2952 1604 3017 eiusdem
1621 2949 1759 3014 ecclesie

67 3039 166 3104 vobis
199 3042 327 3105 debent
358 3042 510 3125 persolvi,
542 3045 619 3107 item
653 3048 686 3108 in
718 3047 833 3110 eadem
868 3047 1007 3110 ecclesia
1038 3057 1104 3109 tres
1127 3045 1260 3121 solidos,
1294 3064 1378 3125 quos
1409 3064 1452 3107 ex
1474 3044 1610 3121 antiquo
1633 3038 1759 3103 habere

67 3129 194 3204 soletis,
218 3133 381 3194 decimam
399 3151 541 3214 quoque,
567 3155 665 3216 quam
688 3135 817 3200 habetis
842 3138 873 3199 in
898 3136 972 3199 loco
996 3135 1221 3218 Wigonzonis,
1246 3135 1439 3199 refectiones
1461 3151 1549 3205 vero,
1575 3149 1640 3212 que
1663 3128 1758 3191 vobis

67 3221 253 3282 constitute
286 3229 362 3283 sunt
384 3223 563 3285 secundnm
587 3225 755 3306 antiquam
780 3226 1063 3301 consuetudinem,
1092 3227 1227 3306 quando
1250 3225 1353 3288 altare
1377 3223 1464 3287 beati
1488 3219 1657 3283 Ambrosii
1682 3237 1758 3281 con·

66 3308 191 3371 stitutis
214 3310 419 3392 temporibus
435 3313 588 3393 aperitur,
613 3313 838 3378 nichilominus
861 3313 1027 3390 habeatis3
1066 3315 1222 3396 quicquid
1240 3321 1390 3396 preterea
1410 3311 1437 3398 ι)
1459 3311 1536 3374 iuris
1551 3309 1583 3372 in
1599 3306 1758 3370 cimiterio

67 3398 212 3462 ecclesie
228 3407 335 3462 vestre
359 3398 496 3476 habetis,
520 3402 617 3464 vobis
640 3406 825 3467 conservari
849 3405 1063 3486 precipimus;
1103 3403 1357 3467 consuetudines
1382 3419 1516 3484 quoque
1538 3397 1570 3461 in
1586 3397 1758 3480 portandis

67 3488 225 3551 crucibus
249 3491 364 3552 vestris
389 3490 430 3552 ad
454 3493 686 3572 processiones
709 3493 776 3556 sive
799 3494 841 3556 ad
867 3503 1072 3557 mortuorum
1098 3513 1239 3575 corpora
1269 3492 1469 3565 tumulanda,
1502 3507 1601 3568 quam
1625 3487 1710 3549 iuste
1729 3484 1758 3570 b)

68 3574 195 3641 habere
218 3577 382 3654 videmini,
406 3580 630 3644 inconvulsam
648 3602 781 3646 manere
795 3586 988 3646 sanccimus.
1031 3581 1272 3647 confirmamus
1288 3583 1386 3644 etiam
1403 3579 1498 3644 vobis
1514 3575 1756 3640 cimiliarchiam

68 3665 210 3729 ecclesie
233 3674 352 3741 vestre,
376 3675 410 3730 et
432 3668 604 3732 ecclesiam
628 3671 726 3735 beate
751 3673 854 3736 Marie
877 3692 975 3754 grece
998 3671 1088 3734 iuxta
1104 3671 1279 3734 claustrum
1305 3679 1347 3745 et,
1368 3667 1521 3750 quicquid
1537 3667 1613 3729 iuris
1629 3663 1757 3728 habetis

67 3755 100 3818 in
134 3755 277 3819 ecclesia
309 3759 412 3820 sancti
444 3755 578 3841 Georgii
608 3760 651 3822 de
679 3762 784 3825 Ponte
814 3770 929 3838 sexto,
968 3760 1134 3844 hospitale
1164 3760 1267 3824 sancti
1297 3759 1409 3823 Iacobi
1439 3759 1481 3820 de
1513 3755 1693 3818 Ristocano
1724 3760 1757 3815 et

68 3844 298 3921 relectionem,
330 3866 428 3927 quam
453 3846 583 3911 habetis
614 3850 647 3911 in
681 3849 767 3914 sesto
798 3853 902 3915 sancti
927 3850 1039 3926 Satiri,
1073 3850 1247 3914 ecclesiam
1278 3849 1321 3912 de
1352 3847 1495 3913 Cassinis
1526 3842 1692 3917 Stribiani,
1724 3850 1758 3904 et

69 3943 283 4016 potestatem,
307 3955 406 4015 quam
429 3934 569 4013 habetis,
600 3940 745 4020 ponendi
778 3941 933 4004 custodes
963 3941 994 4004 in
1023 3939 1198 4004 ecclesiam
1228 3939 1317 4003 beati
1345 3937 1532 4010 Ambrosii,
1572 3931 1682 3997 oleum
1713 3931 1756 3995 ad

68 4023 240 4088 luminaria
264 4025 412 4088 iacienda
434 4026 466 4088 in
491 4027 563 4108 ipsa
586 4026 730 4105 ecclesia,
760 4030 851 4110 quod
875 4029 1004 4094 habetis
1028 4029 1071 4093 de
1095 4028 1197 4092 domo
1219 4027 1461 4110 archiepiscopi
1480 4024 1518 4110 c),
1549 4021 1757 4104 receptiones

69 4115 220 4177 omnium
245 4117 504 4196 processionum,
535 4134 599 4196 que
627 4115 709 4180 fiunt
731 4118 762 4179 in
787 4118 927 4183 ecclesia
958 4119 1046 4184 beati
1070 4118 1257 4195 Ambrosii,
1288 4119 1373 4182 sicut
1403 4115 1560 4180 hactenus
1590 4109 1756 4175 habuistis.

69 4203 229 4266 Obeunte
253 4223 331 4266 vero
354 4213 396 4278 te,
428 4224 513 4269 nunc
539 4201 698 4291 [eiusdem
722 4203 796 4292 locil
820 4210 999 4292 preposito,
1030 4207 1083 4271 vel
1112 4215 1244 4271 tuorum
1276 4207 1426 4290 quolibet
1448 4219 1676 4269 successorum
1700 4207 1757 4262 aut

67 4291 179 4372 aliquo
205 4295 446 4370 canonicorum,
478 4295 585 4358 nullus
616 4295 661 4359 ibi
694 4296 841 4378 qualibet
870 4298 1092 4380 subreptionis
1123 4299 1242 4361 astutia
1272 4317 1329 4360 seu
1361 4295 1515 4360 violentia
1546 4297 1756 4374 preponatur,

68 4383 129 4444 nisi
155 4401 255 4462 quem
280 4381 397 4446 fratres
420 4384 586 4447 communi
609 4403 768 4449 consensu
793 4385 845 4450 vel
867 4387 1002 4451 fratrum
1028 4407 1103 4469 pars
1128 4387 1252 4450 consilii
1285 4387 1422 4450 sanioris
1452 4381 1633 4448 secundum
1656 4379 1755 4441 deum

68 4471 273 4552 providerint
304 4467 525 4560 [eligendum].
581 4473 676 4550 Sane,
710 4495 917 4558 quecumque
939 4477 1111 4541 autenticis
1143 4476 1386 4558 episcoporum,
1422 4492 1535 4556 regum
1566 4488 1624 4532 seu
1658 4467 1755 4531 etiam

68 4560 208 4623 aliorum
233 4559 287 4623 dei
311 4560 453 4625 fidelium
477 4563 606 4644 scriptis
630 4565 727 4628 vobis
750 4561 846 4651 ius[te
870 4562 1049 4652 concessa,]
1073 4566 1197 4628 donata
1219 4565 1271 4628 vel
1294 4565 1488 4628 confirmata
1508 4567 1591 4634 sunt,
1615 4558 1756 4621 auctori·

68 4652 144 4712 tatis
169 4645 294 4736 [nostre
318 4652 495 4715 munimine
517 4649 736 4738 ro]boramus.
775 4655 993 4719 Decernimus
1016 4651 1117 4740 [ergo,
1141 4651 1187 4738 utl
1212 4653 1287 4717 nulli
1311 4657 1447 4718 omnino
1463 4650 1633 4715 homiuum
1650 4646 1753 4722 liceat,

69 4739 242 4802 ecclesiam
275 4749 417 4803 vestram
459 4749 584 4804 temere
617 4790 654 4806 ..
681 4793 687 4805 .
719 4744 831 4808 usibus
864 4744 1061 4808 omnimodis
1098 4739 1302 4830 [profutura],
1332 4741 1421 4806 salva
1453 4740 1539 4805 sedis
1572 4733 1755 4821 apostolice

68 4829 265 4892 auctoritate
288 4836 323 4891 et
344 4829 599 4894 Mediolanensis
622 4832 860 4916 archiepiscopi
883 4835 1042 4898 canonica
1063 4833 1192 4897 iustitia
1238 4831 1274 4897 Si
1308 4851 1373 4913 qua
1404 4834 1565 4915 igitur..
1590 4824 1755 4890 ‚Cunctis

68 4927 178 4980 autern
203 4965 211 4980 .
234 4965 242 4980 .
266 4966 274 4980 .
299 4918 470 4982 inveniant.

285 5003 339 5094 (R)
363 5008 436 5090 Ego
459 5006 653 5074 Alexander
677 5011 839 5076 catholice
863 5009 1013 5099 [ecclesie
1037 5007 1227 5098 episcopus]
1252 5032 1293 5076 ss.
1318 5009 1381 5098 (M)

283 5133 327 5143 —-
351 5095 371 5180 †
395 5098 469 5178 Ego
494 5097 609 5163 Petrus
633 5101 794 5184 presbiter
817 5103 988 5166 cardinalis
1011 5105 1061 5166 tit.
1086 5112 1199 5166 sancte
1223 5099 1372 5165 Susanne
1395 5121 1436 5162 ss

285 5184 401 5269 †Ego
424 5185 581 5252 Vivianus
634 5191 773 5254 resbiter
804 5192 975 5256 cardinalis
1007 5195 1056 5256 tit.
1086 5195 1188 5256 sancti
1214 5189 1373 5273 Stephani
1405 5193 1437 5253 in
1461 5188 1553 5253 Celio
1577 5195 1691 5251 monte
1712 5207 1754 5250 ss

282 5279 304 5356 ‘r
327 5275 400 5358 Ego
424 5211 632 5364 Ard[uinusl)
645 5281 805 5362 presbiter
829 5283 1002 5344 cardinalis
1025 5283 1072 5344 tit.
1097 5289 1211 5345 sancte
1241 5279 1354 5344 Crucis
1386 5279 1418 5342 in
1442 5278 1619 5342 Ierusalem
1641 5296 1683 5340 ss.
1708 5271 1754 5360 (2)

284 5362 304 5447 †
327 5363 401 5447 Ego
424 5365 596 5431 Laborans
619 5370 783 5452 presbiter
806 5370 980 5434 cardinalis
1002 5379 1115 5434 sancte
1131 5371 1236 5434 Marie
1251 5368 1487 5433 Transtiberim
1510 5369 1558 5430 tit.
1576 5366 1695 5431 Calixti
1710 5385 1753 5427 ss.

69 5495 184 5507 Οὐκ-...Δ-

228 5561 255 5621 e)
268 5559 393 5611 Dakinter
401 5563 489 5611 natur
536 5562 563 5622 bl
576 5563 875 5630 temoeinandergesogm
888 5566 940 5630 arcs
950 5565 1208 5616 Rasurvonanderer
1218 5565 1294 5615 Dima
1341 5559 1753 5628 c)davorRasur.-.1)Vergl.

75 5629 144 5699 Jnffl
161 5633 222 5696 A'rg.
251 5631 326 5691 8296,
354 5633 391 5682 die
411 5632 529 5684 Urlrmde
552 5634 609 5684 obm
627 5651 682 5684 vom
702 5639 735 5685 27
758 5636 859 5685 Oktober
877 5641 943 5686 1144
961 5639 1017 5688 und
1038 5638 1076 5688 die
1099 5653 1154 5687 vom
1172 5639 1207 5686 24
1228 5635 1297 5702 Juni
1315 5637 1387 5697 118⁸,
1414 5633 1457 5684 Or.
1481 5635 1514 5684 ine
1538 5631 1651 5683 Archivh
1676 5629 1703 5679 dt'
1727 5629 1753 5681 S·

70 5703 203 5769 Androgio.
277 5708 303 5769 2)
328 5703 403 5770 Vergl.
426 5702 504 5772 Jrffl,
523 5707 581 5772 A'eg.
602 5709 679 5766 6446,
702 5707 745 5757 Or.
764 5708 798 5757 im
815 5710 890 5760 Arrln
907 5710 935 5758 di
951 5711 1022 5762 sanr’
1039 5710 1173 5776 Amdrogio.
