4090 6358
1690 307 1731 376 73

269 478 291 558 ἀ
313 478 386 561 Ego
410 478 562 544 Ubaldus
583 479 748 564 presbiter
770 478 942 544 cardinalis
964 480 1013 543 tit.
1037 489 1150 544 sancte
1174 479 1286 544 Crucis
1309 481 1342 543 in
1365 479 1539 543 Ierusalem
1562 501 1603 544 ss.

270 563 291 650 †
314 568 388 650 Ego
411 570 561 634 Villanus
582 569 745 652 presbiter
768 570 940 633 cardinalis
963 571 1011 632 tit.
1035 572 1139 634 sancti
1155 569 1315 652 Stephani
1339 570 1372 632 in
1389 569 1480 656 Celio
1497 581 1610 634 monte
1625 590 1666 632 ss.
1682 564 1731 654 (2)

272 691 312 702 -
329 656 349 741 †
365 659 439 740 Ego
457 660 558 723 Oddo
575 660 732 723 diaconus
749 660 920 723 cardinalis
936 660 984 723 tit.
1000 661 1103 724 sancti
1120 659 1254 742 Georgii
1270 659 1312 722 ad
1328 659 1448 722 Velum
1460 656 1468 746 ll
1481 680 1614 724 aureum
1630 680 1671 723 ss.
1685 660 1733 739 (4)

269 742 290 828 †
313 747 387 829 Ego
411 748 521 813 Guido
545 759 658 836 sancte
683 749 786 812 Marie
809 750 843 811 in
866 750 995 813 Porticu
1020 749 1178 813 diaconus
1202 748 1374 812 cardinalis
1397 771 1438 813 ss.

269 835 290 914 †
313 837 388 918 Ego
410 839 553 902 iacintus
578 839 736 902 diaconus
760 839 933 903 cardinalis
956 848 1069 903 sancte
1092 840 1196 903 Marie
1219 839 1253 901 in
1276 836 1472 921 Cosmydyn
1496 859 1538 902 ss.

270 921 291 1008 †
313 926 387 1008 Ego
410 928 524 993 Petrus
548 929 705 992 diaconus
729 928 903 991 cardinalis
926 938 1039 998 sancte
1063 929 1165 992 Marie
1188 929 1222 991 in
1245 927 1309 991 Via
1332 929 1399 992 lata
1421 949 1462 992 ss.
1487 926 1535 1012 (2)

214 1013 292 1076 Dat.
309 1015 447 1094 Viterbi,
471 1038 532 1101 per
555 1038 687 1082 manum
703 1019 874 1095 ROBERU,
897 1026 1011 1082 sancte
1030 1020 1182 1082 Romane
1205 1016 1342 1107 ecclesie
1364 1019 1537 1100 presbiteri
1561 1016 1733 1081 cardinalis

58 1109 89 1164 et
110 1103 306 1167 cancellarii.
351 1119 401 1169 xv
423 1107 477 1171 Kl.
501 1109 661 1172 Decemb.
707 1107 892 1171 indictione
911 1123 996 1172 v1111.
1042 1108 1278 1172 lncamationis
1302 1107 1466 1198 dominice
1490 1127 1578 1171 anno
1601 1119 1733 1172 MCXLV.

57 1191 270 1256 Pontificatus
292 1214 371 1259 vero
395 1196 510 1261 domni
534 1199 688 1261 EUGENn
711 1210 749 1259 111
773 1197 831 1261 ΡΡ.
855 1218 942 1261 anno
966 1198 1082 1281 primo.

219 1308 262 1358 Or.
282 1306 392 1375 (Aegiali
408 1310 435 1360 di
452 1311 525 1362 Slena
545 1316 577 1362 17
596 1313 659 1362 Non.
679 1313 757 1378 1145)
776 1312 832 1360 und
846 1311 972 1379 Abschrr'sl
994 1312 1038 1361 der
1057 1311 1137 1376 Comp.
1156 1311 1184 1361 di
1199 1318 1342 1376 carlepecore
1368 1310 1396 1360 ei
1412 1310 1462 1362 dr'rr.
1480 1311 1583 1362 ΑααΙιίααί
1599 1313 1619 1362 I
1627 1319 1652 1378 p.
1672 1313 1732 1378 349,

58 1376 89 1427 ine
105 1378 222 1430 Archrbio
239 1381 267 1429 dl
282 1381 363 1441 Stulo;
380 1383 506 1449 Abschrr'fl
522 1385 553 1434 B.
578 1385 619 1434 VI.
640 1384 671 1434 13
683 1391 712 1449 p.
731 1385 790 1445 437,
809 1384 836 1432 r'n
853 1385 897 1435 der
912 1385 976 1434 Boe
996 1383 1109 1433 Rebblr'ca
1126 1399 1156 1432 ere
1174 1383 1255 1434 Simo.

216 1453 286 1519 Perg.
304 1453 365 1514 ital,
383 1455 419 1505 br.
438 1457 522 1516 0,617,
541 1458 603 1523 long
619 1457 707 1516 0,735,
727 1462 803 1505 reaten
821 1458 900 1516 0,043
918 1456 1106 1523 umgeschlagen,
1134 1456 1212 1504 durch
1238 1453 1297 1505 rwee'
1314 1453 1405 1505 L'o'cher
1423 1455 1480 1521 geht
1506 1457 1543 1506 de'e
1559 1456 1733 1524 ursprr'lngllcle

58 1539 109 1572 rosa
120 1523 306 1586 Seidenscloner,
325 1526 397 1575 deren
408 1527 534 1594 Blelse'egel
547 1529 687 1594 abgesallen,
706 1528 763 1577 aber
774 1527 880 1578 erlealten
896 1527 933 1588 ἰαί,
952 1529 1000 1578 Nr.
1012 1531 1037 1578 7.
1063 1528 1172 1594 Follung
1187 1528 1231 1578 der
1241 1528 1339 1576 Bellen.
1376 1526 1486 1577 Inhlale:
1502 1529 1556 1595 liefr
1571 1529 1732 1595 Uneiolsorm.

64 1596 219 1662 Vereroigreng
235 1597 282 1646 Nr.
296 1597 400 1662 2J1Pt
438 1600 476 1649 lm
494 1601 636 1666 Koocnpee
654 1601 713 1649 sind
728 1600 765 1648 die
783 1599 925 1664 Majreslleln
943 1600 1066 1650 lher'lwer'se
1083 1601 1159 1649 belone
1175 1600 1231 1649 und
1245 1599 1354 1660 venierl,
1381 1615 1422 1648 am
1447 1601 1542 1650 mer‘slen
1560 1601 1733 1665 Sltatuentes),

58 1667 259 1734 memmimus),
279 1665 316 1734 S(i
335 1673 404 1736 qua).
440 1673 496 1720 Das
520 1675 584 1722 lelete
607 1671 799 1736 Korrscrrptworr
823 1672 950 1721 inveniant
975 1671 1021 1720 me'l
1042 1671 1100 1720 ααυαί
1116 1671 1410 1736 nopes-Uononem,
1437 1672 1548 1722 dalrinter
1570 1673 1676 1723 scleliessl
1698 1673 1734 1721 die

60 1739 116 1789 Zeile
131 1741 169 1790 ab.
208 1739 265 1789 er
281 1739 318 1789 die
336 1742 389 1791 drer'
405 1744 482 1793 Amen
499 1745 547 1794 Nr.
561 1747 577 1792 9
596 1744 693 1818 e'sluelne
709 1758 770 1793 neree
788 1743 850 1793 Zelle
864 1759 1012 1809 gereommen,
1032 1742 1112 1792 hinler
1130 1743 1183 1792 dem
1202 1745 1283 1794 lernen
1300 1745 1377 1793 Amen
1395 1744 1447 1792 drei
1457 1743 1733 1811 Doppel·Ueberponkte.

58 1813 116 1860 Rota
133 1811 182 1860 Nr.
204 1815 228 1860 1.
264 1813 414 1864 lmunkreuz
440 1815 477 1865 ein
501 1815 581 1881 remig
600 1816 758 1882 stei'rkerlim'g
780 1817 818 1865 alr
841 1817 878 1865 dle
895 1816 985 1879 Kreise,
1014 1815 1190 1865 Durclmerser
1207 1817 1294 1876 0,0dl,
1321 1831 1369 1864 oon
1393 1816 1436 1864 der
1457 1818 1538 1865 letaten
1558 1815 1620 1864 Zeile
1638 1819 1735 1880 0,006,·

60 1881 226 1948 Monogramm
243 1884 292 1934 Nr.
305 1885 344 1948 2¹³,
368 1886 428 1935 koch
447 1889 534 1950 0,oor,
563 1889 623 1937 dreit
640 1887 726 1948 0,039,
759 1887 935 1937 Gerendstrr'che
957 1887 1062 1936 re'emlicle
1080 1887 1209 1953 dicklr'm'g,
1236 1887 1296 1936 steht
1318 1887 1384 1936 dicht
1409 1895 1482 1938 unter
1505 1889 1549 1938 der
1568 1890 1649 1938 lelalrn
1665 1888 1735 1937 Zelle.

59 1955 191 2020 Ringkreue
208 1957 265 2004 med
283 1956 448 2023 Untersclerrfl
463 1960 579 2009 dureklere
596 1961 672 2010 Dinte
687 1959 744 2008 und
757 1959 899 2024 Handfilr
915 1959 972 2009 rich.
1009 1959 1057 2009 Die
1075 1959 1151 2008 Diale
1167 1960 1212 2008 der
1232 1958 1369 2024 Umschrrs!
1385 1959 1441 2008 und
1455 1959 1560 2009 siemlr'clr
1578 1959 1656 2009 sicher
1671 1959 1734 2008 arech

59 2025 93 2075 ol'e
108 2027 190 2076 Hand
210 2027 242 2076 ἰαί
254 2028 313 2092 serre
331 2031 371 2080 des
388 2031 577 2096 Haupeeorpm,
602 2047 649 2080 von
667 2031 707 2081 ihr
724 2029 786 2080 auch
805 2031 842 2080 die
859 2031 994 2096 Datimng,
1019 2030 1104 2080 welche
1118 2031 1254 2094 pnmkvoll
1264 2031 1375 2097 gelrallen
1392 2031 1430 2091 ist,
1449 2031 1494 2080 mit
1510 2048 1529 2082 α.
1549 2032 1628 2092 0,033
1646 2034 1735 2096 longer

62 2097 214 2165 Olerldngen,
232 2097 266 2148 im
285 2099 682 2168 Kl.filanbbrenialurreicl1en.
719 2102 825 2152 Roberti
843 2101 870 2151 ln
888 2102 925 2152 die
943 2103 1072 2168 Dolireeng
1093 2101 1139 2153 mit
1155 2101 1285 2152 dunklerer
1302 2102 1378 2152 Dlnte
1402 2101 1560 2170 nitgelragen.
1597 2103 1645 2153 Die
1665 2104 1735 2153 Pres-

59 2171 204 2236 byterfirmen
222 2171 290 2221 roolel
303 2175 352 2224 alle
368 2191 417 2225 vore
430 2175 535 2241 gleicber
551 2175 633 2226 Hand
646 2175 702 2224 und
716 2174 800 2236 Dente,
818 2174 957 2240 unmtlglich
975 2174 1048 2236 nicht,
1067 2174 1124 2224 dass
1140 2174 1190 2224 dies
1207 2173 1270 2224 orech
1288 2175 1324 2224 bei
1340 2175 1384 2224 den
1402 2175 1502 2242 illn‘gerr
1519 2177 1563 2225 der
1579 2175 1644 2225 Fall.

814 2486 881 2563 Nr.
913 2490 974 2562 70.

61 2615 166 2702 Eugen
193 2615 260 2683 III
286 2615 427 2683 schreibt
454 2616 527 2683 dem
551 2615 706 2705 Bisclrofe
732 2617 897 2683 Ge'rolomo
926 2640 987 2684 von
1009 2617 1131 2685 Areezo
1157 2619 1212 2683 die
1238 2619 1479 2702 gegensee'legen
1502 2619 1735 2704 Bodingungen

60 2730 115 2772 eur
142 2707 323 2794 Bee'legung
356 2705 414 2772 des
444 2707 578 2774 Strer'tes
611 2708 772 2774 zwisalten
804 2710 873 2773 ilem
913 2709 983 2773 und
1010 2709 1084 2774 dem
1118 2709 1228 2774 Edlen
1256 2708 1413 2773 Heinrich
1451 2731 1513 2773 von
1544 2707 1734 2794 Benignano

661 2819 773 2882 wegen
795 2799 856 2863 der
876 2800 970 2882 Burg
990 2798 1129 2864 Sosseto.

595 2934 809 2998 1145-1146
830 2932 963 3000 October
975 2937 1026 2998 17.
1069 2931 1201 2998 Ve'terbo.

216 3068 386 3151 Eugenius
416 3068 601 3152 episcopus,
633 3089 744 3134 servus
776 3089 943 3133 servorum
976 3069 1038 3147 dei,
1068 3070 1247 3134 venerabili
1278 3068 1367 3133 fratri
1390 3069 1562 3146 leronim0,
1593 3069 1733 3132 Aretino

63 3157 217 3240 episcopo
235 3157 270 3240 ¹),
303 3158 441 3221 salutem
472 3165 505 3221 et
534 3159 753 3242 apostolicam
785 3159 1061 3223 benedictionem.
1107 3159 1381 3236 Controversiam,
1403 3156 1408 3244 Ι
1430 3180 1493 3241 que
1525 3160 1607 3222 inter
1637 3169 1670 3222 te
1701 3168 1734 3222 et

63 3247 201 3310 nobilem
234 3249 337 3310 virum
369 3248 547 3311 Henricum
584 3249 626 3312 de
657 3247 841 3331 Bivignano
859 3249 887 3332 ²)
924 3269 1023 3332 super
1060 3257 1183 3327 castro,
1230 3249 1320 3332 quod
1351 3249 1509 3313 Saxetum
1527 3246 1556 3330 8)
1587 3257 1731 3326 vocatur,

63 3335 174 3400 diutius
207 3338 332 3420 agitata
364 3348 421 3415 est,
443 3333 448 3422 l
469 3347 537 3400 tam
567 3359 627 3420 per
658 3359 719 3402 nos
750 3358 848 3421 quam
880 3359 940 3422 per
969 3338 1082 3402 fratres
1113 3349 1244 3402 nostros
1275 3339 1449 3421 diligenter
1480 3338 1663 3402 audivimus
1691 3346 1732 3415 et,

62 3427 298 3491 communicato
322 3447 395 3490 cum
420 3427 499 3509 ipsis
515 3427 660 3505 consili0,
686 3430 764 3491 data
779 3429 907 3510 utrique
923 3429 1008 3511 parti
1024 3429 1200 3516 concordie
1218 3430 1363 3510 optione,
1389 3428 1600 3492 concordiam
1627 3428 1733 3509 ipsam

62 3514 119 3579 hoc
141 3516 258 3580 ordine
281 3518 534 3581 terminavimus.
579 3519 655 3600 Ipse
677 3518 831 3581 videlicet
853 3518 1044 3595 Henlricus)
1075 3524 1108 3581 et
1142 3518 1240 3581 frater
1272 3519 1340 3581 eius
1369 3527 1402 3582 et
1425 3519 1502 3600 Ugo
1527 3518 1569 3580 de
1592 3517 1684 3581 Colle
1700 3517 1734 3598 ⁴),

62 3625 147 3670 socer
175 3628 262 3683 suus,
294 3617 400 3670 totum
430 3608 593 3691 prelatum
625 3617 768 3671 castrum
799 3628 872 3671 cum
906 3618 996 3671 curte
1027 3628 1086 3671 sua
1116 3617 1149 3671 et
1181 3607 1418 3690 querimoniam
1448 3618 1481 3671 et
1504 3608 1668 3671 actionem
1692 3607 1734 3668 de

63 3695 122 3759 iure
145 3697 256 3780 ipsius,
282 3716 345 3783 que
368 3696 527 3760 haetenus
551 3697 723 3761 adversum
746 3708 780 3760 te
804 3698 905 3779 ipsius
927 3697 1023 3761 castri
1047 3697 1222 3761 occasione
1242 3698 1433 3775 habuerant,
1459 3699 1491 3760 in
1508 3717 1607 3760 manu
1624 3707 1735 3760 nostra

63 3803 115 3864 per
134 3787 290 3850 baculum
312 3786 481 3850 voluntate
503 3796 688 3869 spontanea
717 3787 853 3850 omnino
885 3786 1107 3850 refutaverunt
1134 3797 1175 3864 et,
1206 3793 1241 3849 ut
1271 3797 1362 3850 tuam
1393 3787 1531 3869 gratiam
1563 3786 1661 3868 plene
1685 3807 1732 3849 re·

64 3887 258 3956 superarent,
288 3876 428 3953 iniurias,
461 3876 503 3939 ab
527 3877 717 3940 hominibus
739 3877 803 3940 tuis
827 3877 860 3938 in
883 3876 1029 3941 eiusdem
1053 3877 1149 3939 castri
1178 3877 1332 3957 captione
1362 3877 1425 3940 sibi
1457 3887 1491 3940 et
1522 3876 1587 3939 suis
1619 3874 1734 3953 illatas,

64 3966 325 4030 condonaverunt
340 3975 382 4042 et,
407 3965 498 4048 quod
522 3976 616 4049 pater
638 3976 671 4029 et
693 3986 812 4030 uxores
836 3985 949 4030 eorum
966 3967 1108 4049 idipsum
1126 3966 1185 4029 tibi
1201 3966 1252 4029 vel
1269 3977 1358 4030 certo
1376 3967 1491 4029 nuntio
1507 3975 1565 4029 tuo
1582 3965 1735 4042 facerent,

21 4071 22 4130 j
66 4053 192 4120 firmiter
222 4057 451 4138 promiserunt.
504 4056 555 4119 Tu
587 4076 666 4120 vero
704 4077 808 4138 usque
839 4056 882 4119 ad
911 4057 1081 4138 proximas
1113 4055 1202 4119 beati
1234 4057 1367 4119 Martini
1385 4052 1411 4140 ὖ)
1449 4065 1583 4118 octavas
1615 4075 1734 4118 novem

21 4169 22 4174 ¹
65 4143 163 4223 libras,
187 4155 222 4209 et
237 4165 340 4227 usque
363 4146 406 4209 ad
429 4147 616 4228 proximam
642 4146 767 4209 domini
791 4145 996 4209 nativitatem
1020 4145 1099 4208 alias
1122 4159 1198 4208 vml
1223 4145 1429 4208 denariorum
1452 4144 1649 4208 Lucensium
1672 4145 1735 4208 sibi

66 4233 158 4300 debes
181 4235 377 4318 persolvere.
423 4237 490 4298 Res
512 4257 600 4312 vero,
626 4256 690 4318 que
714 4236 746 4299 in
771 4235 926 4317 captione
950 4235 1047 4299 castri
1070 4235 1230 4312 ammisit,
1255 4235 1282 4299 si
1305 4254 1497 4318 recuperare
1520 4234 1644 4317 poteris
1668 4254 1736 4297 non

67 4322 278 4400 deterioratas,
301 4324 363 4388 sibi
394 4326 544 4389 restitues
571 4333 634 4402 aut,
659 4334 818 4407 quantum
841 4335 919 4409 post
942 4326 1131 4408 captionem
1155 4325 1250 4388 castri
1275 4325 1471 4389 deteriorate
1496 4324 1622 4400 fuerint,
1653 4324 1737 4387 sicut

67 4424 135 4479 tunc
159 4414 338 4490 valuerant,
367 4421 497 4478 tanturn
527 4415 738 4498 superaddes.
784 4415 847 4478 Pro
878 4415 1038 4493 hisvero,
1072 4434 1135 4503 que
1159 4434 1351 4497 recuperare
1382 4435 1449 4479 non
1481 4415 1613 4496 poteris,
1645 4414 1737 4476 iuxta

68 4506 291 4584 probationem
315 4505 486 4568 iuramenti
511 4505 612 4587 ipsius
634 4505 741 4568 simile
763 4505 814 4568 vel
843 4505 1037 4568 tantundem
1061 4505 1174 4567 valens
1205 4505 1267 4568 sibi
1290 4505 1466 4588 persolves.
1512 4504 1584 4567 Nos
1615 4503 1735 4585 itaque,

69 4613 198 4675 quorum
222 4595 356 4658 interest
378 4595 535 4677 precipue
563 4593 773 4684 ecclesiarum
806 4594 906 4677 quieti
929 4603 1067 4678 patema
1097 4593 1317 4657 sollicitudine
1339 4595 1522 4677 providere,
1551 4593 1637 4656 hanc
1661 4613 1737 4655 con·

69 4687 205 4750 cordiam
229 4685 389 4768 presentis
411 4683 524 4767 scripti
547 4685 671 4768 pagina
693 4684 925 4748 confirmamus
948 4694 989 4762 et,
1014 4703 1055 4747 ne
1078 4681 1131 4746 isti
1154 4683 1207 4746 vel
1230 4704 1342 4747 eorum
1366 4683 1503 4748 heredes
1522 4682 1575 4746 vel
1599 4682 1738 4764 quilibet

21 4837 22 4844 ,
69 4773 141 4838 alius
154 4796 217 4858 pro
233 4775 313 4857 ipsis
329 4784 362 4837 te
377 4773 430 4837 vel
446 4795 650 4838 successores
666 4783 741 4838 tuos
758 4772 800 4838 de
816 4783 925 4863 cetero
941 4794 1040 4857 super
1055 4770 1119 4836 hoc
1139 4773 1320 4855 inquietare
1342 4782 1518 4856 presumat,
1544 4773 1737 4834 auctoritate

70 4865 243 4944 apostolica
265 4860 489 4946 prohibemus.
535 4863 571 4929 Si
603 4863 675 4946 quis
703 4873 813 4928 autem
841 4865 1016 4927 temerario
1047 4883 1126 4925 ausu
1157 4863 1192 4925 id
1222 4873 1418 4947 attemptare
1450 4862 1694 4945 presumpserit,
1719 4881 1738 4924 a

70 4955 278 5018 sacratissimo
303 4972 442 5035 corpore
465 4975 503 5017 ac
526 4954 685 5037 sanguine
708 4952 760 5018 dei
784 4961 817 5018 et
841 4952 975 5031 domini,
999 4951 1218 5037 redemptoris
1242 4954 1343 5016 nostri
1367 4955 1437 5016 Iesu
1462 4951 1589 5028 Christi,
1614 4951 1738 5015 alienus

21 5047 22 5052 ’
70 5039 128 5119 hat,
149 5055 249 5127 atque
264 5039 297 5106 in
314 5051 463 5107 extremo
480 5038 632 5107 examine
649 5039 794 5133 districte
815 5041 820 5129 Ι
841 5040 955 5106 ultioni
971 5041 1148 5106 subiaceat.
1164 5078 1208 5088 —
1224 5045 1301 5106 Dat.
1317 5043 1454 5120 Viterbi,
1470 5056 1534 5105 xvl
1548 5040 1602 5103 Kl.
1618 5041 1649 5104 N
1653 5041 1738 5116 ovb.,

223 5159 266 5209 Or.
285 5157 318 5208 ine
336 5158 450 5208 Archivrir
471 5158 605 5224 capitolare
622 5174 652 5206 au
670 5160 763 5208 Arerro.

221 5231 291 5296 Perg.
310 5231 370 5290 ital,
389 5231 425 5279 br.
445 5231 470 5290 0,
477 5233 630 5291 19-0,r94,
650 5233 710 5297 lang
728 5231 814 5291 0,218,
833 5237 909 5280 unlen
927 5232 1006 5290 0‚022
1024 5225 1213 5297 umgesclrlagen,
1238 5226 1316 5278 durch
1334 5227 1393 5278 ervei
1408 5228 1501 5278 Lo'cleer
1515 5225 1573 5294 gelet
1588 5226 1638 5277 elne
1655 5227 1739 5292 Harefi

70 5293 158 5362 scheme,
184 5302 255 5352 deren
272 5303 398 5368 Bler'slegel
416 5304 532 5352 verloren.
570 5295 679 5368 Folneng
702 5304 746 5353 der
764 5303 866 5352 Breven.
904 5303 953 5353 Die
970 5296 1066 5352 Iniliale
1088 5298 1156 5351 slark
1172 5301 1338 5368 oeesgebrerhlet
1361 5301 1418 5350 und
1431 5299 1536 5350 ee'emllclr
1551 5314 1628 5366 gross.
1648 5327 1680 5338 -
1700 5300 1738 5348 Im

21 5403 27 5620 ,
74 5371 164 5441 Colelog
179 5375 226 5424 Nr.
247 5376 298 5424 407
310 5367 392 5440 findet
407 5373 472 5424 siclt:
494 5371 607 5441 Rigulur,
618 5375 692 5439 filius
713 5370 848 5424 Rolomlini
871 5368 900 5424 de
922 5371 1067 5441 Birrignareo,
1093 5372 1206 5440 lronrigr'l
1227 5388 1308 5423 omnes
1333 5373 1385 5423 lites
1411 5379 1433 5423 el
1455 5371 1560 5422 iniurias
1581 5371 1664 5420 illatas
1687 5369 1738 5432 sibi,

73 5489 309 5500 n——.--.-......—.-....
321 5493 409 5498 -.....-..
416 5493 486 5499 ..-

222 5553 255 5614 tl·
266 5551 440 5619 Hieronymus,
458 5553 562 5620 Br'sclos
575 5569 622 5604 oon
642 5555 735 5614 Arme,
757 5555 938 5604 llll-ml.
1025 5553 1051 5620 2)
1071 5551 1216 5618 Bivr'greono,
1236 5553 1270 5601 10
1288 5550 1395 5617 Miglien
1413 5566 1461 5599 von
1479 5551 1565 5600 Arctoo
1583 5548 1647 5599 nach
1668 5549 1739 5598 Oslcre

21 5627 22 5652 ³
69 5623 160 5688 gelegen,
177 5625 211 5674 r'm
236 5625 303 5674 Valle
326 5619 446 5675 Tiberina.
543 5627 570 5690 3)
589 5626 689 5687 Sasselo,
706 5623 798 5675 unweil
818 5625 925 5687 Castello,
944 5625 1027 5675 iislle'cle
1045 5641 1092 5674 von
1110 5627 1203 5675 Areezo.
1311 5631 1339 5690 4)
1364 5623 1427 5672 Colle
1444 5623 1537 5688 unsem
1556 5622 1636 5683 Simo,
1655 5622 1740 5672 wurdt

21 5767 22 5776 ἵ
72 5697 141 5756 spa‘ler
156 5695 277 5746 emtum.
351 5698 378 5764 5)
397 5695 555 5764 Marlinslag,
576 5697 607 5748 11
625 5697 764 5750 llbvember.

118 5801 139 5832 v.
153 5793 444 5847 nitigi-nurture,
460 5795 516 5837 neti
530 5795 573 5836 111.
1509 5788 1541 5825 ¹⁰
