4126 6356
1678 329 1739 408 177

65 519 181 572 sancte
199 505 303 574 Marie
326 509 358 574 in
378 509 405 598 ²)
421 509 591 577 Lariciaco
614 531 688 576 cum
712 509 846 578 decimis
870 524 903 577 et
925 511 1132 596 pertinenciis
1154 510 1228 588 suis,
1252 511 1422 575 ecclesiam
1445 511 1547 574 sancti
1563 510 1741 582 Salvatoris

66 599 100 660 in
123 597 244 662 Casale
266 601 357 664 Ruso
376 599 405 685 b)
428 621 503 666 cum
527 602 661 666 decimis
685 613 720 668 et
741 604 951 686 pertinenciis
973 603 1048 680 suis,
1072 602 1243 666 ecclesiam
1265 602 1369 665 sancti
1390 598 1567 663 Clementis
1591 601 1623 663 in
1647 604 1740 666 Mon·

64 689 200 750 tonario
233 709 308 752 curn
340 691 475 754 decimis
506 701 539 754 et
570 693 776 774 pertinentiis
805 693 879 768 suiS,
911 693 1083 754 ecclesiam
1112 691 1215 754 sancti
1246 691 1393 753 Mauricii
1424 691 1457 752 in
1488 690 1635 752 Deciana
1666 710 1740 754 curn

66 775 208 840 decimis
231 789 265 841 et
291 780 500 860 pertinenciis
532 783 612 855 suis,
644 781 816 844 ecclesiam
846 781 949 845 sancti
973 781 1101 844 Nazarii
1126 781 1158 842 in
1182 778 1306 861 Quinto
1339 798 1413 842 cum
1444 779 1578 842 decimis
1608 785 1642 841 et
1671 801 1740 863 per-

66 865 223 928 tinenciis
245 867 319 942 suis,
343 869 515 932 ecclesiam
538 880 651 932 sancte
675 869 795 933 Cecilie
818 872 851 933 in
868 869 1057 933 Carratiana
1076 865 1103 953 c)
1127 888 1201 931 cum
1225 868 1359 931 decimis
1382 878 1415 930 et
1436 869 1645 949 pertinenciis
1668 871 1741 946 suis,

66 953 235 1017 decimam
258 956 435 1032 Pratarolii,
467 969 590 1022 curtem
614 958 778 1022 Carisiane
810 979 884 1022 cum
915 959 1016 1021 fundo
1047 968 1080 1022 et
1110 958 1198 1020 omni
1223 958 1407 1039 integritate
1439 965 1472 1019 et
1502 957 1648 1020 districto
1672 978 1740 1036 suu,

67 1053 221 1106 montem
254 1044 397 1123 Galiani,
429 1047 597 1123 Uliacum,
636 1049 798 1131 utrimque
829 1049 1073 1112 Montonarium
1112 1065 1184 1110 cum
1214 1046 1400 1127 integritate
1430 1055 1464 1108 et
1496 1046 1642 1109 districto
1672 1067 1741 1123 su0,

67 1143 224 1212 quartam
260 1144 387 1214 partem
418 1136 563 1200 Ucuroni
582 1134 627 1222 d),
668 1137 840 1200 ecclesiam
870 1139 972 1199 sancti
1004 1135 1195 1199 Christofori
1229 1154 1302 1197 cum
1341 1135 1476 1197 dimidia
1515 1146 1608 1216 parte
1645 1137 1743 1199 curtis

66 1219 275 1296 Caracetum,
291 1235 423 1304 portum
439 1224 551 1302 Sarvi,·
565 1237 697 1308 portum
713 1226 850 1301 Scicide,
875 1245 941 1307 quo
957 1226 1020 1288 itur
1034 1225 1077 1287 ad
1092 1223 1277 1304 Bulgarum,
1301 1222 1548 1304 Campalonum,
1574 1225 1742 1288 dimidiam

66 1319 198 1372 curtem
215 1309 393 1375 Carritiane
412 1313 448 1398 e).
479 1313 651 1378 Sancimus
667 1316 774 1390 etiam,
798 1326 841 1390 ut,
864 1316 890 1378 si
908 1315 980 1395 quis
995 1313 1207 1377 beneficiatus
1230 1313 1262 1374 in
1279 1313 1415 1375 ecclesia
1428 1319 1536 1375 vestra
1559 1313 1742 1390 decesserit,

66 1398 265 1462 benefitium
289 1401 390 1482 ipsius
413 1402 455 1465 ad
480 1403 594 1467 iratres
625 1405 843 1467 communiter
870 1403 1056 1466 habitantes
1090 1421 1163 1465 cum
1186 1402 1372 1482 integritate
1403 1402 1572 1478 deveniat,
1602 1423 1744 1484 persona

67 1498 198 1562 tamen,
223 1507 287 1569 que
310 1490 389 1552 illud
412 1491 570 1566 obtineat,
594 1495 752 1556 canonice
774 1494 958 1556 substituta.
990 1491 1185 1556 Sanctorum
1209 1510 1342 1573 quoque
1364 1498 1493 1571 patrum
1517 1493 1742 1555 auctoritatem

66 1587 249 1658 sequentes
272 1580 444 1656 sancimus,
476 1591 512 1644 ut
534 1580 754 1645 ecclesiastica
776 1583 909 1662 negotia
938 1581 1008 1644 sine
1038 1580 1203 1643 communi
1227 1580 1360 1641 fratrum
1389 1588 1446 1642 aut
1474 1580 1610 1642 sanioris
1642 1581 1743 1662 partis

67 1665 213 1728 consilio
237 1666 279 1728 ab
304 1668 463 1750 episcopo
494 1689 561 1732 non
588 1681 766 1734 tractentur
796 1681 838 1745 et,
868 1681 903 1733 ut
933 1670 1038 1732 nullus
1068 1668 1161 1731 aliter
1190 1669 1223 1731 in
1255 1667 1371 1731 eadem
1403 1667 1539 1730 eeclesia
1568 1669 1744 1732 canonicus

65 1753 242 1817 ordinetur
265 1775 325 1818 nec
348 1757 520 1822 cuiuslibet
543 1759 752 1823 ecclesiastici
776 1759 875 1822 officii
899 1759 1136 1822 administratio
1157 1756 1252 1820 alicui
1275 1757 1506 1820 committatur,
1545 1756 1744 1839 Precipimus

66 1844 182 1916 etiam,
207 1854 243 1906 ut
267 1844 428 1922 benefitia,
459 1866 523 1928 que
545 1848 731 1929 specialiter
752 1869 772 1911 a
794 1848 927 1930 singulis
950 1848 1063 1910 haberi
1087 1856 1330 1922 consueverant,
1354 1847 1396 1908 ad
1420 1865 1628 1909 communem
1651 1868 1743 1910 usum

65 1942 102 1995 et
137 1932 315 1996 utilitatem
341 1935 530 2016 redigantur
558 1947 591 1999 et
621 1938 837 2001 communiter
866 1937 1057 2000 habeantur.
1102 1935 1252 2000 Preterea
1287 1936 1438 2016 antiquas
1471 1945 1504 1998 et
1534 1935 1745 2000 rationabiles

1 2032 2 2045 ¹
66 2021 327 2085 consuetudines
350 2025 450 2105 ipsius
473 2025 610 2089 ecclesie
632 2036 718 2090 ratas
742 2046 873 2090 manere
897 2044 1075 2089 censemus.
1120 2025 1263 2087 Presenti
1287 2024 1386 2087 etiam
1417 2024 1549 2087 decreto
1572 2027 1744 2104 sancimus,

67 2120 105 2172 ut
130 2111 257 2173 nemini
280 2112 384 2186 liceat,
407 2114 550 2195 aliquem
573 2115 863 2197 parrochianorum
885 2124 1066 2178 vestrorum
1089 2113 1132 2176 ad
1158 2113 1358 2195 sepulturam
1381 2115 1533 2195 recipere,
1564 2113 1624 2177 nisi
1655 2115 1746 2178 salva

67 2201 221 2262 matricis
255 2201 390 2264 ecclesie
419 2212 487 2265 tarn
518 2205 550 2266 in
582 2205 784 2267 testamentis
815 2223 913 2286 quam
943 2205 977 2266 in
1008 2203 1123 2266 ceteris
1153 2203 1312 2265 canonica
1346 2202 1485 2279 iustitia,
1524 2221 1623 2283 quam
1655 2205 1746 2267 iuxta

67 2307 243 2352 sacrorum
266 2309 430 2353 canonum
453 2291 600 2356 instituta
621 2293 717 2357 vobis
740 2314 783 2356 ex
806 2295 933 2375 integro
955 2291 1105 2355 volumus
1128 2291 1292 2372 assignari.
1338 2291 1492 2354 Decimae
1514 2292 1653 2373 insuper,
1677 2303 1745 2356 tam

67 2379 172 2441 vestri
197 2377 350 2459 plebatus
374 2399 473 2461 quarn
496 2383 661 2444 novalium
685 2383 717 2444 in
741 2382 802 2445 illis
825 2382 914 2458 locis,
946 2382 978 2444 in
1011 2381 1129 2462 quibus
1156 2381 1290 2442 aliarum
1314 2389 1469 2442 terrarum
1502 2380 1645 2444 decimas
1669 2401 1744 2445 con·

68 2467 227 2530 suevistis
266 2469 430 2550 accipere,
473 2489 555 2552 quas
585 2492 604 2533 a
635 2470 851 2553 quadraginta
881 2481 967 2534 retro
998 2471 1092 2533 annis
1121 2469 1313 2532 inconcusse
1343 2479 1376 2531 et
1406 2468 1543 2550 pacifice
1572 2469 1745 2549 habuistis;

67 2575 219 2620 anuum
243 2577 375 2640 quoque
403 2578 551 2636 censum,
587 2581 646 2624 sex
675 2561 829 2624 videlicet
859 2560 1027 2636 librarum,
1064 2578 1160 2640 quern
1191 2557 1295 2621 abbas
1326 2558 1430 2621 sancti
1460 2557 1620 2640 Stephani
1649 2561 1745 2623 vobis

67 2653 205 2709 tenetur
235 2646 412 2724 exsolvere,
436 2648 531 2711 vobis
562 2649 790 2713 nichilominus
820 2649 1058 2712 confirmamus.
1103 2647 1283 2711 Statuimus
1313 2657 1470 2727 preterea,
1502 2657 1536 2709 ut
1568 2647 1674 2712 nullus
1704 2649 1745 2713 de

67 2735 216 2816 collegio
244 2745 354 2798 vestro
383 2737 577 2801 auctoritate
606 2759 665 2801 sua
694 2757 834 2801 comune
863 2747 1006 2801 vestrum
1038 2737 1158 2800 audeat
1187 2736 1377 2818 perturbare
1400 2745 1447 2812 et,
1480 2745 1516 2798 ut
1545 2735 1634 2799 nulla
1663 2738 1746 2801 laica

66 2843 217 2906 persona
241 2824 384 2887 decimas
408 2846 427 2888 a
449 2827 545 2890 vobis
574 2829 706 2908 exigere
736 2827 845 2908 aliqua
869 2828 992 2891 ratione
1022 2835 1197 2908 presumat.
1242 2825 1458 2888 Decemimus
1481 2843 1569 2906 ergo,
1601 2835 1637 2889 ut
1668 2827 1745 2889 nulli

67 2913 212 2976 omnino
236 2912 406 2976 hominum
429 2915 533 2992 liceat,
557 2917 779 2998 supradictam
802 2917 973 2980 ecclesiam
989 2925 1110 2978 temere
1134 2963 1140 2976 .
1166 2963 1172 2977 .
1197 2964 1203 2978 .
1227 2914 1338 2977 usibus
1353 2913 1552 2977 omnimodis
1568 2915 1745 2996 profutura,

66 3002 165 3065 salva
188 3003 222 3064 in
246 3002 399 3066 omnibus
423 3005 605 3085 apostolice
634 3005 721 3068 sedis
751 3007 943 3068 auctoritate
974 3014 1007 3067 et
1038 3004 1186 3086 episcopi
1216 3004 1314 3066 vestri
1346 3003 1505 3066 canonica
1535 3004 1665 3068 iustitia.
1709 3004 1744 3068 Si

68 3111 140 3172 qua
165 3091 295 3172 igitur.
321 3139 327 3153 .
351 3139 358 3153 .
383 3091 516 3156 Cunctis
539 3105 649 3157 autem
673 3143 679 3158 .
705 3144 711 3158 .
736 3143 742 3156 .
767 3095 941 3157 inveniant
986 3092 1105 3155 Amen.
1129 3092 1249 3155 Amen.

301 3178 344 3264 R)
367 3181 440 3263 Ego
463 3181 630 3246 Adrianus
653 3183 815 3247 catholice
838 3183 974 3246 ecclesie
997 3183 1172 3263 episcopus
1195 3201 1236 3244 ss.
1259 3177 1321 3265 (M)

333 3269 405 3352 Ego
429 3271 605 3352 Gregorius
627 3271 818 3336 Sabinensis
842 3272 1017 3354 episcopus
1040 3291 1082 3334 ss.

355 3359 375 3442 †
397 3360 471 3441 Ego
494 3360 667 3424 Hubaldus
690 3362 851 3442 presbiter
873 3358 1045 3423 cardinalis
1068 3360 1115 3422 tit.
1139 3369 1251 3422 sancte
1274 3358 1430 3422 Praxedis
1452 3379 1492 3422 ss.

331 3448 405 3530 Ego
430 3448 619 3513 Manlredus
640 3451 802 3532 presbiter
824 3448 995 3512 cardinalis
1018 3449 1066 3512 tit.
1089 3458 1202 3511 sancte
1224 3445 1344 3510 Savine
1366 3467 1407 3510 ss.

332 3537 406 3618 Ego
429 3536 612 3602 Bernardus
635 3539 795 3620 presbiter
817 3538 990 3604 cardinalis
1012 3538 1060 3600 tit.
1084 3538 1187 3600 sancti
1212 3531 1412 3621 [Clementis]
1435 3557 1475 3599 ss.

333 3626 406 3708 Ego
431 3627 630 3690 Octavianus
649 3626 677 3712 s)
700 3629 860 3709 presbiter
883 3626 1055 3689 cardinalis
1078 3626 1125 3688 tit.
1148 3632 1259 3688 sancte
1283 3623 1403 3688 Cecilie
1426 3645 1466 3688 ss.

333 3715 407 3796 Ego
430 3715 589 3779 Astaldus
612 3717 773 3799 presbiter
795 3715 968 3779 cardinalis
991 3715 1039 3779 tit.
1062 3724 1175 3777 sancte
1198 3714 1305 3777 Prisce
1328 3733 1368 3776 ss

334 3804 407 3886 Ego
432 3804 587 3869 Girardus
610 3806 772 3888 presbiter
801 3805 973 3869 cardinalis
1004 3806 1051 3866 tit.
1082 3804 1185 3866 sancti
1208 3801 1368 3884 Stephani
1399 3803 1431 3864 in
1455 3801 1547 3865 Celio
1571 3812 1683 3865 monte
1705 3823 1745 3866 ss.

333 3891 406 3975 Ego
418 3892 581 3957 Iohannes
596 3895 756 3976 presbiter
771 3893 942 3958 cardinalis
955 3903 1142 3956 sanctorum
1155 3891 1308 3954 Iohannis
1323 3901 1356 3955 et
1365 3891 1455 3954 Pauli
1468 3891 1515 3955 tit
1528 3891 1692 3954 Pamachii
1704 3911 1745 3953 ss.

334 3983 408 4064 Ego
431 3982 593 4046 lohannes
616 3983 777 4065 presbiter
799 3982 971 4046 cardinalis
994 3983 1042 4044 tit.
1066 3982 1168 4044 sancti
1192 3977 1337 4042 Silvestri
1356 3977 1385 4064 ε)
1408 4000 1449 4042 ss.

289 4105 334 4115 —-
356 4070 377 4149 †
399 4071 472 4153 Ego
497 4072 574 4135 Odo
599 4072 755 4136 diaconus
778 4071 951 4135 cardinalis
973 4072 1076 4134 sancti
1100 4069 1232 4151 Georgii
1257 4069 1299 4132 ad
1321 4067 1442 4132 Velum
1465 4087 1596 4131 aureum
1620 4087 1660 4130 ss.

290 4159 312 4236 †
334 4159 408 4241 Ego
432 4159 542 4224 Guido
566 4160 723 4224 diaconus
745 4159 918 4224 cardinalis
941 4170 1053 4222 sancte
1078 4159 1180 4222 Marie
1204 4160 1236 4221 in
1258 4159 1389 4222 Porticu
1412 4178 1453 4220 ss.

291 4245 311 4331 †
334 4249 407 4330 Ego
430 4250 593 4312 lohannes
617 4251 774 4313 diaconus
797 4249 968 4313 cardinalis
991 4259 1177 4311 sanctorum
1201 4247 1305 4328 Sergii
1329 4257 1363 4311 et
1384 4245 1486 4310 Bachi
1509 4266 1550 4309 ss.

290 4337 312 4414 †
334 4337 407 4419 Ego
431 4337 644 4402 lldebrandus
669 4340 826 4402 diaconus
849 4339 1022 4400 cardinalis
1045 4339 1149 4400 sancti
1173 4337 1338 4399 Eustachii
1362 4358 1402 4400 ss.

291 4421 311 4507 †
335 4427 408 4508 Ego
432 4427 509 4491 Odo
533 4428 689 4491 diaconus
713 4428 885 4491 cardinalis
908 4428 1012 4490 sancti
1036 4425 1164 4489 Nicolai
1189 4427 1221 4488 in
1246 4445 1374 4489 carcere
1396 4425 1549 4488 Tulliano
1573 4443 1614 4486 ss.

291 4511 312 4597 †
335 4516 408 4597 Ego
431 4515 563 4579 Arditio
588 4517 745 4580 diaconus
769 4517 941 4580 cardinalis
963 4516 1066 4578 sancti
1090 4514 1259 4577 Theodori
1282 4534 1323 4577 ss.

237 4601 315 4666 Dat.
330 4605 493 4683 Laterani,
516 4625 575 4686 per
597 4626 729 4669 manum
744 4605 895 4680 Rolandi,
919 4615 1031 4667 sancte
1050 4605 1200 4666 Romane
1223 4602 1359 4666 ecclesie
1382 4601 1551 4683 presbiteri
1575 4598 1746 4663 cardinalis

73 4701 108 4754 et
140 4691 336 4756 cancellarii.
381 4693 495 4756 V1Kl.
519 4695 586 4757 Ian.
632 4695 813 4759 indictione
835 4709 868 4757 v.
914 4694 1149 4756 lncarnationis
1179 4691 1343 4755 dominice
1374 4710 1461 4753 anno
1492 4701 1611 4752 MCLvl.
1663 4689 1745 4750 Pon·

74 4779 219 4844 tilicatus
242 4801 322 4845 vero
346 4783 459 4846 domni
482 4780 620 4846 Adriani
645 4804 733 4866 pape
755 4798 806 4848 1111
831 4802 917 4846 anno
940 4783 1045 4845 tertio.

239 4896 303 4946 Drer‘
318 4895 462 4962 deglnubigte
479 4897 696 4962 lmptalurkmrdm
715 4899 754 4948 des
775 4901 803 4948 ld
824 4897 926 4962 Jahrb,
946 4896 978 4945 im
997 4895 1110 4944 Archiuio
1131 4893 1310 4958 capitularem
1335 4893 1437 4944 Vercellr'.

289 3175 301 3264 l

289 3265 309 3351 -ι-

289 3443 312 4062 -ι--ι--ε-ι--ι--ι-ι-

240 5102 259 5107 ..-
269 5101 477 5109 -----—-.-—-—-
486 5103 504 5110 -

238 5223 265 5288 a)
282 5223 377 5272 Μαι
395 5222 456 5288 Kop.
476 5222 509 5273 de
593 5224 619 5288 b)
639 5224 728 5274 arrderr
745 5223 806 5288 Kop.
826 5223 909 5272 Casuli
927 5221 1017 5272 Rubeo
1101 5225 1126 5284 cl
1144 5223 1233 5272 arrdere
1250 5221 1312 5288 Kop.
1331 5221 1462 5272 Cariniana
1533 5221 1562 5281 d)
1580 5221 1668 5270 arrdm
1686 5219 1746 5283 Kop.

75 5293 222 5420 330?ng
240 5296 448 5417 Petriezurrndere
472 5293 533 5359 Καρ.
561 5295 691 5346 Cariziane
799 5296 824 5362 i)
844 5295 931 5344 andere
949 5295 1011 5358 Kop.
1032 5295 1157 5359 urarictrig
1172 5293 1278 5344 orionus
1384 5299 1412 5359 g)
1430 5295 1518 5344 ardere
1540 5294 1603 5358 Kop.
1627 5293 1747 5358 rmn'chlr'g

131 5799 590 5850 v.l’tlnnk·1hrttnufl.dets1ll.
