4142 6366
1031 482 1099 564 ΝΥ.
1126 488 1215 566 220.

418 626 604 692 Alexander
619 625 684 690 III
693 625 843 709 beste'z'tigt
863 623 924 686 den
939 621 1222 687 Demkanouz'kern
1237 644 1296 687 ven
1313 622 1444 687 Rimiui
1458 621 1529 686 ihre
1544 619 1781 686 Besitetluimer
1798 614 1833 706 ¹).

849 760 931 820 1170
950 756 1126 820 December
1139 760 1170 821 8.
1218 757 1400 822 Tusculum.

449 895 642 959 Alexander
663 895 846 976 episcopus,
870 913 979 956 servus
1001 913 1167 956 servorum
1185 892 1246 969 dei,
1271 893 1397 956 dilectis
1413 893 1495 969 filiis,
1520 892 1655 956 ecclesie
1671 899 1784 955 sancte
1799 888 1967 954 Columbe

291 987 507 1050 Ariminensis
530 985 703 1057 canonicis,
726 991 795 1046 tam
818 982 1022 1064 presentibus
1047 1002 1145 1063 quam
1169 983 1290 1058 suturis,
1315 983 1472 1046 canonice
1495 981 1736 1056 substituendis,
1761 993 1799 1042 IN
1823 992 1898 1042 Pru.
1922 1013 1966 1023 -

292 1076 453 1139 Effectum
470 1075 553 1137 iusta
569 1073 810 1154 postulantibus
825 1071 1001 1153 indulgere,
1027 1082 1059 1134 et
1074 1073 1168 1153 vigor
1182 1073 1335 1153 equitatis
1352 1082 1384 1135 et
1400 1073 1482 1134 ordo
1499 1073 1601 1154 exigit
1624 1071 1767 1146 rationis,
1792 1068 1968 1150 presertim

294 1165 425 1246 quando
457 1163 636 1245 petentium
659 1161 862 1224 voluntatem
894 1170 926 1223 et
959 1162 1064 1241 pietas
1094 1162 1227 1223 adiuvat
1257 1170 1290 1223 et
1316 1163 1435 1224 veritas
1463 1181 1530 1224 non
1561 1161 1720 1242 relinquit.
1766 1160 1968 1239 Eapropter,

294 1254 401 1317 dilecti
434 1254 466 1314 in
491 1253 626 1315 domino
657 1251 729 1327 filii,
762 1251 876 1313 vestris
907 1250 998 1312 iustis
1022 1251 1297 1332 postulationibus
1328 1252 1505 1314 clementer
1535 1251 1706 1313 annuimus
1736 1258 1769 1311 et
1802 1247 1969 1329 prefatam

292 1344 473 1417 ecclesiam,
498 1342 530 1404 in
555 1361 620 1422 qua
644 1341 754 1402 divino
779 1340 956 1421 mancipati
980 1340 1057 1401 estis
1080 1340 1250 1420 obsequi0‚
1282 1340 1521 1421 predecessoris
1545 1341 1662 1415 nostri,
1695 1339 1782 1401 bone
1806 1336 1970 1400 memorie

291 1431 472 1495 Innocentii
497 1451 584 1511 pape
602 1427 635 1514 ²),
658 1430 802 1510 vestigiis
826 1429 1018 1503 inherentes,
1042 1429 1103 1491 sub
1127 1428 1215 1491 beati
1239 1430 1324 1492 Petri
1348 1439 1382 1492 et
1405 1439 1517 1492 nostra
1539 1428 1746 1513 protectione
1769 1428 1970 1508 suscipimus

293 1531 325 1584 et
348 1520 507 1602 presentis
531 1520 641 1600 scripti
675 1519 844 1599 privilegio
877 1519 1124 1580 communimus.
1170 1517 1374 1594 StatuenteS,
1407 1529 1442 1581 ut
1473 1538 1696 1599 quascumque
1728 1517 1970 1597 possessiones

294 1629 498 1692 quecumque
531 1609 621 1670 bona
655 1608 772 1670 eadem
804 1607 941 1669 ecclesia
971 1607 1004 1668 in
1036 1609 1270 1687 presentiarum
1301 1609 1384 1670 iuste
1414 1615 1447 1671 et
1477 1609 1633 1670 canonice
1664 1606 1813 1689 possidet
1845 1615 1900 1667 aut
1934 1605 1971 1665 in

293 1701 434 1763 futurum
458 1699 671 1760 concessione
694 1695 895 1778 pontificum,
924 1696 1096 1777 largitione
1119 1716 1231 1778 regum
1254 1697 1305 1759 vel
1329 1699 1523 1779 principum,
1547 1697 1716 1759 oblatione
1739 1694 1886 1757 fidelium
1909 1714 1971 1756 seu

294 1788 364 1851 aliis
388 1789 478 1850 iustis
501 1787 617 1862 modis,
642 1795 808 1866 prestante
832 1785 976 1860 domin0,
1002 1787 1123 1866 poterit
1138 1785 1283 1866 adipisci,
1308 1786 1401 1848 firma
1416 1787 1511 1849 vobis
1527 1787 1707 1866 vestrisque
1723 1783 1973 1848 successoribus

294 1889 328 1940 et
343 1876 467 1939 illibata
482 1885 704 1956 permaneant.
749 1875 785 1936 ln
810 1874 927 1955 quibus
950 1873 1012 1937 hee
1035 1876 1175 1955 propriis
1200 1875 1351 1938 duximus
1374 1875 1589 1957 exprimenda
1612 1874 1795 1937 vocabulis:
1835 1873 1868 1935 in
1893 1872 1971 1934 Ari·

295 1966 432 2029 minensi
455 1965 608 2027 videlicet
631 1965 762 2027 civitate
785 1964 956 2026 ecclesiam
979 1975 1091 2026 sancte
1114 1962 1225 2027 Crucis
1249 1974 1281 2027 et
1304 1973 1489 2028 sanctorum
1514 1964 1634 2028 Cosme
1658 1973 1691 2026 et
1714 1962 1867 2024 Damiani
1892 1981 1973 2024 cum

294 2057 377 2119 casis
400 2063 433 2117 et
449 2055 606 2130 casalinis,
632 2054 719 2129 ortis,
743 2053 855 2129 vineis,
879 2053 980 2129 terris,
1005 2054 1131 2134 campis
1147 2055 1240 2116 cultis
1257 2065 1290 2116 et
1309 2054 1443 2130 incultis,
1468 2054 1651 2135 paludibus,
1675 2052 1818 2127 lacubus
1844 2052 1972 2126 castris,

295 2144 439 2207 curtibus
471 2153 504 2206 et
534 2143 686 2206 omnibus
716 2151 808 2204 extra
835 2141 887 2204 vel
916 2143 999 2204 intra
1032 2143 1212 2219 civitatem,
1252 2143 1294 2205 ad
1335 2144 1474 2206 eandem
1514 2143 1686 2206 ecclesiam
1716 2140 1972 2222 pertinentibus,

295 2233 466 2296 ecclesiam
490 2252 622 2313 quoque
644 2241 831 2294 sanctorum
853 2232 983 2293 Martini
1008 2242 1041 2293 et
1063 2231 1174 2295 Savini
1199 2252 1272 2294 cum
1296 2231 1393 2309 libris,
1418 2233 1625 2315 paramentis,
1650 2251 1724 2294 cum
1747 2231 1839 2306 casis,
1864 2231 1972 2304 terris,

294 2324 396 2385 vineis
420 2332 453 2384 et
474 2322 562 2384 silvis
586 2331 714 2383 etcum
740 2321 892 2383 omnibus
924 2320 965 2381 ad
990 2321 1172 2401 predictam
1196 2322 1367 2384 ecclesiam
1391 2323 1637 2402 pertinentibus,
1662 2321 1832 2384 ecclesiam
1853 2328 1974 2381 sancte

296 2411 436 2493 Agnetis
452 2430 524 2473 cum
541 2411 632 2486 casis,
649 2410 749 2485 terris,
765 2410 875 2484 vineis,
892 2409 980 2472 silvis
996 2420 1028 2472 et
1045 2429 1117 2472 cum
1136 2411 1297 2486 omnibus,
1318 2412 1360 2472 ad
1376 2411 1515 2474 eandem
1531 2411 1702 2474 ecclesiam
1718 2409 1974 2490 pertinentibus,

297 2502 467 2565 ecclesiam
491 2519 623 2581 quoque
646 2500 748 2562 sancti
774 2498 900 2562 Cataldi
928 2518 1001 2560 cum
1025 2499 1115 2562 libris
1145 2510 1178 2562 et
1200 2501 1407 2581 paramentis,
1440 2519 1514 2563 cum
1542 2497 1734 2583 parroechia
1763 2518 1830 2574 sua,
1864 2500 1973 2574 terris,

295 2591 398 2653 vineis
410 2585 468 2673 (et)
481 2609 553 2652 cum
567 2589 719 2651 omnibus
733 2588 774 2650 ad
786 2588 890 2669 ipsam
906 2587 1077 2650 ecclesiam
1094 2589 1340 2670 pertinentibus,
1358 2589 1567 2652 medietatem
1584 2589 1720 2652 ecclesie
1731 2599 1843 2651 sancte
1856 2589 1975 2662 Mane,

297 2700 361 2761 que
384 2689 434 2742 est
457 2679 488 2740 in
513 2678 606 2740 litore
629 2679 727 2740 maris
749 2678 866 2758 posita,
892 2697 966 2739 cum
983 2677 1159 2741 medietate
1175 2679 1216 2741 de
1232 2679 1384 2742 omnibus
1400 2679 1505 2754 rebus,
1529 2697 1593 2760 que
1616 2678 1659 2740 ad
1675 2677 1781 2758 ipsam
1797 2676 1975 2740 ecclesiam

297 2770 476 2851 pertinent;
516 2768 548 2829 in
579 2768 736 2830 comitatu
759 2767 958 2830 Ariminensi
994 2767 1163 2830 ecclesiam
1195 2769 1298 2830 sancti
1332 2768 1462 2830 Martini
1493 2769 1525 2830 in
1548 2768 1674 2848 Viginti
1708 2786 1782 2829 cum
1813 2765 1906 2830 libris
1939 2777 1977 2830 et

297 2857 511 2942 paramentis,
548 2876 622 2920 cum
654 2857 788 2918 decimis
819 2867 852 2918 et
883 2857 1033 2936 primitiis
1062 2867 1161 2939 atque
1192 2858 1390 2933 mortuariiS,
1427 2877 1502 2920 cum
1531 2857 1628 2920 bonis
1659 2867 1692 2919 et
1723 2855 1976 2920 rationabilibus

297 2946 595 3019 consuetudinibus,
621 2966 701 3026 quas
725 2945 756 3006 in
781 2966 819 3008 ea
842 2943 998 3008 hactenus
1022 2946 1188 3022 habuistis,
1213 2948 1280 3010 sive
1304 2947 1336 3008 in
1359 2947 1600 3010 visitationibus
1623 2944 1824 3009 infirmorum
1845 2947 1915 3009 sive
1939 2948 1975 3009 in

299 3035 415 3099 dandis
445 3035 633 3118 penitentiis
664 3044 697 3096 et
726 3033 948 3098 oblationibus
980 3047 1196 3111 mortuorum,
1229 3037 1415 3117 presertim,
1449 3056 1513 3117 que
1544 3057 1586 3098 ex
1613 3034 1705 3111 villa,
1738 3036 1771 3096 in
1803 3055 1870 3116 qua
1900 3035 1976 3116 ipsa

299 3123 436 3188 ecclesia
462 3125 525 3186 sita
551 3134 609 3198 est,
639 3133 673 3188 et
704 3124 745 3186 de
774 3124 965 3206 subscriptis
997 3125 1079 3188 villis
1109 3126 1170 3188 sibi
1202 3126 1406 3206 proveniunt,
1439 3125 1591 3188 videlicet
1620 3125 1790 3197 Mademo,
1821 3125 1975 3188 Lauveto

298 3214 487 3288 Iudeorum,
528 3215 642 3276 Monte
681 3213 870 3289 masinari0,
913 3215 1064 3290 Medato,
1099 3213 1289 3295 Aquiniano
1322 3215 1436 3277 maiori
1474 3222 1506 3276 et
1544 3215 1660 3278 minori
1701 3225 1801 3295 atque
1828 3213 1975 3290 Casaria,

299 3303 468 3366 ecclesiam
491 3303 594 3364 sancti
610 3302 751 3364 Ermetis
774 3323 848 3365 cum
872 3302 961 3365 libris
984 3315 1018 3366 et
1041 3305 1249 3384 paramentis,
1274 3304 1408 3366 decimis
1432 3311 1465 3366 et
1488 3305 1638 3386 primitiis
1662 3314 1760 3384 atque
1777 3304 1976 3379 mortuariis,

299 3393 390 3469 casis,
414 3392 514 3466 terris,
538 3391 649 3466 vineis,
681 3391 769 3454 silvis
793 3403 922 3454 etcum
945 3393 1097 3456 omnibus
1122 3392 1163 3454 ad
1187 3393 1293 3473 ipsam
1317 3394 1488 3456 ecclesiam
1519 3393 1764 3475 pertinentibus,
1798 3391 1976 3455 ecclesiam

299 3481 403 3546 sancti
427 3481 596 3543 Fortunati
620 3500 694 3542 cum
727 3481 863 3543 decimis
893 3491 925 3544 et
957 3483 1148 3556 mortuariis,
1180 3501 1253 3544 cum
1278 3482 1379 3545 fundo
1404 3481 1558 3545 Condido
1588 3493 1717 3544 etcum
1742 3482 1897 3544 omnibus
1929 3483 1976 3544 ad

300 3571 405 3653 ipsam
428 3568 599 3632 ecclesiam
622 3570 868 3650 pertinentibus,
893 3572 1063 3633 ecclesiam
1088 3590 1219 3652 quoque
1242 3572 1345 3634 sancti
1369 3572 1522 3634 Iohannis
1546 3573 1578 3633 in
1602 3571 1753 3634 Perareto
1777 3589 1853 3633 cum
1881 3571 1977 3634 libris

300 3667 333 3723 et
356 3660 563 3741 paramentis,
591 3678 664 3720 cum
688 3659 822 3722 decimis
846 3670 879 3721 et
910 3660 1102 3736 mortuariis
1133 3662 1233 3734 terris,
1262 3661 1365 3722 vineis
1388 3671 1422 3723 et
1451 3660 1540 3723 silvis
1572 3671 1605 3722 et
1635 3673 1710 3722 cum
1741 3659 1896 3723 omnibus
1930 3661 1977 3723 ad

300 3751 406 3831 ipsam
435 3748 605 3811 ecelesiam
628 3748 874 3829 pertinentibus,
906 3750 1038 3831 plebem
1066 3750 1169 3812 sancti
1193 3749 1313 3830 Angeli
1347 3751 1378 3812 in
1403 3749 1549 3813 Salutem
1581 3769 1654 3812 cum
1686 3749 1837 3830 cappella
1865 3751 1976 3813 sancti

299 3837 367 3902 Viti
392 3857 465 3900 cum
490 3837 624 3900 decimis
648 3848 680 3900 et
703 3839 895 3914 mortuariis,
919 3840 1021 3914 terris,
1053 3838 1163 3914 vineis,
1194 3839 1282 3902 silvis
1305 3849 1337 3901 et
1360 3858 1434 3900 cum
1467 3839 1620 3901 omnibus
1644 3839 1686 3901 ad
1709 3839 1841 3920 plebem
1871 3849 1906 3901 et
1930 3840 1976 3902 ad

301 3926 460 4009 capellam
484 3927 730 4007 pertinentibus,
763 3937 795 3988 et
819 3927 973 4008 quicquid
1005 3930 1038 3990 in
1062 3928 1215 4009 Bulgaria
1238 3930 1394 3990 canonice
1425 3928 1610 4009 possidetis,
1643 3929 1688 3990 ita
1717 3939 1837 4002 tamen,
1867 3938 1905 3990 ut
1939 3929 1976 3990 in

300 4017 438 4078 sacrarie
468 4026 575 4078 vestre
605 4016 741 4078 ecclesie
771 4016 887 4078 libram
918 4016 1052 4098 singulis
1082 4017 1175 4080 annis
1199 4017 1401 4098 persolvatis,
1432 4018 1524 4080 salvo
1547 4018 1698 4080 nimirum
1722 4037 1831 4080 annuo
1860 4037 1975 4092 censu,

300 4105 422 4168 scilicet
454 4116 607 4186 quattuor
637 4105 816 4167 solidorum
841 4116 972 4168 monete
994 4106 1153 4169 Venetiee
1185 4107 1299 4169 vestris
1332 4107 1497 4188 episcopis
1530 4108 1765 4188 persolvend0,
1797 4105 1976 4169 ecclesiam

300 4195 484 4275 Bolognani
509 4215 583 4256 cum
607 4195 706 4268 terris,
730 4195 833 4256 vineis
857 4205 889 4256 et
912 4195 1000 4258 silvis
1023 4207 1057 4258 et
1080 4215 1153 4257 cum
1177 4196 1329 4258 omnibus
1345 4196 1387 4258 ad
1403 4198 1509 4277 ipsam
1525 4196 1772 4277 pertinentibus,
1797 4196 1975 4258 ecclesiam

302 4295 413 4346 sancte
430 4283 584 4345 Mustiole
600 4304 673 4345 cum
690 4283 842 4345 omnibus
857 4285 1060 4364 pertinentiis
1076 4287 1149 4359 suis,
1174 4286 1344 4348 ecclesiam
1360 4286 1490 4348 Falzani
1507 4306 1580 4348 cum
1597 4286 1750 4348 omnibus
1765 4287 1975 4367 pertinentiis

301 4373 374 4436 suis.
420 4372 570 4434 Preterea
593 4372 821 4434 confirmamus
844 4373 939 4435 vobis
963 4374 1133 4437 ecclesiam
1165 4375 1267 4437 sancti
1292 4375 1422 4437 Martini
1451 4375 1483 4436 in
1506 4375 1629 4448 Lieeto,
1663 4375 1835 4437 ecclesiam
1864 4376 1973 4437 sancti

303 4459 401 4533 Pauli,
434 4461 605 4524 ecclesiam
627 4462 729 4523 sancti
753 4460 937 4539 Gaudentii,
970 4464 1140 4526 ecclesiam
1168 4465 1271 4526 sancti
1295 4465 1420 4537 Felicis,
1452 4465 1622 4527 ecclesiam
1654 4465 1758 4527 sancti
1783 4460 1973 4544 Symeonis‚

302 4550 472 4614 ecclesiam
495 4551 598 4612 sancti
615 4550 778 4613 Laurentii
803 4551 834 4613 in
851 4549 1003 4614 Ventena
1025 4573 1099 4615 cum
1115 4553 1204 4616 libris
1224 4565 1257 4615 et
1272 4554 1471 4635 paramentis
1488 4573 1562 4616 cum
1578 4553 1713 4616 decimis
1728 4564 1761 4616 et
1777 4553 1974 4628 mortuariis,

302 4641 401 4714 terris,
424 4640 535 4711 vineis,
559 4638 655 4711 silvis,
684 4641 811 4702 olivetis
834 4650 867 4703 et
890 4661 963 4704 cum
987 4642 1147 4718 omnibus,
1172 4642 1215 4706 ad
1238 4641 1401 4723 predictas
1425 4643 1597 4705 eccclesias
1620 4643 1868 4723 pertinentibus.
1914 4641 1974 4704 Ad

302 4729 364 4793 hec
399 4729 559 4809 capellam
591 4739 704 4792 sancte
728 4731 830 4792 Marie
854 4731 887 4792 in
910 4731 1023 4809 Leura,
1049 4752 1112 4813 que
1135 4732 1320 4812 specialiter
1349 4732 1436 4795 beati
1459 4733 1545 4794 Petri
1570 4742 1603 4794 et
1625 4733 1726 4794 nostri
1751 4733 1827 4795 iuris
1851 4731 1973 4804 existit,

304 4835 377 4881 eum
400 4817 552 4880 omnibus
584 4817 680 4881 bonis
711 4829 744 4881 et
766 4820 1027 4900 possessionibus
1050 4821 1115 4883 suis
1146 4820 1206 4883 sub
1230 4840 1339 4884 annuo
1369 4842 1466 4884 censu
1491 4823 1587 4884 trium
1611 4820 1792 4883 solidorum
1814 4820 1974 4884 Lucensis

304 4915 435 4970 monete
470 4908 661 4970 auctoritate
691 4908 786 4972 vobis
825 4911 1008 4990 apostolica
1045 4911 1197 4974 duximus
1235 4911 1466 4988 concedenda;
1505 4911 1637 4992 insuper
1673 4921 1814 4972 castrum
1851 4912 1974 4972 montis

304 4996 435 5060 Floride
465 5017 538 5060 cum
571 4998 774 5078 pertinentiis
806 5001 886 5074 suis,
926 4999 1150 5064 molendinum
1184 5000 1273 5081 quod
1305 5011 1354 5063 est
1383 5001 1474 5064 iuxta
1506 5000 1642 5062 domum
1674 4999 1909 5062 canonicorum
1940 5007 1974 5061 et

304 5085 523 5149 molendillum
547 5086 638 5148 iuxta
661 5088 739 5150 illud
762 5089 915 5170 positum,
939 5100 972 5151 et
995 5089 1082 5151 aliud
1107 5088 1330 5152 molendinum
1354 5085 1473 5174 totlum
1489 5085 1574 5174 cum]
1598 5089 1766 5169 aquimolo
1786 5108 1856 5163 su0,
1882 5087 1974 5169 quod

304 5185 354 5238 est
375 5176 521 5256 positum
553 5175 585 5236 in
613 5176 687 5239 loco
719 5177 774 5259 qui
807 5177 924 5241 dicitur
954 5178 1160 5255 Mirasolem,
1193 5190 1226 5242 et
1255 5178 1341 5241 aliud
1375 5178 1598 5240 molendinum
1628 5179 1661 5239 in
1694 5177 1797 5240 fundo
1820 5177 1972 5257 Aquario

303 5265 447 5347 positum
471 5275 504 5327 et
526 5263 750 5329 molendinum
774 5286 847 5328 cum
862 5268 959 5330 vinea
982 5278 1014 5329 et
1038 5285 1116 5349 agro
1141 5269 1173 5330 in
1198 5268 1271 5329 loco
1296 5269 1350 5349 qui
1376 5268 1493 5330 dicitur
1507 5267 1686 5342 Ponticelli,
1703 5277 1736 5328 et
1751 5276 1816 5328 tres
1840 5285 1974 5328 mansos

305 5355 338 5417 in
367 5351 530 5436 integrum
558 5352 735 5440 positum(!)
763 5355 795 5418 in
827 5356 929 5419 fundo
952 5355 1093 5437 Viginti3
1134 5357 1350 5437 proprietates
1380 5377 1495 5418 omnes
1526 5377 1606 5437 quas
1639 5355 1730 5417 dedit
1751 5355 1973 5418 Armenaldus

304 5438 520 5507 Ariminensis
549 5447 721 5522 canonice,
759 5455 792 5508 et
820 5445 892 5508 illas
922 5465 1003 5527 quas
1034 5445 1125 5508 dedit
1156 5466 1239 5508 uxor
1270 5447 1338 5508 eius
1367 5445 1547 5508 Benedicta
1580 5446 1612 5507 in
1643 5445 1775 5507 civitate
1806 5455 1841 5507 et
1871 5454 1973 5518 extra,

466 5640 491 5702 t)
509 5637 633 5704 Abscln'si
652 5640 708 5689 und
723 5637 903 5705 Bemerlumgeu
925 5641 1045 5691 verdanke
1068 5642 1106 5690 ich
1123 5641 1208 5691 Herm
1236 5641 1295 5691 Can.
1317 5641 1422 5690 Gaurano
1440 5640 1596 5690 Niccoliui
1618 5655 1648 5689 ue
1666 5638 1766 5689 Rimr'ni.
1862 5641 1890 5704 a)
1912 5635 1972 5687 ure.

304 5722 359 5758 vom
376 5713 392 5760 6
409 5709 542 5761 November
560 5714 635 5762 1136.
677 5712 753 5776 Vergl.
773 5711 810 5762 die
830 5711 891 5762 Urk.
909 5727 963 5762 vom
982 5715 1016 5763 23
1033 5713 1163 5763 December
1180 5713 1252 5764 1183.
