4126 6366
310 309 373 396 378

310 503 498 566 dictionem.
552 501 640 563 Inter
671 500 809 564 dilectos
839 501 924 565 lilios
949 551 955 564 .
981 551 987 564 .
1012 500 1170 566 abbatem
1205 498 1263 587 etl
1284 504 1489 585 prepositum
1519 502 1621 564 sancti
1653 498 1825 564 Ambrosii
1857 520 1988 564 causam

309 613 407 673 super
430 591 565 654 diversis
589 589 739 672 capitulis
762 592 949 674 accepimus
982 593 1161 668 emersisse,
1195 613 1294 674 quam
1317 591 1512 655 venerabilis
1543 590 1641 654 frater
1663 601 1776 653 noster
1799 636 1806 651 .
1832 640 1838 651 .
1864 590 1987 653 Medio-

309 681 450 744 lanensis
474 680 741 762 archiepiscopus
760 677 791 764 ¹),
816 691 852 743 ut
868 681 1027 755 asseritur,
1052 682 1247 756 terminavit,
1272 683 1397 744 acuius
1420 681 1582 744 sententia
1605 700 1680 761 pars
1697 680 1858 760 prepositi
1876 679 1988 742 sedem

310 770 527 852 apostolicam
552 769 737 850 appellasse
757 771 960 852 proponitur,
983 770 1131 834 similiter
1147 771 1251 834 abbas
1267 791 1365 853 super
1381 791 1445 832 uno
1463 770 1607 851 capitulo
1622 789 1740 831 vocem
1757 769 1989 850 appellationis

310 861 427 923 dicitur
459 859 614 921 emisisse.
668 857 833 938 Quocirca
864 860 906 921 de
937 880 1098 923 consensu
1130 881 1261 936 eorum,
1294 862 1349 942 qui
1373 861 1509 922 verbum
1539 879 1601 941 pro
1632 858 1782 940 partibus
1814 857 1988 932 faciebant,

310 948 497 1011 discretioni
521 958 628 1010 vestre
652 968 713 1028 per
736 949 920 1029 apostolica
943 950 1066 1030 scripta
1090 951 1299 1026 mandamus,
1332 949 1494 1030 quatinus,
1524 943 1739 1033 [conv]ocatis
1771 946 1931 1028 partibus,
1962 947 1988 1008 si

310 1038 406 1100 vobis
431 1037 620 1110 constiterit,
646 1037 828 1118 predictam
845 1039 1042 1100 sententiam
1066 1049 1154 1102 recte
1170 1041 1271 1102 latam
1296 1059 1356 1102 nec
1380 1038 1525 1120 legitima
1548 1037 1772 1119 appellatione
1787 1055 1991 1118 suspensam,

311 1147 394 1202 earn,
419 1133 530 1188 nostra
556 1124 627 1188 freti
651 1127 855 1203 auctoritate,
880 1126 1006 1189 faciatis
1030 1136 1134 1190 ratam
1158 1128 1290 1191 habere.
1336 1125 1506 1208 Alioquin,
1537 1128 1654 1190 eadem
1678 1127 1842 1188 sententia
1865 1137 1992 1200 vocata,

311 1217 352 1277 de
376 1216 477 1278 totius
500 1216 637 1278 veritate
660 1216 784 1296 negotii
809 1217 996 1296 diligentius
1024 1216 1194 1298 inquiratis
1225 1229 1258 1280 et
1287 1237 1419 1280 causam
1451 1218 1566 1299 ipsam,
1598 1215 1822 1296 appellatione
1854 1226 1992 1289 remota,

309 1303 374 1366 fine
399 1305 559 1367 canonico
584 1303 754 1366 decidatis.
801 1302 908 1368 Nullis
932 1305 1046 1368 litteris
1070 1307 1139 1368 istis
1163 1307 1379 1390 preiudicium
1413 1305 1615 1380 facientibus,
1639 1306 1665 1366 si
1690 1325 1754 1385 que
1779 1305 1993 1386 apparuerint

309 1395 435 1475 absque
469 1394 635 1474 utriusque
658 1394 761 1474 partis
784 1414 925 1468 assensu,
949 1415 968 1456 a
990 1395 1070 1456 sede
1087 1397 1271 1478 apostolica
1288 1397 1471 1476 impetrate.
1495 1431 1539 1441 —
1563 1394 1640 1456 Dat.
1656 1393 1810 1456 Laterani
1834 1394 1966 1456 11Nou.
1985 1389 1988 1474 l

308 1483 399 1545 Iunii.
447 1481 661 1546 Pontificatus
684 1484 786 1545 nostri
811 1503 898 1546 anno
922 1484 1029 1546 tertio.

471 1596 514 1646 Or.
533 1596 566 1646 r'm
584 1596 699 1646 Archivio
719 1596 852 1661 capitolare
870 1597 898 1646 di
914 1598 984 1648 Sant'
1002 1598 1131 1663 Ambrogr'o
1147 1615 1177 1648 su
1197 1597 1320 1647 Mailand.

471 1669 540 1733 Perg.
560 1669 621 1728 ital,
639 1669 674 1717 br.
694 1671 780 1729 0,174,
799 1671 963 1734 long0,157,
983 1678 1058 1720 umen
1076 1673 1156 1730 (told
1174 1671 1365 1735 rrmgesclrlagm,
1390 1670 1467 1718 durch
1492 1669 1550 1718 rwei
1567 1667 1659 1718 Lb'clur
1677 1669 1738 1733 geht
1759 1667 1798 1715 die
1816 1666 1991 1731 llanssclmm

308 1755 393 1788 moran
411 1739 456 1788 dar
474 1740 601 1805 Bleisiegel
614 1741 699 1805 Ιιᾶημ,
719 1740 828 1806 Fallung
845 1741 889 1790 der
905 1741 1007 1795 Brevem

1054 2027 1121 2102 ΝΥ.
1148 2030 1237 2103 438.

312 2155 458 2220 Clemens
474 2157 541 2222 III
550 2155 746 2222 beurkundet
765 2157 838 2221 dem
855 2158 991 2222 Kloster
1005 2159 1073 2223 San
1089 2159 1261 2224 Benedetto
1277 2158 1323 2222 Po
1337 2163 1355 2238 (
1356 2157 1399 2220 D.
1416 2156 1599 2242 Mantova),
1621 2156 1699 2220 dass
1721 2176 1760 2220 cr
1783 2153 1874 2219 emen
1891 2155 1994 2219 Strer't

307 2246 469 2311 awisclren
490 2246 612 2311 diesem
636 2245 705 2310 und
726 2247 799 2311 dem
825 2246 954 2312 Kloster
976 2248 1160 2313 Nonantola
1185 2249 1245 2328 (D.
1270 2246 1430 2330 Modena)
1455 2267 1565 2328 wegen
1588 2244 1646 2310 des
1660 2244 1768 2326 Hoses
1783 2244 1851 2308 San
1872 2243 1992 2308 Cesare

712 2357 753 2400 zu
772 2335 917 2402 Gunstem
932 2360 992 2402 von
1008 2337 1076 2403 San
1093 2338 1260 2402 Benedetto
1275 2335 1476 2400 entsclzieden
1492 2335 1580 2398 habe.

896 2457 977 2518 1190
993 2454 1170 2518 December
1186 2457 1213 2516 7.
1245 2453 1398 2516 Lateran.

467 2566 637 2632 CLEMENS
653 2571 838 2652 episcopus,
855 2592 965 2634 servus
981 2591 1148 2634 servorum
1166 2572 1228 2646 dei,
1254 2571 1378 2634 dilectis
1394 2569 1477 2642 liliis,
1500 2566 1641 2630 Alberto
1657 2565 1770 2629 abbati
1786 2575 1820 2628 et
1835 2564 1990 2629 fratribus

308 2657 496 2719 monasterii
520 2659 622 2721 sancti
645 2659 815 2723 Benedicti
839 2681 937 2743 super
959 2661 1094 2736 Padurn,
1127 2661 1265 2724 salutem
1298 2669 1331 2722 et
1354 2658 1572 2741 apostolicam
1596 2656 1873 2720 benedictionem.
1922 2653 1989 2716 Dis-

307 2745 472 2808 finitiones
494 2767 665 2810 causarum
688 2757 721 2810 et
745 2749 921 2830 iurgiorum
946 2750 1211 2832 disceptationes,
1246 2745 1335 2831 quel
1357 2750 1389 2810 in
1413 2749 1566 2809 Romana
1597 2745 1735 2808 ecclesia
1764 2745 1988 2817 terminantur,

307 2834 421 2897 litteris
444 2846 519 2898 sunt
542 2837 787 2900 memorialibus
811 2839 1083 2914 commendande,
1108 2861 1149 2902 ne
1174 2839 1396 2921 quorumlibet
1419 2837 1538 2906 astutia
1560 2834 1612 2897 vel
1637 2834 1767 2896 malicia
1790 2833 1823 2894 in
1847 2833 1989 2895 recidive

308 2925 529 2987 contentionis
561 2928 748 3007 scrupulum
771 2927 903 2990 valeant
926 2928 958 2990 in
982 2936 1150 3008 posterum
1175 2929 1336 2991 devenire.
1358 2924 1363 3010 Ι
1384 2924 1480 3001 Sane,
1513 2945 1588 2987 cum
1611 2924 1690 2986 olim
1715 2945 1734 2986 a
1757 2923 1990 2985 Nonantulana

306 3013 444 3075 ecclesia
474 3034 572 3096 super
595 3016 733 3078 ecclesia
765 3025 798 3078 et
828 3028 918 3079 curte
950 3019 1054 3080 sancti
1080 3017 1201 3080 Cesarii
1234 3028 1349 3080 contra
1371 3036 1432 3077 vos
1464 3025 1496 3076 et
1527 3013 1762 3076 monasterium
1786 3023 1935 3074 vestrum
1959 3011 1987 3072 in

307 3102 470 3165 auditorio
495 3113 607 3166 nostro
632 3104 745 3167 suisset
778 3107 911 3187 querela
935 3107 1087 3187 deposita
1125 3117 1158 3169 et
1181 3117 1250 3170 tam
1273 3125 1372 3188 super
1403 3103 1616 3186 proprietate,
1650 3122 1750 3183 quam
1779 3102 1988 3182 possessione

307 3192 530 3254 controversia
553 3191 721 3270 intentata,
746 3213 806 3256 vos
824 3195 962 3258 dilectos
978 3196 1063 3258 filios
1080 3206 1219 3272 nostros,
1244 3194 1425 3257 Iohannem
1451 3205 1484 3255 et
1507 3191 1674 3267 iacobum,
1700 3211 1774 3254 cum
1788 3191 1987 3252 ¹testimonio

307 3280 487 3342 litterarum
509 3291 688 3344 vestrarum
720 3294 753 3346 et
784 3283 922 3347 ecclesia
946 3285 1179 3347 Nonantulana
1213 3285 1391 3366 quemdam
1423 3281 1620 3345 monachum
1652 3300 1764 3354 suum,
1798 3279 1987 3361 Philippum

306 3370 450 3450 priorem
475 3369 689 3447 claustralem,
713 3371 880 3435 suffultum
903 3375 1093 3437 testimonio
1117 3375 1328 3455 competenti,
1353 3373 1395 3434 ad
1419 3373 1533 3434 sedem
1556 3370 1774 3451 apostolicam
1805 3368 1988 3449 litigaturos

307 3478 406 3539 super
428 3458 494 3520 iam
518 3459 613 3522 dictis
637 3461 863 3540 questionibus
888 3464 1118 3526 transmisistis.
1166 3463 1249 3526 Cum
1272 3473 1382 3524 autem
1407 3463 1439 3523 in
1462 3473 1573 3523 nostra
1597 3468 1707 3522 essent
1729 3459 1898 3540 presentia
1914 3477 1986 3520 con·

307 3548 420 3622 stituti,
450 3568 519 3623 nos,
551 3549 669 3611 auditis
693 3557 726 3612 et
748 3552 889 3632 cognitis
913 3553 1085 3634 diligenter
1108 3554 1276 3634 utriusque
1299 3552 1401 3633 partis
1425 3550 1606 3613 rationibus
1639 3559 1680 3624 et,
1705 3548 1749 3610 ad
1773 3547 1988 3609 donationem

307 3636 396 3698 bone
409 3637 566 3700 memorie
579 3639 745 3702 comitisse
758 3641 904 3703 Matildis
915 3642 1011 3704 vobis
1023 3642 1143 3705 factam
1163 3640 1190 3726 ει)
1203 3661 1264 3704 nec
1276 3660 1344 3703 non
1356 3650 1389 3703 et
1401 3639 1443 3702 ad
1456 3637 1625 3722 privilegia
1637 3637 1741 3700 felicis
1752 3636 1989 3699 recordationis

307 3725 528 3801 INNOCENTH,
552 3727 715 3804 EUGENII,
740 3727 909 3806 ADRIANI,
933 3729 1152 3794 ALEXANDRI
1176 3741 1209 3794 et
1232 3731 1343 3806 LUCII,
1368 3729 1639 3811 predecessorum
1663 3735 1860 3799 nostrorum,
1894 3725 1987 3789 vobis

307 3813 442 3890 indulta,
474 3835 538 3896 que
569 3817 617 3879 ius
648 3818 785 3881 ecclesie
814 3828 922 3882 vestre
954 3819 1091 3884 lucidius
1122 3820 1345 3896 testabantur,
1380 3819 1568 3900 specialiter
1599 3827 1786 3898 respectum
1817 3813 1986 3888 habentes,

307 3901 429 3988 cumb)
454 3904 659 3968 diffinitivam
684 3908 927 3972 intenderemus
948 3908 974 3996 c)
998 3911 1143 3992 prolerre
1175 3910 1380 3983 sententiam,
1412 3908 1611 3989 prescriptus
1635 3905 1890 3968 Nonantulanus
1923 3924 1986 3966 mo·

307 3994 438 4068 nachus,
464 3995 518 4075 qui
544 4013 618 4057 cum
642 3997 799 4078 magistro
824 3998 1131 4080 archipresbiteriuo
1156 3999 1198 4062 ad
1222 3999 1388 4081 agendum
1411 4007 1444 4060 et
1468 3996 1738 4079 respondendum
1762 3995 1868 4057 suerat
1893 3994 1986 4056 desti·

307 4090 411 4158 natus,
428 4091 618 4146 constanter
633 4087 776 4161 asseruit,
794 4086 965 4150 ecclesiam
982 4088 1249 4152 Nonantulanam
1266 4088 1409 4169 quedam
1425 4086 1595 4169 privilegia
1610 4085 1769 4159 obtinere,
1795 4103 1858 4165 que
1874 4083 1987 4146 vestn's

305 4190 404 4251 super
425 4169 490 4234 hoc
513 4173 690 4254 privilegiis
713 4174 903 4238 obviabant.
949 4177 1020 4238 Nos
1044 4178 1141 4258 igitur
1163 4178 1207 4240 ad
1230 4178 1360 4239 illorum
1382 4176 1622 4258 subterfugium
1644 4172 1910 4237 convincendum
1928 4191 1985 4253 pro

306 4280 355 4334 eo,
380 4260 470 4341 quod
494 4259 549 4323 illa
571 4261 742 4344 privilegia
764 4285 799 4326 se
823 4265 865 4326 ad
888 4261 1048 4351 plre]sens
1070 4266 1193 4330 habere
1216 4287 1283 4329 non
1308 4285 1405 4346 posse
1429 4264 1593 4340 dicebant,
1617 4263 1714 4327 vobis
1731 4274 1764 4326 et
1784 4261 1844 4324 illis
1870 4261 1986 4324 festum

306 4349 451 4411 omnium
474 4360 661 4412 sanctorum
686 4353 837 4432 proxime
860 4355 1050 4435 preteritum
1076 4367 1199 4419 certum
1222 4356 1397 4418 terminum
1420 4350 1713 4438 peremptorli)um,
1739 4363 1878 4432 utraque
1897 4361 1988 4432 parte

306 4437 541 4515 consentiente,
566 4440 718 4503 duximus
741 4442 978 4523 prefigendum,
1010 4445 1043 4507 in
1068 4465 1134 4528 qno
1160 4445 1220 4527 ipsi
1246 4444 1407 4508 cumillis
1430 4444 1609 4526 privilegiis
1633 4452 1746 4505 nostro
1770 4461 1806 4504 se
1830 4439 1987 4502 deberent

308 4529 499 4610 conspectui
519 4527 548 4613 d)
595 4537 800 4610 presentare;
840 4531 984 4615 alioquin
1026 4535 1268 4598 Nonantulanis
1312 4533 1355 4596 ad
1395 4541 1604 4614 pretaxatum
1642 4531 1817 4594 terminum
1856 4529 1987 4591 minime

307 4616 514 4679 venientibus
537 4627 600 4693 aut,
633 4619 660 4680 si
684 4621 879 4685 accedentes
902 4623 1082 4706 privilegia,
1115 4645 1179 4706 que
1202 4623 1422 4706 predixerant,
1446 4643 1513 4685 non
1538 4621 1706 4696 afferrent,
1738 4639 1799 4701 pro
1832 4629 1924 4681 certo
1947 4616 1986 4679 ad

309 4705 470 4769 calculum
494 4706 666 4770 diffinitive
688 4711 850 4774 sententie
879 4715 1059 4796 procedere
1096 4734 1290 4776 curaremus.
1337 4711 1381 4774 Et
1412 4711 1438 4774 si
1472 4712 1561 4774 idem
1584 4709 1807 4774 Nonantulani
1837 4705 1986 4770 monachi

308 4793 351 4857 ad
375 4797 572 4876 presentiam
596 4807 739 4861 vestram
762 4800 795 4862 in
819 4804 959 4865 termino
982 4813 1157 4885 pretaxato
1191 4803 1338 4866 venirent
1368 4811 1403 4863 et
1429 4801 1599 4882 privilegia
1622 4801 1685 4874 illa,
1717 4818 1780 4879 que
1804 4796 1986 4860 fatebantur

307 4883 447 4958 habere,
484 4905 693 4968 nequaquam
725 4888 880 4954 offerrent
918 4892 1057 4975 illosque
1089 4893 1122 4954 id
1156 4893 1278 4956 dixisse
1310 4891 1510 4953 frustratorie
1538 4889 1705 4951 dilationis
1729 4907 1828 4950 causa
1851 4895 1983 4968 pateret

308 4992 369 5035 nos
393 4973 483 5054 ipsos
507 4975 539 5037 in
564 4996 747 5058 expensas,
778 4999 860 5060 quas
891 4981 1040 5045 laceretis
1078 4981 1121 5045 ad
1154 5002 1215 5045 nos
1238 4980 1412 5054 veniendo,
1444 4999 1646 5053 curaremuS,
1677 4987 1810 5039 anctore
1852 4975 1983 5037 domino

308 5062 555 5145 condempnare
578 5075 612 5127 et
635 5067 677 5128 ad
702 5071 863 5133 sententie
886 5071 1047 5135 calculum
1071 5070 1301 5134 nichilominus
1318 5069 1478 5132 festinare.
1517 5068 1693 5130 Pretaxato
1710 5067 1822 5146 itaque
1839 5065 1982 5134 termino,

309 5172 382 5215 cum
406 5155 654 5234 prenominatus
686 5155 859 5235 lohannes,
890 5161 922 5222 in
947 5161 1090 5242 priorem
1122 5171 1230 5223 vestre
1261 5161 1379 5222 domus
1412 5168 1601 5239 promotus,
1639 5175 1714 5218 cum
1745 5154 1893 5235 quodam
1924 5152 1982 5215 alio

309 5241 474 5305 monacho
498 5253 607 5307 vestro
624 5245 767 5326 Hugone
791 5247 834 5309 ad
858 5259 1004 5312 nostram
1027 5249 1228 5333 presentiam
1252 5249 1401 5312 rediisset
1432 5257 1465 5309 et
1489 5246 1566 5309 dicti
1583 5243 1806 5309 Nonantulani
1825 5242 1983 5322 quendam

310 5330 462 5394 clericum
487 5332 714 5410 destinassent,
749 5335 923 5400 dilationes
948 5341 1120 5402 dumtaxat
1144 5338 1362 5402 frustratorias
1385 5337 1572 5417 petiturum,
1603 5354 1663 5398 nos
1693 5343 1726 5396 et
1750 5332 1865 5396 fratres
1889 5329 1981 5394 nostn'

309 5421 489 5484 eroundem
505 5423 765 5486 adversariorum
786 5423 813 5511 e)
835 5437 1018 5492 vestrorum
1042 5428 1264 5510 calumpniam
1281 5437 1314 5490 et
1329 5424 1565 5508 plenitudinem
1587 5435 1694 5488 vestre
1718 5423 1845 5486 iusticie
1868 5419 1981 5502 liquide

468 5671 494 5731 a)
514 5670 579 5719 lacte
661 5669 687 5736 b)
708 5686 764 5720 cum
782 5673 835 5738 auf
847 5675 933 5723 Ramr
1004 5679 1029 5742 c)
1047 5687 1115 5723 emus
1134 5674 1186 5737 auf
1200 5675 1284 5722 h’amr
1355 5672 1383 5736 d)
1402 5685 1512 5736 conspec
1529 5671 1673 5735 oresll’asur
1746 5671 1771 5736 e)
1792 5667 1978 5717 adversaturum.

310 5775 360 5783 --.
381 5739 418 5808 ,1)
446 5741 557 5791 Wilhelm
577 5741 612 5801 II,
633 5741 778 5810 Enbisclros
790 5761 839 5794 vora
857 5745 980 5806 Mar'land,
1004 5747 1181 5797 not-1191.
