4142 6366
1069 523 1135 599 Nr.
1163 529 1251 600 269.

323 656 510 722 Alexander
521 657 585 720 III
607 655 765 739 bewilligt
782 655 856 718 dem
883 655 1041 736 Bisclzofe
1064 677 1126 719 von
1151 656 1274 739 Reggio
1301 653 1374 719 nell
1397 652 1536 734 Emz'lia,
1558 653 1638 719 dass
1657 654 1834 719 Geistliclze
1847 656 2004 736 sremder

325 746 492 832 Sprenget
514 745 568 810 die
584 747 618 810 in
636 743 779 809 Kirchen
802 744 863 807 der
878 743 1068 830 Regge'aner
1081 745 1304 819 Jurisdilett'on
1324 744 1404 808 olene
1423 743 1668 828 Genelzmigung
1687 744 1745 808 des
1761 745 1912 826 Bischoss
1935 748 2001 810 ein-

729 833 868 917 gefie'hrt
881 833 966 912 sind,
987 856 1048 898 von
1065 835 1133 898 ilem
1148 834 1308 917 abgesetzt
1322 832 1451 898 werden
1467 834 1599 913 detrfen.

794 971 880 1032 1177
894 967 1078 1052 September
1092 973 1140 1032 19.
1170 966 1279 1032 Rz'alto
1295 949 1355 1032 uon
1380 966 1528 1050 Vemdig.

482 1102 710 1168 ALEXANDER
740 1105 931 1186 episcopus,
969 1123 1079 1166 servus
1110 1124 1277 1166 servorum
1309 1103 1378 1180 dei,
1418 1103 1595 1167 venerabili
1627 1104 1716 1166 fratri
1748 1153 1753 1166 .
1785 1153 1792 1166 .
1822 1103 2000 1186 Reginensi

326 1197 485 1277 episcopo
504 1191 537 1278 ¹),
567 1195 705 1257 salutem
733 1206 767 1258 et
786 1191 791 1277 Ι
812 1192 1029 1275 apostolicam
1059 1193 1334 1256 benedictionem.
1380 1191 1429 1255 Te
1453 1193 1549 1255 nobis
1580 1205 1788 1276 proponente
1819 1195 2003 1269 didicimus,

326 1285 417 1366 quod
450 1284 583 1367 quidam
613 1282 729 1365 prelati
760 1281 981 1362 ecffclesiarum
1010 1291 1064 1344 tue
1095 1283 1325 1345 iurisdictionis
1356 1283 1389 1344 in
1419 1283 1579 1358 ecclesiis,
1611 1283 1673 1347 sibi
1698 1283 1899 1360 commissis,
1934 1285 2002 1348 sine

326 1374 526 1437 conscientia
564 1381 598 1436 et
628 1391 759 1434 assensu
791 1380 848 1434 tuo
883 1371 1017 1436 clericos
1049 1372 1090 1434 de
1121 1370 1234 1434 alienis
1267 1371 1514 1454 episcopatibus
1545 1372 1711 1434 instituere
1743 1392 1809 1435 non
1840 1385 2003 1437 verentur.

326 1463 546 1526 Attendentes
570 1463 674 1543 igitur,
698 1461 732 1524 id
749 1462 795 1524 eis
812 1460 899 1523 nulla
914 1460 1039 1522 ratione
1056 1459 1160 1536 licere,
1185 1481 1261 1524 cum
1276 1461 1318 1523 sit
1333 1460 1495 1525 honestati
1514 1461 1711 1523 contrarium
1727 1472 1761 1524 et
1776 1483 1797 1523 a
1812 1473 2003 1526 sanctorum

325 1558 456 1635 patrum
480 1551 737 1614 institutionibus
761 1550 910 1624 alienum,
935 1548 1128 1612 auctoritate
1150 1551 1210 1614 tibi
1235 1550 1418 1632 apostolica
1442 1550 1655 1632 indulgemus,
1687 1559 1730 1626 ut,
1760 1553 1788 1614 si
1812 1553 1868 1632 qui
1894 1553 2002 1616 clerici

328 1643 369 1706 de
394 1641 507 1703 alienis
531 1639 778 1722 episcopatibus
801 1640 833 1701 in
858 1639 1002 1702 ecclesiis
1025 1648 1080 1702 tue
1104 1637 1363 1724 iurisdictio[ni]s
1392 1640 1461 1702 sine
1493 1640 1692 1703 conscientia
1715 1649 1749 1702 et
1780 1661 1916 1704 assensu
1949 1651 2004 1704 tuo

326 1736 401 1793 sunt
416 1730 467 1792 vel
492 1728 610 1792 fuerint
632 1731 665 1791 in
688 1739 855 1811 posterum
880 1728 1025 1804 instituti,
1050 1727 1109 1791 tibi
1127 1729 1230 1805 liceat,
1256 1749 1313 1792 eos
1329 1729 1405 1792 inde
1421 1729 1615 1793 auctoritate
1631 1739 1750 1804 nostra,
1775 1731 2002 1820 appellatione

326 1819 522 1902 postposita,
553 1837 727 1894 removere,
758 1819 818 1880 nisi
843 1817 970 1898 aliquos
993 1837 1035 1880 ex
1066 1816 1117 1879 his
1147 1835 1190 1880 ex
1220 1818 1466 1900 dispensatione
1488 1820 1521 1880 in
1545 1819 1669 1881 eisdem
1692 1819 1838 1882 ecclesiis
1869 1820 2003 1882 duxeris

327 1908 548 1971 dimittendos.
594 1905 682 1970 Nulli
707 1927 785 1988 ergo
816 1909 950 1969 omnino
981 1905 1151 1969 hominum
1179 1908 1283 1983 liceat,
1313 1906 1398 1970 hanc
1429 1908 1584 1990 paginam
1616 1914 1725 1971 nostre
1758 1911 2003 1972 constitutionis

327 1998 500 2078 infringere
528 1995 580 2060 vel
610 1997 639 2060 ei
662 1996 865 2077 aliquatenus
889 1996 1058 2058 contraire.
1104 1995 1139 2059 Si
1170 1997 1243 2077 quis
1275 2002 1394 2060 autem.
1416 1996 1481 2060 hoc
1512 2005 1710 2078 attemptare
1738 1993 2000 2084 presumpseri[t,

327 2084 599 2170 in]dignationem
631 2085 868 2166 omnipotentis
902 2085 955 2148 dei
987 2094 1020 2146 et
1049 2084 1221 2149 beatorum
1244 2086 1331 2148 Petri
1361 2095 1395 2148 et
1422 2081 1427 2169 Ι
1456 2085 1561 2162 Pauli,
1593 2086 1821 2168 apostolorum
1856 2089 1937 2164 eius,
1969 2109 2002 2151 se

328 2176 454 2238 noverit
478 2177 685 2237 incursurum.
711 2210 753 2218 —
777 2175 854 2237 Dat.
877 2174 1025 2237 Venetiis
1048 2175 1082 2236 in
1104 2175 1189 2237 Rivo
1209 2172 1214 2259 Ι
1235 2175 1311 2252 alt0,
1335 2187 1399 2236 ΧΙΙΙ
1422 2173 1474 2237 Kl.
1500 2175 1637 2239 Octobr.

490 2289 532 2339 Or.
550 2287 585 2338 im
601 2288 714 2338 &clivio
736 2287 868 2352 Capnolare
885 2303 914 2336 au
932 2287 1021 2354 Regga'o
1037 2288 1096 2336 nell'
1113 2287 1214 2339 Ennea.

488 2361 557 2426 Perg.
576 2360 636 2420 irat,
654 2361 688 2410 be.
709 2359 794 2421 0,238,
818 2363 879 2426 lang
896 2360 981 2419 ΟΜ,
1009 2365 1084 2408 unten
1102 2360 1181 2419 omn
1200 2360 1389 2426 mngesclelagm,
1414 2360 1493 2410 durch
1510 2361 1526 2410 2
1546 2361 1638 2412 [delier
1652 2361 1715 2428 gr'eeg
1736 2362 1774 2411 die
1792 2363 1899 2424 Schnrcr,
1919 2365 2004 2414 melete

330 2431 375 2482 mit
391 2432 444 2481 dem
461 2431 587 2498 Bler'siegel
599 2433 715 2482 verlrm.

1072 2797 1137 2872 Nr.
1167 2801 1255 2872 270.

329 2929 514 2995 Alexander
529 2929 594 2994 III
612 2929 762 3014 bestdtigt
781 2929 854 2994 dem
879 2928 1010 3081 Klostelr
1030 2927 1252 3100 illumne·
1265 2929 1332 3104 501).
1353 2929 1501 3016 Milano)
1527 2930 1588 2994 das
1611 2927 1809 2994 Besitzthum
1833 2950 1895 2993 von
1934 2927 2001 2993 Val-

999 3039 1070 3082 erza
1139 3069 1145 3082 .
1191 3039 1268 3082 anm
1334 3068 1341 3083 .

843 3149 1055 3215 1174-1176
1071 3150 1205 3226 Januar
1222 3153 1277 3214 20.
1308 3149 1442 3234 mgni
1456 3149 1493 3235 ⁸).

488 3296 714 3359 ALEXANDER
737 3295 920 3376 episcopus
952 3315 1062 3358 servus
1085 3313 1252 3358 servorum
1276 3293 1339 3374 dei,
1370 3293 1496 3358 dilectis
1519 3293 1600 3370 filiis,
1625 3295 1855 3360 Transmundo
1888 3295 1999 3359 abbati

330 3397 363 3450 et
378 3387 528 3450 universo
544 3385 717 3448 conventui
734 3383 918 3462 CarevalliS,
934 3386 1072 3448 salutem
1092 3382 1097 3468 Ι
1117 3395 1150 3448 et
1166 3382 1383 3466 apostolicam
1398 3383 1673 3447 benedictionem.
1708 3386 1802 3449 Iustis
1818 3386 2000 3467 petentium

329 3475 497 3539 desideriis
521 3474 648 3538 facilem
672 3493 732 3537 nos
755 3474 910 3538 convenit
932 3475 1063 3556 apertiri
1087 3492 1283 3538 consensum
1306 3482 1340 3536 et
1361 3482 1448 3548 vota,
1480 3494 1544 3555 que
1567 3494 1588 3536 a
1610 3475 1758 3538 rationis
1780 3475 1916 3537 tramite
1938 3495 2000 3537 non

329 3565 535 3640 discordant,
569 3563 685 3626 effectu
716 3573 792 3626 sunt
821 3573 1041 3645 prosequente
1073 3562 1280 3645 complenda.
1333 3562 1528 3644 Eapropter,
1560 3563 1669 3626 dilecti
1702 3564 1733 3624 in
1766 3564 1907 3626 domino
1938 3563 2000 3638 filii,

327 3655 442 3718 vestris
465 3653 555 3715 iustis
583 3651 859 3735 postulationibus
888 3662 981 3735 grato
1011 3659 1239 3716 concurrentes
1270 3671 1411 3727 assensu,
1441 3651 1610 3733 grangiam
1645 3653 1687 3714 de
1708 3651 1853 3715 Valleria
1869 3651 1898 3737 ⁴)
1931 3673 1999 3715 cum

326 3744 427 3819 terris,
451 3743 549 3818 silvis,
571 3742 709 3824 pascuis,
741 3742 978 3824 piscationibus
1009 3743 1191 3823 ceterisque
1214 3741 1417 3822 pertinentiis
1441 3741 1514 3817 suis,
1545 3751 1614 3803 tam
1638 3741 1671 3803 in
1695 3741 1871 3818 montibus,
1906 3761 2001 3823 quam

328 3835 360 3896 in
401 3831 599 3914 ragangeriis
638 3831 784 3913 locisque
821 3832 892 3895 aliis
928 3831 1154 3895 adiacentibus
1193 3830 1377 3894 constitutis
1418 3829 1514 3892 vobis
1542 3831 1724 3912 vestrisque
1760 3831 2001 3894 successoribus

327 3922 520 3986 auctoritate
542 3919 725 4002 apostolica
750 3919 978 3984 confirmamus
1001 3941 1141 4003 eamque
1171 3920 1370 3983 monasterio
1393 3928 1511 3996 vestro,
1536 3919 1621 3982 iusto
1637 3929 1807 3982 contractu
1823 3921 2001 4002 emptionis

327 4013 471 4093 legitime
502 4011 738 4091 conquisitam,
768 4011 929 4092 presentis
960 4011 1071 4091 scripti
1103 4009 1287 4092 patrocinio
1318 4009 1567 4071 communimus.
1618 4007 1822 4084 StatuenteS,
1856 4021 1895 4072 ut
1927 4008 1999 4071 nulli

328 4102 463 4164 omnino
487 4098 655 4162 hominum
680 4099 784 4174 liceat,
809 4100 1034 4180 possessiones
1057 4101 1145 4180 ipsas
1168 4109 1290 4162 temere
1314 4096 1504 4178 perturbare
1520 4106 1576 4160 aut
1590 4119 1650 4161 vos
1665 4119 1764 4180 super
1778 4099 1825 4160 eis
1842 4099 2000 4161 molestiis

225 4189 227 4192 ’
328 4190 490 4272 aliquibus
514 4187 657 4270 fatigare.
704 4187 872 4250 Laborum
895 4208 1028 4269 quoque
1050 4198 1240 4262 vestrorum,
1268 4207 1351 4268 quos
1375 4187 1407 4248 in
1431 4187 1556 4250 eisdem
1580 4187 1660 4250 locis
1683 4187 1825 4269 propriis
1849 4188 1999 4250 manibus

328 4290 384 4342 aut
405 4277 590 4359 sumptibus
613 4276 728 4352 colitis,
754 4296 809 4339 seu
835 4278 876 4340 de
892 4278 1096 4340 nutrimentis
1111 4277 1307 4352 animalium,
1333 4296 1396 4356 que
1413 4275 1458 4338 ibi
1474 4297 1535 4339 vos
1550 4273 1673 4341 habere
1688 4277 1871 4358 contigerit,
1899 4276 1999 4339 nullus

328 4368 465 4432 avobis
488 4367 631 4429 decimas
654 4376 820 4447 presumat
850 4366 990 4448 exigere.
1036 4366 1070 4430 Si
1102 4367 1174 4447 quis
1204 4384 1282 4447 ergo
1314 4364 1398 4428 hanc
1428 4373 1538 4428 nostre
1569 4364 1825 4429 confirmationis
1859 4375 1895 4428 et
1926 4385 1997 4429 con-

328 4456 504 4521 stitutionis
527 4455 682 4537 paginam
714 4475 793 4517 ausu
823 4456 1013 4520 temeritatis
1045 4455 1219 4537 infringere
1248 4455 1300 4517 vel
1331 4464 1446 4517 contra
1476 4475 1549 4518 eam
1578 4455 1688 4518 venire
1720 4457 1965 4538 presumpserit,
1991 4453 1994 4534 Ι

329 4545 589 4627 indignationem
612 4543 664 4606 dei
689 4545 925 4625 omnipotentis
949 4554 982 4607 et
1004 4546 1176 4609 beatorum
1191 4543 1276 4607 Petri
1292 4551 1326 4606 et
1340 4543 1439 4618 Pauli,
1463 4543 1688 4625 apostolorum
1712 4545 1790 4620 eius,
1812 4565 1848 4607 se
1872 4543 1997 4608 noverit

331 4637 539 4698 incursurum.
563 4667 606 4677 -
626 4628 631 4715 Ι
651 4631 727 4696 Dat.
751 4631 913 4716 Anagnie,
936 4647 999 4696 xm
1022 4635 1076 4696 Kl.
1100 4634 1195 4697 Febr.

492 4747 535 4798 Or.
554 4747 588 4796 im
605 4746 719 4797 Archivio
737 4747 764 4796 di
780 4747 847 4796 Staio
864 4763 895 4796 ree
913 4746 1035 4798 Madand.

491 4819 561 4884 Perg.
581 4819 641 4878 irat,
660 4819 695 4871 br.
715 4821 802 4879 O‚22d,
820 4821 883 4884 lang
893 4820 977 4879 0,180,
995 4827 1071 4870 auten
1089 4821 1167 4880 nom
1184 4823 1371 4888 umgeschlagm,
1391 4822 1469 4873 durch
1486 4821 1544 4870 neci
1560 4819 1652 4869 Laeter
1665 4821 1723 4886 geht
1739 4818 1776 4868 die
1794 4835 1851 4868 rosa
1871 4819 1996 4886 mangethe

330 4892 513 4952 Seidmschmer,
532 4907 617 4940 weron
636 4891 680 4940 das
698 4890 824 4958 Bler'siegel
838 4893 921 4958 ltdngt.
957 4891 1065 4958 Faltung
1082 4892 1126 4941 der
1142 4892 1243 4942 Brevm.

493 5187 517 5250 1)
536 5185 652 5245 albente,
672 5185 775 5250 Bischof
781 5200 829 5234 von
840 5183 936 5250 Reggio,
959 5185 1139 5231 rior-1187.
1214 5185 1240 5246 2)
1259 5184 1313 5232 Der
1330 5183 1414 5232 Inhnlt
1430 5183 1474 5232 der
1494 5182 1610 5232 Uram
1628 5185 1709 5234 meld
1724 5198 1747 5230 es
1759 5181 1993 5240 unmhsctcr'nt'ct,

331 5258 387 5306 dass
404 5256 436 5306 sie
453 5259 526 5307 schem
543 5257 570 5306 in
589 5256 632 5306 der
648 5263 724 5307 ersten
743 5257 841 5306 Perinde
865 5256 905 5304 des
922 5255 1079 5318 Aufenthalts
1102 5255 1251 5304 Alexanders
1269 5255 1317 5303 III
1329 5255 1356 5303 in
1373 5255 1473 5319 Anagni
1488 5256 1623 5320 aeargestellt
1638 5255 1689 5303 sein
1706 5255 1780 5303 sollte.
1873 5259 1900 5320 3)
1923 5253 1993 5318 Vergl.

326 5329 395 5478 2:⁴3
416 5328 540 5450 232:th
558 5328 638 5377 Simia
662 5328 720 5393 dipl.
743 5328 806 5378 della
829 5327 895 5396 lega
912 5326 1063 5386 Londarda,
1083 5333 1111 5392 p.
1129 5327 1188 5376 239.
1296 5328 1323 5392 4)
1348 5325 1460 5387 Valleria,
1485 5326 1555 5375 Fran.
1575 5325 1689 5376 delerem.
1709 5325 1736 5374 di
1752 5323 1890 5375 Monricelt'
1906 5325 1992 5382 Pavet,
