4126 6356
298 341 344 405 90

301 515 385 578 siam
408 513 510 578 sancti
528 513 620 578 'Petri
643 513 684 576 de
707 513 879 588 Lavenna;
903 513 935 576 in
960 512 1154 594 episcopatu
1178 511 1418 576 Mediolanensi
1431 509 1455 596 ¹)
1478 511 1652 576 ecclesiam
1675 514 1779 577 sancti
1796 513 1910 578 Severi
1935 513 1983 574 de

302 603 487 681 Crescian0,
518 601 689 668 ecclesiam
719 611 832 666 sancte
855 602 976 666 Iuliane
1008 601 1051 664 de
1079 600 1226 665 Carzano
1257 609 1290 664 et
1321 602 1425 666 sancti
1458 599 1590 664 Martini
1622 603 1664 665 de
1686 602 1912 680 Gerenciano;
1945 603 1983 664 in

300 695 494 777 episcopatu
528 692 680 774 Papiensi
705 687 730 775 ¹)
764 692 847 755 infra
882 711 992 754 muros
1023 691 1163 772 predicti
1190 693 1218 770 Ε)
1253 690 1442 754 monasterii
1477 691 1650 754 ecclesiam
1690 695 1795 756 sancti
1829 693 1982 766 Andree,

302 784 475 847 ecclesiam
505 782 609 846 sancti
640 781 789 862 Georgii,
829 781 1001 844 ecclesiam
1032 789 1220 844 sanctorum
1251 781 1399 843 Faustini
1435 789 1468 843 et
1497 780 1631 857 Iovitte‚
1664 782 1837 846 ecclesiam
1869 779 1982 844 sancti

301 873 449 950 Adriani,
474 871 645 934 ecclesiam
668 879 781 934 sancte
795 869 921 952 Sophie
945 889 1019 933 cum
1043 870 1197 934 omnibus
1221 869 1263 932 ad
1287 870 1375 932 illam
1392 869 1639 952 pertinentibus,
1663 872 1696 935 in
1720 882 1826 936 castro
1841 871 1984 936 Pavone

303 963 384 1025 duas
416 961 570 1026 ecclesias
601 961 634 1024 in
665 958 792 1023 honore
819 960 908 1024 beati
936 959 1107 1022 Michaelis
1138 970 1171 1023 et
1203 958 1267 1022 alia
1297 960 1330 1022 in
1362 959 1488 1023 honore
1518 960 1607 1023 beati
1637 960 1806 1038 Germani,
1838 962 1870 1024 in
1902 959 1984 1022 villa

301 1053 410 1114 Rasca
432 1050 594 1133 capellam
617 1049 721 1112 sancti
738 1048 940 1124 Christolori,
965 1049 1137 1112 ecclesiam
1161 1049 1265 1112 sancti
1281 1049 1436 1112 Damiani
1455 1047 1494 1129 b),
1519 1049 1691 1113 ecclesiam
1714 1051 1817 1114 sancti
1834 1049 1983 1123 Nazarii,

302 1142 335 1204 in
350 1140 527 1210 Lardiraco
549 1138 711 1221 capellam
730 1139 834 1201 sancti
849 1137 997 1202 Gervasii
1020 1148 1054 1201 et
1076 1139 1248 1202 ecclesiam
1271 1139 1375 1201 sancti
1391 1138 1541 1216 Zenonis,
1566 1139 1598 1201 in
1613 1138 1799 1203 Pascarolio
1820 1137 1849 1224 c)
1871 1137 1986 1202 eccle·

301 1231 384 1293 siam
407 1230 511 1293 sancti
536 1228 721 1311 Augustini.
759 1241 873 1292 Obeunte
892 1257 954 1291 vero
977 1247 1010 1305 te,
1034 1256 1099 1292 nnnc
1126 1242 1238 1292 eiusdem
1263 1242 1313 1292 loci
1331 1243 1436 1306 abbate,
1464 1243 1506 1293 vel
1530 1249 1628 1294 tuorum
1656 1245 1768 1310 quolibet
1794 1259 1985 1304 successorum,

301 1336 381 1384 nullus
398 1335 433 1384 ibi
451 1333 563 1400 qualibet
580 1333 743 1398 surreptionis
762 1331 856 1382 astucia
874 1345 918 1380 seu
936 1330 1056 1380 violentia
1073 1337 1235 1396 preponatur,
1256 1331 1303 1380 nisi
1321 1345 1396 1395 quem
1414 1331 1503 1381 fratres
1521 1332 1646 1383 communi
1671 1349 1794 1385 consensu
1815 1334 1857 1384 vel
1873 1333 1986 1382 hamum

302 1438 360 1489 pars
382 1424 481 1474 consilii
504 1422 608 1472 sanioris
632 1421 769 1471 secundum
793 1420 835 1470 dei
853 1420 970 1469 timorem
989 1425 1014 1468 et
1033 1418 1100 1469 beati
1118 1419 1249 1468 Benedicti
1273 1419 1387 1484 regulam
1413 1419 1569 1484 providerint
1593 1421 1751 1486 eligendum
1776 1423 1870 1472 electus
1893 1427 1986 1470 autem

301 1512 334 1560 ad
352 1513 495 1561 Romanum
518 1509 664 1576 pontificem
690 1509 875 1560 consecrandus
898 1507 1011 1561 accedat.
1049 1507 1180 1572 Chrisma,
1207 1508 1291 1558 oleum
1310 1513 1435 1570 sanctum,
1462 1509 1666 1560 consecrationes
1690 1511 1804 1562 altarium
1827 1527 1871 1561 sen
1890 1509 1987 1558 basili·

302 1616 399 1664 carnm,
428 1599 597 1650 ordinationes
624 1599 804 1648 monachorum
826 1613 869 1649 seu
893 1597 1070 1648 canonicorum
1097 1602 1249 1661 vestrorum,
1278 1595 1320 1661 qni
1348 1595 1381 1645 ad
1406 1611 1493 1646 sacros
1517 1596 1607 1648 luerint
1634 1599 1736 1649 ordines
1759 1600 1942 1666 promovendi,
1969 1613 1988 1646 a

301 1704 460 1756 quocumque
478 1687 622 1754 malueritis,
642 1687 767 1738 catholico
786 1687 925 1752 suscipiatis
943 1686 1074 1752 episcopo,
1099 1685 1223 1750 siquidem
1242 1685 1348 1752 gratiam
1366 1685 1505 1750 apostolice
1523 1685 1591 1737 sedis
1608 1686 1730 1739 habuerit.
1767 1690 1858 1740 Missas
1875 1703 1987 1754 quoque

301 1778 415 1843 publicas
431 1778 458 1826 in
477 1776 568 1827 eodem
587 1777 740 1826 monasterio
759 1775 881 1825 celebrari
899 1780 940 1824 aut
958 1775 1091 1825 stationem
1110 1781 1151 1825 aut
1170 1776 1293 1840 synodum
1310 1776 1353 1824 vel
1372 1774 1555 1824 ordinationem
1580 1776 1691 1842 aliquam
1715 1783 1799 1842 preter
1822 1778 1987 1827 voluntatem

303 1868 400 1917 abbatis
425 1867 457 1915 ab
482 1867 604 1931 episcopo
630 1866 743 1931 quolibet
766 1864 821 1914 fieri
845 1864 1016 1930 prohibemus.
1053 1865 1095 1914 Ad
1120 1865 1169 1914 hec
1188 1865 1297 1929 presenti
1324 1864 1434 1929 capitulo
1452 1864 1589 1914 adicientes
1607 1865 1750 1931 dalmatice,
1778 1866 1857 1930 mitre,
1885 1865 1988 1915 mda-

302 1955 400 2018 tiorum,
426 1971 473 2005 nec
496 1970 547 2005 non
574 1954 755 2004 cirothecarum
781 1969 860 2018 usum,
888 1958 913 2002 et
935 1953 1000 2002 iuter
1026 1953 1191 2003 itinerandum
1216 1953 1315 2018 insigne
1339 1952 1478 2002 tintinabuli
1499 1952 1543 2002 tibi
1570 1953 1665 2019 tuisque
1692 1953 1876 2004 successoribus
1906 1961 1936 2004 et
1959 1955 1988 2004 in

302 2043 433 2109 sepedicto
457 2043 609 2094 monasterio
633 2043 785 2108 baptismum
802 2041 828 2090 in
846 2042 943 2106 pascali
966 2042 1151 2108 sollempnitate
1178 2057 1224 2107 per
1248 2041 1373 2092 subiectos
1391 2041 1464 2091 vobis
1483 2041 1590 2091 clen'cos
1609 2040 1663 2091 lieri
1679 2042 1746 2092 iuxta
1769 2041 1987 2108 predecessorum

304 2137 446 2182 nostrorum
464 2137 554 2182 statuta
572 2131 742 2193 concedimus,
762 2129 847 2194 sicque
867 2129 900 2178 ab
917 2129 986 2180 omni
997 2129 1057 2195 iugo
1070 2145 1113 2181 seu
1132 2129 1227 2179 ditione
1246 2128 1446 2196 cuias(cnm)que
1464 2145 1573 2195 persone
1591 2136 1700 2180 vestrum
1719 2129 1851 2180 cenobium
1869 2129 1987 2180 liberum

303 2235 450 2286 permanere
467 2220 600 2283 sancimus,
618 2225 644 2270 ut
662 2219 710 2268 soli
728 2223 814 2268 sancte
831 2218 946 2268 Romane
965 2223 990 2267 et
1007 2217 1147 2284 apostolice
1166 2217 1274 2269 ecclesie
1293 2217 1417 2268 subditum
1435 2218 1565 2268 habeatnr.
1599 2217 1767 2268 Decernimus
1785 2233 1855 2282 ergo,
1873 2223 1901 2267 nt
1921 2219 1989 2268 nulli

304 2308 408 2358 omnino
426 2307 557 2359 hominum
576 2309 659 2371 liceat,
676 2306 877 2372 prenominatum
895 2306 1074 2356 monasterium
1091 2311 1186 2356 temere
1204 2305 1358 2372 perturbare,
1384 2310 1425 2355 aut
1443 2306 1496 2356 eius
1513 2306 1690 2372 possessiones
1707 2306 1806 2356 auferre
1824 2306 1864 2356 vel
1881 2306 1989 2356 ablatss

303 2396 419 2460 retinere,
444 2397 555 2446 minuere
574 2395 598 2461 d)
617 2400 659 2445 aut
682 2395 803 2460 aliquibus
827 2394 1000 2445 vexationibus
1023 2394 1143 2461 fatigare,
1170 2395 1216 2445 sed
1242 2394 1327 2445 omnia
1353 2393 1451 2459 integra
1476 2401 1654 2446 conserventur
1681 2411 1781 2459 eorum,
1808 2410 1855 2461 pro
1873 2411 1988 2460 qnorum

304 2483 485 2549 gubernatione
513 2491 537 2534 et
564 2484 742 2534 sustentatione
769 2497 891 2532 concessa
909 2489 973 2545 sunt,
1000 2483 1084 2533 usibus
1112 2482 1264 2534 omnimodis
1290 2483 1430 2548 profutura,
1459 2485 1530 2534 salva
1557 2484 1582 2534 in
1609 2485 1723 2534 omnibus
1747 2485 1886 2552 apostolice
1913 2485 1989 2534 sedis

305 2573 458 2622 auctoritate.
495 2571 522 2622 Si
540 2587 590 2637 qua
607 2573 681 2639 igitur
699 2571 726 2621 in
744 2570 848 2621 futurum
869 2570 1041 2620 ecclesiastica
1058 2571 1209 2622 secularisve
1227 2585 1346 2636 persona,
1364 2570 1430 2622 hanc
1448 2579 1533 2623 nostre
1552 2572 1734 2623 constitutionis
1750 2573 1869 2638 paginam
1886 2573 1988 2636 sciens,

305 2667 393 2711 contra
410 2675 467 2711 eam
485 2666 581 2710 temere
598 2661 686 2710 venire
704 2657 871 2724 temptaverit,
897 2657 1007 2708 secundo
1032 2659 1143 2709 terciove
1163 2658 1324 2722 commonita,
1349 2659 1371 2708 si
1395 2675 1445 2709 non
1470 2660 1640 2710 satisfactione
1660 2676 1771 2726 congrua
1798 2661 1989 2724 emendaverit,

304 2750 436 2816 potestatis
459 2749 613 2815 honorisque
638 2747 674 2800 sui
698 2753 782 2798 careat
807 2746 929 2812 dignitate
947 2751 970 2815 ι)
994 2763 1115 2813 reamque
1138 2763 1166 2798 se
1190 2745 1276 2796 divino
1300 2746 1393 2797 indicio
1416 2748 1523 2798 existere
1548 2748 1581 2798 de
1605 2757 1747 2816 perpetrata
1771 2751 1900 2817 iniquitate
1923 2765 1989 2816 cog-

305 2845 401 2903 noscat,
426 2845 450 2889 et
469 2855 484 2888 a
501 2837 671 2889 sacratissimo
698 2852 805 2903 corpore
826 2851 856 2886 ac
874 2835 899 2901 f)
923 2836 1043 2901 sanguine
1071 2835 1113 2886 dei
1138 2842 1163 2886 et
1181 2835 1292 2902 domini,
1319 2835 1487 2910 redemptoris
1511 2838 1589 2887 nostri
1611 2839 1668 2888 lesu
1693 2839 1793 2904 Christi,
1821 2841 1904 2890 aliena
1932 2838 1988 2902 fiat,

305 2935 379 2995 atque
396 2929 424 2978 in
442 2933 554 2977 extremo
573 2926 687 2976 examine
706 2925 817 2976 districte
835 2925 924 2976 ultioni
942 2925 1077 2975 subiaceat
1115 2923 1218 2974 Cunctis
1243 2930 1334 2989 autem,
1359 2924 1443 2974 eidem
1466 2926 1526 2974 loco
1549 2941 1594 2976 sua
1610 2926 1664 2977 iura
1690 2928 1853 2991 servantibus,
1881 2927 1915 2977 sit
1936 2944 1989 2993 pax

305 3017 402 3068 domini
420 3016 499 3066 nostri
516 3016 574 3066 lesu
592 3015 692 3079 Christi,
717 3015 831 3080 quatinus
849 3013 932 3064 ethic
950 3013 1056 3064 fructum
1075 3012 1141 3062 bone
1168 3014 1275 3063 actionis
1297 3014 1437 3080 percipiant
1462 3021 1488 3064 et
1510 3016 1576 3080 apud
1600 3016 1738 3068 districtum
1754 3017 1864 3068 indicem
1882 3017 1989 3081 premia

306 3111 392 3155 eterne
410 3105 481 3170 pacis
499 3103 634 3154 inveniant
670 3105 761 3152 Amen.
798 3103 888 3154 Amen.
924 3105 1017 3153 Amen.

588 3191 633 3257 (R)
652 3192 710 3257 Ego
727 3192 855 3257 Eugenius
874 3190 998 3241 catholice
1018 3188 1127 3240 ecclesie
1148 3189 1282 3256 episcopus
1300 3205 1334 3242 ss.
1354 3191 1412 3258 (M).

587 3282 602 3344 †
619 3279 676 3343 Ego
695 3278 828 3329 Hubaldus
845 3279 968 3344 presbiter
986 3278 1120 3328 cardinalis
1138 3277 1175 3328 tit.
1194 3284 1279 3328 sancte
1298 3281 1431 3330 Prascedis
1449 3295 1481 3330 ss.

588 3370 603 3432 †
620 3368 679 3433 Ego
696 3367 828 3418 Hubaldns
845 3366 968 3432 presbiter
986 3366 1120 3416 cardinalis
1137 3367 1174 3417 tit.
1193 3367 1272 3417 sancti
1290 3368 1409 3418 Iohannis
1426 3373 1452 3418 et
1470 3369 1541 3420 Pauli
1559 3383 1592 3419 ss.

587 3458 602 3519 †
619 3456 679 3520 Ego
696 3455 773 3521 Hugo
791 3453 916 3520 presbiter
934 3454 1069 3504 cardinalis
1087 3455 1124 3505 tit.
1142 3455 1168 3504 in
1186 3455 1282 3506 Lucina
1300 3472 1333 3507 ss.

588 3548 603 3610 †
620 3545 678 3611 Ego
696 3545 817 3596 lordanus
835 3543 959 3610 presbiter
977 3543 1111 3593 cardinalis
1129 3544 1165 3596 tit.
1185 3549 1270 3595 sancte
1289 3545 1401 3596 Susanna
1420 3560 1453 3594 ss.

585 3635 600 3697 τ
618 3633 676 3699 Ego
693 3632 769 3684 Oddo
787 3633 907 3684 diaconus
926 3631 1060 3682 cardinalis
1078 3632 1157 3682 sancti
1176 3632 1280 3698 Georgii
1299 3634 1332 3684 ad
1350 3634 1440 3684 Velum
1459 3647 1559 3683 aureum
1575 3647 1610 3684 ss.

586 3725 602 3786 †
619 3722 676 3787 Ego
695 3722 819 3773 Iohannes
837 3737 934 3788 paparo
953 3721 1074 3772 diaconus
1094 3721 1227 3771 cardinalis
1245 3723 1324 3772 sancti
1342 3722 1447 3772 Adriani
1465 3737 1497 3772 ss.

466 3811 526 3862 Dat.
545 3809 680 3876 Cremona,
699 3828 746 3877 per
763 3829 864 3863 manum
884 3810 1016 3873 Gnidonis,
1040 3815 1127 3859 sancte
1146 3811 1261 3860 Romane
1280 3811 1389 3861 ecclesie
1408 3809 1509 3861 diaconi
1527 3810 1662 3861 cardinalis
1681 3817 1706 3861 et
1729 3810 1879 3860 cancellarii.
1917 3809 1990 3862 Non.

306 3900 352 3951 lul.
387 3897 528 3948 indictione
547 3911 584 3954 xr.
620 3899 802 3949 incarnationis
827 3899 953 3949 dominice
982 3913 1047 3948 anno
1065 3908 1200 3948 arcxnvm.
1238 3897 1399 3949 Pontificatus
1423 3913 1486 3948 vero
1505 3895 1592 3949 domni
1611 3898 1718 3963 Eugenii
1736 3909 1767 3948 ut
1785 3912 1828 3962 pp.
1848 3911 1915 3948 anno
1936 3911 1989 3948 1111.

390 4071 396 4084 Ι
466 3996 591 4063 Absclm'fl
616 4013 671 4047 vum
692 3999 724 4048 13
753 3996 846 4064 Jahrb.
874 3998 914 4047 des
938 3994 1077 4063 Regu'stmm
1103 4013 1220 4062 magrmm
1244 4003 1270 4062 p.
1294 3999 1355 4058 264,
1378 4005 1488 4062 parvum
1504 4003 1529 4062 p.
1550 3997 1609 4056 185,
1636 3997 1670 4046 im
1696 3995 1810 4046 Arcaea
1835 3995 1992 4062 Manr'cr'pale

307 4087 337 4120 m
363 4071 498 4192 Ptacmqq
515 4139 635 4190 Mariand
653 4141 693 4190 bin
717 4140 755 4190 ich
779 4140 852 4190 ler'der
873 4137 942 4189 nicht
962 4141 1016 4204 aas
1026 4139 1064 4189 dr'e
1087 4145 1136 4189 ers!
1152 4139 1185 4190 im
1204 4139 1297 4190 Istrum
1314 4139 1356 4189 des
1372 4139 1554 4205 Hauptkvrpm
1577 4139 1722 4206 begirmendc
1739 4139 1909 4203 laserpolarr'o·
1930 4144 1993 4207 arg(-

307 4215 426 4264 merksam
446 4213 587 4279 gewordm,
614 4229 640 4261 ro
665 4214 721 4262 dass
745 4212 783 4262 ich
807 4213 873 4262 naht
889 4227 919 4260 au
942 4227 1015 4278 sagea
1032 4227 1146 4278 nearing,
1174 4212 1202 4261 ob
1225 4210 1294 4261 nicht
1309 4211 1347 4260 die
1364 4211 1400 4260 tei
1415 4213 1459 4262 der
1474 4213 1572 4278 vorr'gm
1591 4213 1712 4262 hammer
1733 4210 1885 4276 besprochene
1901 4213 1992 4263 Nach-

305 4287 419 4352 atdmg,
446 4285 483 4334 Δία
507 4284 607 4350 Varlage
623 4300 653 4332 uu
677 4283 752 4333 dieser
768 4283 893 4348 Abschrrft
915 4298 1021 4349 gnresm
1039 4283 1076 4345 ist,
1105 4283 1161 4331 und
1181 4283 1226 4332 das
1244 4282 1333 4348 dortr‘gc
1350 4283 1483 4333 Naeuam
1500 4284 1595 4333 deshalb
1621 4284 1701 4333 biber
1717 4284 1809 4350 geldrt.
1848 4285 1920 4334 Auch
1940 4301 1991 4335 von

305 4358 351 4406 den
368 4357 448 4406 beiden
464 4357 521 4406 oben
538 4356 699 4422 angegebenm
716 4356 870 4421 Abschn'stm
889 4355 956 4404 wehs
972 4354 1011 4403 ich
1028 4354 1101 4415 nicht,
1119 4371 1150 4404 su
1167 4354 1270 4406 welcher
1290 4355 1388 4420 Gruppe
1405 4355 1439 4404 sie
1452 4355 1578 4422 gerechrret
1594 4357 1691 4406 werden
1707 4360 1811 4406 meissen.

1066 4642 1133 4717 Nr.
1164 4645 1227 4718 89.

308 4770 424 4859 Eugen
440 4771 507 4837 III
528 4774 647 4838 nimmt
665 4774 721 4837 die
746 4771 869 4838 Kirclre
890 4771 980 4838 Sanl
1002 4773 1111 4859 Agata
1143 4775 1182 4838 di
1207 4774 1364 4840 Cremona
1393 4772 1429 4838 in
1451 4773 1681 4857 apostolz'sclren
1704 4773 1823 4838 Schuta
1847 4773 1916 4838 und
1939 4772 1991 4838 be·

782 4865 896 4946 stcttigt
920 4864 992 4927 ihre
1018 4863 1121 4928 Grtter
1142 4864 1212 4929 und
1233 4864 1457 4929 Gereckrsame
1473 4865 1508 4946 ¹).

924 4997 1181 5075 1148Julz'16.
1227 4970 1370 5064 ernau.

466 5129 631 5214 Eugenius
653 5133 840 5215 episcopus,
870 5153 983 5197 servus
1013 5153 1182 5197 servorum
1205 5133 1258 5195 dei
1277 5136 1319 5210 a),
1343 5132 1468 5197 dilectis
1491 5129 1563 5197 filiis
1586 5131 1781 5208 Lanlranco,
1814 5133 1992 5216 preposito

308 5219 445 5283 ecclesie
468 5229 580 5285 sancte
603 5221 762 5304 Agathes,
787 5241 852 5302 que
868 5222 1030 5286 Cremone
1053 5224 1114 5286 sita
1137 5230 1195 5298 est,
1219 5221 1353 5303 eiusque
1376 5222 1538 5300 fratribus,
1565 5231 1633 5286 tarn
1657 5221 1863 5305 presentibus
1887 5243 1992 5303 quarn

307 5310 430 5385 suturis,
447 5311 637 5374 canonicam
654 5315 755 5376 vitam
772 5311 928 5394 professis
940 5323 979 5374 ΙΝ
991 5325 1068 5373 ΡΡΜ.
1089 5308 1094 5396 Ι
1115 5311 1277 5392 Quotiens
1293 5311 1372 5375 illud
1388 5333 1407 5376 a
1424 5313 1518 5377 nobis
1534 5315 1665 5396 petitur,
1681 5311 1772 5392 quod
1788 5311 1938 5394 religioni
1959 5312 1993 5398 ιι)

309 5408 343 5463 et
365 5397 530 5464 honestati
558 5403 732 5465 convenire
762 5401 951 5476 dinoscitur,
982 5403 1092 5465 animo
1123 5420 1184 5464 nos
1208 5400 1305 5463 decet
1327 5400 1439 5466 libenti
1463 5403 1646 5466 concedere
1670 5408 1704 5464 et
1726 5397 1909 5484 petentium
1933 5403 1993 5466 de·

502 5537 732 5544 ——-—.-----

468 5597 493 5662 a)
512 5596 573 5646 dicti
591 5597 625 5645 II
714 5596 741 5660 b)
762 5601 786 5644 et
804 5595 940 5645 ecclesiam
960 5596 994 5645 II
1072 5599 1097 5663 c)
1116 5595 1255 5645 Piscarolio
1274 5597 1309 5660 II,
1328 5574 1471 5648 Pascarolio
1556 5598 1582 5664 d)
1593 5593 1663 5661 felli
1679 5597 1744 5646 irrI
1821 5598 1848 5662 e)
1868 5597 1990 5663 dignitate

308 5669 512 5804 quotqqatMIlAW
527 5668 636 5792 32th
722 5669 751 5734 g)
771 5666 821 5716 dile
919 5668 947 5734 h)
967 5669 992 5716 io
1010 5668 1062 5732 auf
1075 5669 1167 5719 Ram.
1186 5705 1238 5712 .-
1258 5667 1294 5734 .1)
1313 5668 1418 5721 Mr'lanu
1502 5670 1528 5737 a)
1550 5669 1635 5720 aava.
1720 5671 1747 5737 3)
1772 5668 1851 5735 Vaga
1870 5669 1909 5718 die
1930 5669 1992 5720 Urk.
