4126 6356
1685 317 1746 383 179

822 477 888 556 Nr.
914 487 999 560 168.

71 625 230 691 Hadrian
245 625 308 690 IV
321 625 471 708 heslc'c'tc'gt
491 627 564 690 dem
586 627 666 690 Abte
687 629 783 712 Hugo
804 653 864 695 von
888 633 1018 714 Rcffcno
1041 636 1100 714 (D.
1128 635 1280 712 Cortona)
1308 637 1362 700 die
1385 636 1622 703 Bese'tethrimcr
1642 640 1746 702 seines

449 713 602 792 Klostees‚
618 717 751 782 welches
766 741 804 782 er
818 722 852 785 irc
867 723 1097 806 apostolischen
1112 723 1234 789 Schutz
1249 723 1373 790 nzrnmt.

676 853 762 914 1157
776 853 873 918 Mdre
888 858 944 920 28.
986 857 1138 921 lernau

234 985 401 1048 Adrianus
417 986 601 1067 episcopus,
618 1006 729 1049 servus
743 1009 909 1052 servorum
927 991 988 1067 dei,
1005 991 1125 1055 dilecto
1142 991 1210 1055 filio
1222 994 1356 1075 Hugoni
1376 991 1412 1079 a),
1429 995 1541 1057 abbati
1558 995 1744 1058 monasterii

71 1074 172 1154 beate
189 1075 294 1137 Marie
317 1085 350 1138 et
365 1075 468 1136 sancti
486 1071 679 1139 Christosori
696 1076 738 1139 de
752 1078 888 1155 Rafena,
912 1081 1046 1162 eiusque
1065 1083 1306 1145 successoribus
1329 1084 1486 1146 canonice
1501 1084 1744 1159 substituendis,

70 1173 253 1226 1ΝΡΡΜ.-
290 1163 385 1227 Iustis
401 1163 626 1246 religiosorum
642 1165 810 1229 desideriis
826 1169 1009 1232 consentire
1026 1190 1064 1232 ac
1081 1171 1328 1234 rationabilibus
1346 1192 1458 1234 eorum
1470 1172 1745 1254 postulationibus

70 1252 253 1315 clementer
283 1272 433 1328 annuere,
467 1253 648 1335 apostolice
671 1253 767 1331 sedis,
800 1257 860 1333 cui,
893 1257 1050 1340 largiente
1080 1258 1229 1336 domino,
1262 1262 1467 1336 deservimus,
1492 1263 1667 1324 auctoritas
1687 1258 1692 1344 Ι
1712 1270 1746 1323 et

70 1340 215 1425 fraterne
239 1343 381 1405 caritatis
405 1343 511 1405 unitas
535 1362 595 1405 nos
618 1343 773 1406 hortatur.
820 1344 991 1426 Quocirca,
1024 1347 1141 1411 dilecte
1170 1350 1203 1410 in
1224 1349 1359 1412 domino
1383 1349 1437 1426 fili,
1460 1351 1559 1432 Hugo
1579 1347 1606 1434 a)
1630 1350 1743 1424 abbas,

69 1432 136 1493 tuis
168 1433 260 1494 iustis
291 1432 506 1512 petitionibus
537 1438 632 1513 grato
664 1445 893 1497 concurrentes
922 1456 1071 1507 assensu.
1104 1437 1200 1523 beate
1224 1439 1325 1522 Marie
1356 1445 1389 1502 et
1417 1440 1520 1501 sancti
1552 1438 1744 1502 Christolori

69 1520 256 1596 ecclesiam,
289 1521 339 1583 cui
373 1520 436 1583 deo
464 1533 595 1584 auctore
618 1541 749 1602 preesse
772 1521 959 1600 dinosceris,
991 1527 1033 1588 ad
1064 1528 1234 1608 exemplar
1265 1526 1352 1612 bone
1384 1528 1541 1612 memorie
1563 1528 1743 1591 innocentii

70 1629 163 1691 pape
181 1607 214 1692 ¹),
247 1611 488 1691 predecessoris
520 1611 638 1686 nostri,
668 1611 729 1672 sub
763 1611 851 1674 beati
883 1614 968 1677 Petri
999 1625 1033 1678 et
1062 1626 1174 1678 nostra
1204 1617 1408 1697 protectione
1437 1617 1630 1698 suscipimus
1656 1613 1682 1702 Ἰ
1713 1627 1745 1678 et

67 1700 235 1780 presentis
258 1699 369 1780 scripti
393 1699 563 1781 privilegio
587 1701 834 1762 communimus.
880 1698 1077 1780 Statuentes,
1102 1716 1137 1767 ut
1160 1725 1382 1787 quascumque
1404 1706 1637 1787 possessiones,
1669 1725 1744 1786 que·

69 1807 216 1869 cumque
239 1788 329 1851 bona
351 1787 467 1851 eadem
491 1787 629 1851 ecclesia
651 1789 684 1850 in
708 1791 942 1870 presentiarum
966 1793 1048 1855 iuste
1068 1803 1101 1856 et
1117 1795 1274 1856 canonice
1299 1795 1447 1875 possidet
1471 1804 1526 1857 aut
1549 1793 1745 1858 infuturum

69 1877 288 1940 concessione
318 1876 526 1958 pontificum,
559 1877 730 1959 largitione
761 1897 873 1960 regum
897 1881 949 1943 vel
980 1882 1178 1963 principum,
1209 1883 1377 1946 oblatione
1407 1882 1551 1946 fidelium
1587 1903 1644 1946 seu
1675 1882 1745 1945 aliis

69 1966 164 2028 iustis
199 1965 307 2028 modis
336 1967 400 2030 deo
430 1965 576 2048 propitio
615 1967 737 2047 poterit
759 1968 910 2050 adipisci,
942 1969 1036 2032 firma
1065 1971 1125 2033 tibi
1150 1972 1278 2053 tuisque
1300 1973 1541 2035 successoribus
1564 1981 1598 2035 et
1619 1971 1746 2035 illibata

68 2065 298 2137 permaneant
350 2057 386 2119 In
426 2055 544 2136 quibus
582 2054 642 2117 hec
674 2057 816 2138 propriis
847 2057 998 2122 duximus
1031 2060 1247 2142 exprimenda
1275 2061 1459 2124 vocabulis:
1503 2071 1627 2124 curtem
1657 2060 1745 2124 vide-

70 2145 149 2207 licet
191 2144 234 2206 de
273 2155 386 2208 monte
417 2143 575 2207 Bemardi
617 2163 690 2209 cum
728 2146 880 2222 ecclesia,
920 2157 1044 2211 curtem
1083 2149 1125 2212 de
1164 2160 1275 2212 monte
1311 2150 1443 2213 Martini
1486 2169 1560 2212 cum
1600 2149 1745 2213 ecclesiis

69 2233 177 2296 sancti
211 2233 341 2296 Martini
375 2243 408 2296 et
437 2234 541 2296 sancti
564 2233 708 2309 Andree,
739 2243 862 2297 curtem
895 2235 937 2299 de
961 2236 1128 2300 Malamno
1161 2259 1235 2301 cum
1265 2238 1409 2314 ecclesia,
1440 2239 1611 2302 ecclesiam
1640 2239 1743 2301 sancti

68 2321 172 2386 Blasii
198 2323 241 2386 de
263 2321 372 2386 Ilceno
391 2320 429 2406 b),
453 2321 625 2386 ecclesiam
646 2333 758 2407 sancte
780 2323 883 2409 Marie
907 2324 950 2388 de
972 2335 1086 2389 monte
1103 2325 1273 2402 Camerini,
1298 2327 1468 2390 ecclesiam
1491 2329 1594 2391 sancti
1609 2325 1745 2390 Andree

69 2413 111 2475 de
151 2422 267 2476 monte
296 2409 437 2494 Agutiri.
491 2412 707 2476 Decernimus
748 2433 842 2495 ergo,
882 2423 918 2476 ut
948 2415 1026 2478 nulli
1058 2417 1193 2479 omnino
1225 2416 1396 2479 hominum
1433 2416 1544 2492 liceat,
1582 2417 1745 2498 prefatam

69 2501 248 2564 ecclesiam
280 2549 287 2562 .
320 2549 326 2563 .
359 2548 366 2562 .
396 2501 507 2565 usibus
544 2501 743 2564 omnimodis
781 2502 966 2582 profutura,
1003 2504 1094 2567 salva
1130 2505 1218 2567 sedis
1258 2505 1440 2588 apostolice
1480 2506 1671 2569 auctoritate
1712 2514 1745 2567 et

69 2591 243 2654 diocesani
272 2591 420 2673 episcopi
451 2589 611 2653 canonica
640 2591 770 2653 iustitia
815 2590 850 2655 Si
875 2612 940 2673 qua
969 2593 1094 2674 igitur.
1120 2641 1127 2658 .
1152 2643 1158 2656 .
1185 2593 1318 2658 Cunctis
1340 2603 1450 2658 autem
1535 2642 1542 2658 .
1566 2593 1742 2659 inveniant.

67 2677 149 2742 Am.
174 2678 253 2744 Am.
276 2677 354 2743 Am.

287 2762 342 2852 (R)
364 2769 437 2850 Ego
461 2767 627 2832 Adrianus
651 2768 811 2853 catholice
834 2770 970 2856 ecclesie
994 2770 1172 2853 episcopus
1194 2792 1235 2834 ss.
1258 2767 1320 2856 (M)

287 2890 331 2901 -
353 2854 373 2939 Ι
396 2857 470 2938 Ego
494 2855 684 2920 Mansredus
707 2858 867 2940 presbiter
889 2859 1061 2923 cardinalis
1085 2860 1133 2922 tit
1155 2870 1268 2945 sancte
1290 2859 1410 2942 Savine
1432 2881 1473 2924 ss.

286 2944 307 3025 †
330 2945 403 3028 Ego
426 2946 523 3009 lulius
546 2947 707 3028 presbiter
730 2947 903 3011 cardinalis
926 2949 973 3012 tit
997 2949 1100 3012 sancti
1124 2949 1268 3013 Marcelli
1291 2970 1333 3013 ss.
1356 2946 1404 3034 (3)

286 3035 403 3117 †Ego
427 3032 590 3099 Gerardus
621 3035 783 3118 presbiter
814 3037 984 3101 cardinalis
1015 3038 1062 3101 tit.
1085 3039 1188 3102 sancti
1212 3039 1372 3121 Stephani
1397 3039 1430 3101 in
1453 3037 1544 3101 Celio
1568 3047 1681 3100 monte
1702 3057 1743 3099 ss.

286 3125 307 3202 Ι
331 3124 404 3206 Ego
416 3124 579 3188 lohannes
590 3125 752 3206 presbiter
767 3127 940 3189 cardinalis
952 3137 1140 3190 sanctorum
1152 3127 1306 3190 Iohannis
1319 3139 1351 3190 et
1363 3127 1452 3190 Pauli
1465 3129 1512 3191 tit.
1525 3125 1689 3189 Pamachii
1702 3147 1743 3188 ss.

286 3213 307 3295 †
329 3214 402 3295 Ego
426 3214 588 3277 Iohannes
610 3215 772 3296 presbiter
795 3215 967 3279 cardinalis
990 3217 1038 3279 tit.
1061 3227 1249 3280 sanctorum
1271 3217 1417 3281 Silvestri
1441 3225 1474 3280 et
1497 3215 1629 3279 Martini
1652 3235 1692 3280 ss

288 3337 324 3348 -
353 3299 373 3384 †
396 3303 470 3386 Ego
494 3303 595 3368 Oddo
619 3303 776 3366 diaconus
798 3305 971 3368 cardinalis
992 3306 1097 3369 sancti
1121 3305 1253 3387 Georgii
1277 3307 1320 3369 ad
1335 3305 1456 3370 Velum
1478 3325 1610 3368 aureum
1633 3325 1674 3366 ss.
1696 3299 1743 3388 (5)

233 3391 310 3454 Dat.
326 3392 485 3466 Laterani,
507 3412 568 3474 per
590 3412 723 3454 manum
738 3393 890 3470 Rolandi,
914 3405 1026 3457 sancte
1048 3396 1199 3458 Romane
1222 3395 1357 3459 ecclesie
1381 3395 1551 3478 presbiteri
1571 3393 1743 3456 cardinalis

67 3489 102 3542 et
126 3479 322 3542 cancellarii.
359 3493 383 3540 v
406 3481 459 3544 Kl.
480 3481 586 3563 April.
624 3481 807 3545 Indictione
829 3494 861 3542 v.
900 3482 1135 3548 lucarnationis
1159 3479 1348 3570 [domi]nice
1371 3504 1457 3546 anno
1482 3495 1614 3547 MCLVII.
1659 3483 1741 3548 Pou-

67 3568 213 3632 tificatus
235 3590 315 3633 vero
340 3569 452 3633 domni
476 3569 636 3634 ADRIANI
659 3570 719 3634 ΡΡ.
742 3584 794 3634 1111
817 3591 904 3634 anno
928 3572 1035 3636 tertio.
1057 3607 1100 3618 -

235 3683 279 3733 Or.
297 3683 377 3750 (Dc'pl.
397 3685 476 3734 Bacca
493 3685 521 3734 di
536 3685 642 3750 chi'enc,
664 3683 734 3749 Perg.
754 3681 833 3732 More?
854 3685 945 3734 Oliucto
961 3684 1106 3751 Maggr'cre),
1129 3685 1162 3734 im
1179 3684 1294 3734 Archivc'o
1310 3685 1338 3736 di
1354 3687 1422 3736 Statu
1438 3703 1468 3736 ru
1486 3686 1567 3737 Sicera.
1782 3725 1784 3731 .

232 3755 303 3821 Perg.
321 3755 381 3817 rial,
405 3757 441 3806 br.
459 3757 544 3816 0‚655‚
569 3759 629 3822 lang
645 3755 733 3815 0,(136,
758 3763 832 3805 urum
850 3773 869 3806 c.
889 3759 967 3816 0,031
995 3759 1183 3823 umgcschlcger,
1208 3757 1286 3806 durch
1304 3762 1320 3807 2
1340 3758 1433 3808 L'r'cher
1451 3758 1509 3824 geht
1533 3759 1571 3808 die
1593 3761 1741 3828 starh‘a'digc

65 3826 253 3887 Seidccuschuur,
277 3827 333 3877 Blec'
352 3829 474 3888 verlcren,
495 3825 603 3894 Fallung
627 3829 671 3878 der
687 3826 785 3875 Bullen.
821 3827 957 3894 Ringhreuc
980 3830 1036 3878 und
1060 3828 1225 3893 Unterschn'se
1242 3829 1331 3895 gleiche
1363 3829 1455 3889 Dinte,·
1482 3830 1519 3879 dic
1542 3830 1586 3880 der
1606 3832 1743 3900 Uruchn'ft

65 3899 198 3962 mespricht
208 3901 283 3964 jener
299 3899 343 3947 der
362 3899 559 3965 Datimugseedc,
586 3899 673 3948 welche
690 3913 737 3947 crore
754 3898 799 3947 der
820 3899 861 3948 der
876 3899 1058 3966 Haupthh'rpers
1074 3899 1230 3958 versche'cden,
1254 3903 1310 3949 und
1324 3901 1368 3950 der
1383 3901 1427 3950 der
1443 3902 1645 3969 nachgetrcgenen
1662 3907 1741 3956 beiden

66 3971 150 4036 largo.
192 3971 215 4020 R
242 3970 352 4020 Rolcuds
377 3973 403 4020 he
429 3972 473 4021 der
498 3971 626 4037 Dctiruug
654 3970 699 4019 urie
719 3985 785 4036 gana
811 3970 916 4021 dunhler
941 3971 1015 4022 Dicte
1037 3972 1155 4038 gemacht.
1201 3971 1249 4020 Die
1277 3972 1457 4040 Zeugenfimcre
1490 3974 1548 4022 sc'crd
1578 3975 1623 4024 mit
1652 3979 1743 4028 blasser

65 4043 145 4092 Dr'nee
160 4042 317 4108 geschrc'eben,
336 4043 460 4092 theilrccr're
476 4041 555 4092 richer
570 4059 618 4091 von
636 4042 680 4092 der
696 4041 831 4090 ndmh'cherr
848 4041 933 4092 Haud.
971 4045 1026 4093 Der
1044 4045 1170 4110 Presbsder
1185 4042 1310 4110 Mansred
1329 4045 1390 4094 steht
1406 4045 1432 4094 r'rr
1455 4045 1500 4094 der
1515 4045 1587 4094 Haec
1603 4047 1648 4098 der
1660 4053 1740 4114 papst.

63 4113 144 4162 lichen
166 4114 338 4180 Umerschnfl,
364 4115 474 4180 efferebar
496 4115 553 4164 weil
578 4114 668 4180 Julius
693 4113 765 4162 schcm
790 4113 936 4180 crugefu'hrt
958 4132 1013 4164 war
1038 4117 1093 4166 und
1115 4116 1174 4166 iiber
1196 4115 1281 4165 diesem
1304 4116 1358 4166 heire
1383 4117 1488 4166 crederer
1504 4119 1586 4166 Rauen
1596 4119 1654 4184 srer'
1674 4121 1739 4173 blicb.

65 4185 128 4250 Ares
137 4185 386 4307 ‘idlc'rmrueiteerrgllbelle
411 4193 485 4236 unecr
504 4185 592 4253 Julius
615 4202 648 4234 au
672 4186 715 4234 der
732 4185 789 4253 Ego
809 4185 880 4238 steca
903 4189 994 4253 Rasur,
1019 4203 1043 4238 cs
1066 4189 1132 4238 sollu
1155 4187 1211 4238 dore
1227 4187 1294 4238 wohl
1306 4187 1344 4240 ein
1363 4187 1441 4256 Zcrege
1464 4189 1612 4258 ciergeerngerc
1636 4194 1738 4259 werden,

65 4273 120 4308 eccas
223 4263 271 4307 unt
319 4257 360 4309 c'c.

812 4562 880 4637 Nr.
909 4566 995 4639 169.

67 4706 227 4774 Hadrian
243 4709 267 4772 l
274 4705 305 4772 V
312 4709 478 4794 empfhhlt
491 4710 564 4774 dem
579 4710 729 4796 Herzcgc
744 4711 835 4792 Wclf
845 4709 894 4775 Vl
904 4711 966 4775 das
979 4709 1109 4775 Klostcr
1122 4711 1190 4777 San
1205 4711 1292 4777 Siste
1306 4711 1348 4777 dc'
1357 4713 1517 4779 Pe'acenza
1531 4715 1601 4780 und
1613 4719 1739 4784 ersucht

339 4795 406 4879 ihu,
428 4819 462 4862 es
475 4800 585 4864 wedcr
597 4800 701 4864 selber
714 4801 790 4865 noch
805 4800 908 4864 durch
922 4803 1010 4864 scine
1025 4801 1122 4864 Lcutc
1135 4822 1176 4866 eu
1195 4801 1411 4885 heunruhc'gen
1428 4803 1467 4882 ⁸).

681 4936 766 4998 1157
787 4934 864 4998 Mai
876 4936 928 4998 13.
964 4934 1114 4998 Lateran.

227 5081 391 5148 Adrianus
414 5083 597 5166 episcopus,
625 5105 738 5148 servus
768 5104 936 5148 servorum
960 5085 1030 5160 dei,
1061 5085 1182 5149 dilecto
1214 5085 1247 5148 in
1270 5083 1401 5150 Christo
1431 5087 1513 5164 filio,
1542 5089 1643 5154 nobili
1666 5093 1737 5156 viro

65 5170 140 5233 duci
165 5169 315 5256 .W(els0)
330 5171 365 5257 ⁴),
397 5171 534 5236 salutem
565 5181 599 5238 et
621 5174 836 5258 apostolicam
869 5174 1140 5238 benedictionem.
1161 5177 1166 5256 Ι
1186 5173 1422 5240 Monasterium
1453 5178 1555 5242 sancti
1583 5177 1661 5244 Sisti
1693 5181 1736 5245 de

64 5259 237 5337 Placentia,
261 5263 345 5324 sicut
367 5262 527 5326 autentica
551 5283 664 5345 regum
688 5263 860 5346 privilegia
883 5263 979 5327 bullis
1004 5265 1109 5328 aureis
1132 5265 1284 5347 insignita
1303 5261 1309 5352 Ι
1328 5266 1504 5346 declarant,
1526 5288 1546 5332 a
1569 5267 1736 5335 catholicis

66 5409 209 5418 —n-——aae--o
217 5407 489 5420 -----.-ι.-ι-,-ι“-..ιι--,...ο-ν4

225 5472 251 5532 a)
271 5471 369 5521 stura
390 5471 516 5523 erumna
540 5474 585 5523 mar
607 5447 651 5524 rer
673 5475 805 5526 runcum
827 5475 903 5525 cau
926 5477 969 5526 cer
991 5475 1183 5542 numngseu
1205 5475 1353 5544 anguragm
1378 5495 1407 5527 m
1430 5478 1479 5529 sea
1585 5480 1612 5544 1)
1631 5481 1643 5531 1
1659 5482 1736 5532 ncnc

65 5543 150 5592 Rarrcr
165 5541 212 5590 mit
228 5543 332 5592 auderer
348 5543 423 5594 Dr'uee
439 5545 577 5611 hergeseellt.
597 5585 624 5590 --
669 5552 705 5611 .1)
727 5547 786 5597 Urk.
804 5563 859 5598 vom
878 5552 895 5597 4
915 5547 990 5598 Man
1008 5550 1084 5597 1140.
1157 5551 1183 5612 2)
1204 5549 1319 5598 Innocens
1338 5550 1370 5599 ll
1389 5551 1453 5600 hatte
1470 5549 1507 5601 die
1525 5551 1594 5602 Alter·
1605 5569 1655 5618 ger
1671 5554 1739 5603 nicht

65 5613 90 5662 r'e
107 5613 278 5675 ahstulischcn
295 5615 380 5664 Schretr
393 5631 541 5682 genommen.
633 5630 660 5681 3)
686 5619 764 5686 Vergl.
781 5619 918 5686 Repmm'o
935 5619 1032 5686 diplom.
1055 5619 1190 5671 Cremonese
1202 5627 1231 5688 p.
1249 5624 1283 5669 41
1307 5621 1354 5674 Ne.
1373 5621 1442 5681 33&
1477 5621 1557 5690 Jaffe',
1582 5626 1640 5691 Reg.
1660 5627 1736 5679 7119.

65 5698 91 5748 4)
116 5685 185 5752 Wcls
204 5685 244 5735 Vl
256 5685 299 5736 sele
318 5689 383 5737 1153
401 5687 446 5737 mle
467 5689 567 5740 Trescien
584 5689 682 5742 belchae.

1472 5769 1527 5840 23*
