<?xml version="1.0" encoding="UTF-8"?>
<!DOCTYPE html PUBLIC "-//W3C//DTD XHTML 1.0 Transitional//EN"
    "http://www.w3.org/TR/xhtml1/DTD/xhtml1-transitional.dtd">
<html xmlns="http://www.w3.org/1999/xhtml" xml:lang="en" lang="en">
 <head>
  <title>
</title>
<meta http-equiv="Content-Type" content="text/html;charset=utf-8" />
  <meta name='ocr-system' content='tesseract 3.04.00' />
  <meta name='ocr-capabilities' content='ocr_page ocr_carea ocr_par ocr_line ocrx_word'/>
</head>
<body>
  <div class='ocr_page' id='page_1' title='image "./actapontificumr00hargoog_0192.png"; bbox 0 0 4126 6356; ppageno 0'>
   <div class='ocr_carea' id='block_1_1' title="bbox 334 311 395 374">
    <p class='ocr_par' dir='ltr' id='par_1_1' title="bbox 334 311 395 374">
     <span class='ocr_line' id='line_1_1' title="bbox 334 311 395 374; baseline 0 -1"><span class='ocrx_word' id='word_1_1' title='bbox 334 311 395 374; x_wconf 89' lang='lat'>180</span> 
     </span>
    </p>
   </div>
   <div class='ocr_carea' id='block_1_2' title="bbox 329 494 2000 850">
    <p class='ocr_par' dir='ltr' id='par_1_2' title="bbox 329 494 2000 850">
     <span class='ocr_line' id='line_1_2' title="bbox 329 494 1998 584; baseline 0.004 -26"><span class='ocrx_word' id='word_1_2' title='bbox 329 497 550 560; x_wconf 89' lang='lat' dir='ltr'>Romanorum</span> <span class='ocrx_word' id='word_1_3' title='bbox 574 496 826 579; x_wconf 86' lang='lat' dir='ltr'>imperatoribus</span> <span class='ocrx_word' id='word_1_4' title='bbox 850 495 992 558; x_wconf 87' lang='lat' dir='ltr'>maxime</span> <span class='ocrx_word' id='word_1_5' title='bbox 1015 515 1034 556; x_wconf 88' lang='lat' dir='ltr'>a</span> <span class='ocrx_word' id='word_1_6' title='bbox 1056 494 1207 558; x_wconf 90' lang='lat' dir='ltr'>Lodoico</span> <span class='ocrx_word' id='word_1_7' title='bbox 1224 503 1362 578; x_wconf 89' lang='lat' dir='ltr'>augusto</span> <span class='ocrx_word' id='word_1_8' title='bbox 1384 503 1416 559; x_wconf 89' lang='lat' dir='ltr'>et</span> <span class='ocrx_word' id='word_1_9' title='bbox 1433 496 1499 559; x_wconf 91' lang='lat' dir='ltr'>eius</span> <span class='ocrx_word' id='word_1_10' title='bbox 1515 499 1654 581; x_wconf 91' lang='lat' dir='ltr'>coniuge</span> <span class='ocrx_word' id='word_1_11' title='bbox 1670 498 1873 583; x_wconf 88' lang='lat' dir='ltr'>Ingelberga,</span> <span class='ocrx_word' id='word_1_12' title='bbox 1898 502 1998 584; x_wconf 89' lang='lat' dir='ltr'>ipsius</span> 
     </span>
     <span class='ocr_line' id='line_1_3' title="bbox 329 583 1998 668; baseline 0.002 -19"><span class='ocrx_word' id='word_1_13' title='bbox 329 586 393 650; x_wconf 90' lang='lat' dir='ltr'>loci</span> <span class='ocrx_word' id='word_1_14' title='bbox 417 585 605 660; x_wconf 80' lang='lat' dir='ltr'>fundatrice,</span> <span class='ocrx_word' id='word_1_15' title='bbox 634 585 729 648; x_wconf 90' lang='lat' dir='ltr'>valde</span> <span class='ocrx_word' id='word_1_16' title='bbox 757 586 913 648; x_wconf 88' lang='lat' dir='ltr'>dilectum</span> <span class='ocrx_word' id='word_1_17' title='bbox 945 593 995 647; x_wconf 89' lang='lat' dir='ltr'>est</span> <span class='ocrx_word' id='word_1_18' title='bbox 1025 592 1058 646; x_wconf 91' lang='lat' dir='ltr'>et</span> <span class='ocrx_word' id='word_1_19' title='bbox 1079 583 1169 666; x_wconf 89' lang='lat' dir='ltr'>larga</span> <span class='ocrx_word' id='word_1_20' title='bbox 1199 585 1445 666; x_wconf 89' lang='lat' dir='ltr'>possessionum</span> <span class='ocrx_word' id='word_1_21' title='bbox 1475 605 1604 649; x_wconf 90' lang='lat' dir='ltr'>suarum</span> <span class='ocrx_word' id='word_1_22' title='bbox 1637 586 1814 652; x_wconf 86' lang='lat' dir='ltr'>donatione</span> <span class='ocrx_word' id='word_1_23' title='bbox 1838 591 1998 668; x_wconf 81' lang='lat' dir='ltr'>ditatum3</span> 
     </span>
     <span class='ocr_line' id='line_1_4' title="bbox 329 672 2000 761; baseline 0.003 -23"><span class='ocrx_word' id='word_1_24' title='bbox 329 675 413 738; x_wconf 90' lang='lat' dir='ltr'>sicut</span> <span class='ocrx_word' id='word_1_25' title='bbox 444 675 531 737; x_wconf 92' lang='lat' dir='ltr'>enim</span> <span class='ocrx_word' id='word_1_26' title='bbox 563 694 606 737; x_wconf 83' lang='lat' dir='ltr'>ex</span> <span class='ocrx_word' id='word_1_27' title='bbox 638 674 814 757; x_wconf 90' lang='lat' dir='ltr'>privilegiis</span> <span class='ocrx_word' id='word_1_28' title='bbox 844 675 945 756; x_wconf 90' lang='lat' dir='ltr'>ipsius</span> <span class='ocrx_word' id='word_1_29' title='bbox 978 675 1201 756; x_wconf 83' lang='lat' dir='ltr'>precepimus,</span> <span class='ocrx_word' id='word_1_30' title='bbox 1232 681 1339 737; x_wconf 88' lang='lat' dir='ltr'>curtes</span> <span class='ocrx_word' id='word_1_31' title='bbox 1369 674 1412 736; x_wconf 92' lang='lat' dir='ltr'>de</span> <span class='ocrx_word' id='word_1_32' title='bbox 1440 672 1666 738; x_wconf 85' lang='lat' dir='ltr'>Guardastalla</span> <span class='ocrx_word' id='word_1_33' title='bbox 1685 673 1708 761; x_wconf 90' lang='lat'>¹)</span> <span class='ocrx_word' id='word_1_34' title='bbox 1741 685 1774 740; x_wconf 90' lang='lat' dir='ltr'>et</span> <span class='ocrx_word' id='word_1_35' title='bbox 1796 677 1936 742; x_wconf 88' lang='lat' dir='ltr'>Liciaria</span> <span class='ocrx_word' id='word_1_36' title='bbox 1967 689 2000 743; x_wconf 91' lang='lat' dir='ltr'>et</span> 
     </span>
     <span class='ocr_line' id='line_1_5' title="bbox 329 761 1999 850; baseline 0.002 -23"><span class='ocrx_word' id='word_1_37' title='bbox 329 763 664 845; x_wconf 86' lang='lat' dir='ltr'>aliaspossessiones,</span> <span class='ocrx_word' id='word_1_38' title='bbox 688 764 749 846; x_wconf 92' lang='lat' dir='ltr'>ipsi</span> <span class='ocrx_word' id='word_1_39' title='bbox 772 763 969 826; x_wconf 92' lang='lat' dir='ltr'>monasterio</span> <span class='ocrx_word' id='word_1_40' title='bbox 991 761 1093 824; x_wconf 89' lang='lat' dir='ltr'>libere</span> <span class='ocrx_word' id='word_1_41' title='bbox 1115 769 1150 825; x_wconf 88' lang='lat' dir='ltr'>et</span> <span class='ocrx_word' id='word_1_42' title='bbox 1172 763 1363 826; x_wconf 85' lang='lat' dir='ltr'>inconcusse</span> <span class='ocrx_word' id='word_1_43' title='bbox 1386 763 1612 844; x_wconf 89' lang='lat' dir='ltr'>possidendas,</span> <span class='ocrx_word' id='word_1_44' title='bbox 1644 767 1676 827; x_wconf 91' lang='lat' dir='ltr'>in</span> <span class='ocrx_word' id='word_1_45' title='bbox 1700 776 1896 850; x_wconf 90' lang='lat' dir='ltr'>perpetuum</span> <span class='ocrx_word' id='word_1_46' title='bbox 1920 789 1999 832; x_wconf 93' lang='lat' dir='ltr'>con·</span> 
     </span>
    </p>
   </div>
   <div class='ocr_carea' id='block_1_3' title="bbox 328 852 2002 1471">
    <p class='ocr_par' dir='ltr' id='par_1_3' title="bbox 328 852 2002 1471">
     <span class='ocr_line' id='line_1_6' title="bbox 330 852 1999 938; baseline 0.004 -23"><span class='ocrx_word' id='word_1_47' title='bbox 330 860 502 916; x_wconf 89' lang='lat' dir='ltr'>cesserunt.</span> <span class='ocrx_word' id='word_1_48' title='bbox 541 852 584 915; x_wconf 91' lang='lat' dir='ltr'>Et</span> <span class='ocrx_word' id='word_1_49' title='bbox 607 853 762 934; x_wconf 92' lang='lat' dir='ltr'>quoniam</span> <span class='ocrx_word' id='word_1_50' title='bbox 788 853 880 916; x_wconf 91' lang='lat' dir='ltr'>locus</span> <span class='ocrx_word' id='word_1_51' title='bbox 901 853 973 935; x_wconf 90' lang='lat' dir='ltr'>ipse</span> <span class='ocrx_word' id='word_1_52' title='bbox 988 871 1061 914; x_wconf 90' lang='lat' dir='ltr'>curn</span> <span class='ocrx_word' id='word_1_53' title='bbox 1079 852 1282 932; x_wconf 88' lang='lat' dir='ltr'>pertinentiis</span> <span class='ocrx_word' id='word_1_54' title='bbox 1296 854 1362 914; x_wconf 91' lang='lat' dir='ltr'>suis</span> <span class='ocrx_word' id='word_1_55' title='bbox 1377 852 1419 914; x_wconf 89' lang='lat' dir='ltr'>ad</span> <span class='ocrx_word' id='word_1_56' title='bbox 1437 852 1485 915; x_wconf 92' lang='lat' dir='ltr'>ius</span> <span class='ocrx_word' id='word_1_57' title='bbox 1501 852 1589 915; x_wconf 89' lang='lat' dir='ltr'>beati</span> <span class='ocrx_word' id='word_1_58' title='bbox 1606 854 1691 917; x_wconf 91' lang='lat' dir='ltr'>Petri</span> <span class='ocrx_word' id='word_1_59' title='bbox 1709 864 1742 917; x_wconf 92' lang='lat' dir='ltr'>et</span> <span class='ocrx_word' id='word_1_60' title='bbox 1756 860 1999 938; x_wconf 87' lang='lat' dir='ltr'>protectionem</span> 
     </span>
     <span class='ocr_line' id='line_1_7' title="bbox 329 940 2000 1028; baseline 0.003 -25"><span class='ocrx_word' id='word_1_61' title='bbox 329 949 473 1004; x_wconf 89' lang='lat' dir='ltr'>nostram</span> <span class='ocrx_word' id='word_1_62' title='bbox 497 941 682 1024; x_wconf 86' lang='lat' dir='ltr'>specialiter</span> <span class='ocrx_word' id='word_1_63' title='bbox 703 949 840 1025; x_wconf 89' lang='lat' dir='ltr'>spectat,</span> <span class='ocrx_word' id='word_1_64' title='bbox 870 948 939 1004; x_wconf 90' lang='lat' dir='ltr'>tam</span> <span class='ocrx_word' id='word_1_65' title='bbox 961 960 1021 1022; x_wconf 89' lang='lat' dir='ltr'>per</span> <span class='ocrx_word' id='word_1_66' title='bbox 1044 960 1113 1016; x_wconf 88' lang='lat' dir='ltr'>nos,</span> <span class='ocrx_word' id='word_1_67' title='bbox 1143 959 1242 1020; x_wconf 90' lang='lat' dir='ltr'>quam</span> <span class='ocrx_word' id='word_1_68' title='bbox 1265 961 1325 1024; x_wconf 92' lang='lat' dir='ltr'>per</span> <span class='ocrx_word' id='word_1_69' title='bbox 1347 940 1483 1026; x_wconf 74' lang='lat' dir='ltr'>ecclesie</span> <span class='ocrx_word' id='word_1_70' title='bbox 1507 941 1647 1005; x_wconf 91' lang='lat' dir='ltr'>devotos</span> <span class='ocrx_word' id='word_1_71' title='bbox 1670 943 1753 1008; x_wconf 91' lang='lat' dir='ltr'>filios</span> <span class='ocrx_word' id='word_1_72' title='bbox 1777 948 1935 1028; x_wconf 86' lang='lat' dir='ltr'>cogimur,</span> <span class='ocrx_word' id='word_1_73' title='bbox 1967 949 2000 1009; x_wconf 91' lang='lat' dir='ltr'>in</span> 
     </span>
     <span class='ocr_line' id='line_1_8' title="bbox 328 1029 2001 1113; baseline 0.004 -21"><span class='ocrx_word' id='word_1_74' title='bbox 328 1033 395 1093; x_wconf 90' lang='lat' dir='ltr'>suis</span> <span class='ocrx_word' id='word_1_75' title='bbox 419 1029 694 1111; x_wconf 81' lang='lat' dir='ltr'>oportunitatibus</span> <span class='ocrx_word' id='word_1_76' title='bbox 716 1030 889 1094; x_wconf 87' lang='lat' dir='ltr'>salubriter</span> <span class='ocrx_word' id='word_1_77' title='bbox 912 1030 1095 1112; x_wconf 90' lang='lat' dir='ltr'>providere.</span> <span class='ocrx_word' id='word_1_78' title='bbox 1134 1029 1187 1092; x_wconf 92' lang='lat' dir='ltr'>De</span> <span class='ocrx_word' id='word_1_79' title='bbox 1210 1039 1265 1092; x_wconf 91' lang='lat' dir='ltr'>tua</span> <span class='ocrx_word' id='word_1_80' title='bbox 1282 1031 1392 1112; x_wconf 90' lang='lat' dir='ltr'>itaque</span> <span class='ocrx_word' id='word_1_81' title='bbox 1409 1029 1580 1093; x_wconf 91' lang='lat' dir='ltr'>nobilitate</span> <span class='ocrx_word' id='word_1_82' title='bbox 1595 1029 1768 1113; x_wconf 89' lang='lat' dir='ltr'>plurimum</span> <span class='ocrx_word' id='word_1_83' title='bbox 1785 1035 2001 1109; x_wconf 78' lang='lat' dir='ltr'>confidentes,</span> 
     </span>
     <span class='ocr_line' id='line_1_9' title="bbox 330 1118 2000 1202; baseline 0.002 -19"><span class='ocrx_word' id='word_1_84' title='bbox 330 1121 563 1183; x_wconf 91' lang='lat' dir='ltr'>monasterium</span> <span class='ocrx_word' id='word_1_85' title='bbox 596 1121 702 1201; x_wconf 91' lang='lat' dir='ltr'>ipsum</span> <span class='ocrx_word' id='word_1_86' title='bbox 734 1128 767 1182; x_wconf 92' lang='lat' dir='ltr'>et</span> <span class='ocrx_word' id='word_1_87' title='bbox 798 1121 1039 1202; x_wconf 89' lang='lat' dir='ltr'>possessiones,</span> <span class='ocrx_word' id='word_1_88' title='bbox 1073 1137 1137 1200; x_wconf 90' lang='lat' dir='ltr'>que</span> <span class='ocrx_word' id='word_1_89' title='bbox 1167 1119 1209 1181; x_wconf 93' lang='lat' dir='ltr'>ad</span> <span class='ocrx_word' id='word_1_90' title='bbox 1233 1118 1312 1183; x_wconf 91' lang='lat' dir='ltr'>illud</span> <span class='ocrx_word' id='word_1_91' title='bbox 1345 1121 1517 1201; x_wconf 87' lang='lat' dir='ltr'>pertinent,</span> <span class='ocrx_word' id='word_1_92' title='bbox 1548 1119 1727 1184; x_wconf 82' lang='lat' dir='ltr'>defensioni</span> <span class='ocrx_word' id='word_1_93' title='bbox 1759 1131 1816 1186; x_wconf 90' lang='lat' dir='ltr'>tue</span> <span class='ocrx_word' id='word_1_94' title='bbox 1845 1125 2000 1187; x_wconf 89' lang='lat' dir='ltr'>attentius</span> 
     </span>
     <span class='ocr_line' id='line_1_10' title="bbox 329 1207 2002 1290; baseline 0.002 -20"><span class='ocrx_word' id='word_1_95' title='bbox 329 1207 616 1284; x_wconf 90' lang='lat' dir='ltr'>commendamus,</span> <span class='ocrx_word' id='word_1_96' title='bbox 649 1219 818 1290; x_wconf 88' lang='lat' dir='ltr'>rogantes,</span> <span class='ocrx_word' id='word_1_97' title='bbox 849 1216 884 1271; x_wconf 92' lang='lat' dir='ltr'>ut</span> <span class='ocrx_word' id='word_1_98' title='bbox 913 1226 968 1270; x_wconf 89' lang='lat' dir='ltr'>eas</span> <span class='ocrx_word' id='word_1_99' title='bbox 998 1229 1059 1290; x_wconf 94' lang='lat' dir='ltr'>pro</span> <span class='ocrx_word' id='word_1_100' title='bbox 1089 1207 1177 1271; x_wconf 90' lang='lat' dir='ltr'>beati</span> <span class='ocrx_word' id='word_1_101' title='bbox 1200 1209 1286 1272; x_wconf 92' lang='lat' dir='ltr'>Petri</span> <span class='ocrx_word' id='word_1_102' title='bbox 1318 1219 1351 1271; x_wconf 89' lang='lat' dir='ltr'>et</span> <span class='ocrx_word' id='word_1_103' title='bbox 1382 1216 1493 1270; x_wconf 88' lang='lat' dir='ltr'>nostra</span> <span class='ocrx_word' id='word_1_104' title='bbox 1523 1213 1702 1274; x_wconf 86' lang='lat' dir='ltr'>reverentia</span> <span class='ocrx_word' id='word_1_105' title='bbox 1731 1221 1944 1276; x_wconf 86' lang='lat' dir='ltr'>manuteneas</span> <span class='ocrx_word' id='word_1_106' title='bbox 1968 1221 2002 1276; x_wconf 88' lang='lat' dir='ltr'>et</span> 
     </span>
     <span class='ocr_line' id='line_1_11' title="bbox 329 1296 2002 1385; baseline 0.003 -26"><span class='ocrx_word' id='word_1_107' title='bbox 329 1298 497 1372; x_wconf 83' lang='lat' dir='ltr'>delendas,</span> <span class='ocrx_word' id='word_1_108' title='bbox 528 1305 562 1360; x_wconf 90' lang='lat' dir='ltr'>et</span> <span class='ocrx_word' id='word_1_109' title='bbox 584 1297 703 1360; x_wconf 91' lang='lat' dir='ltr'>nullam</span> <span class='ocrx_word' id='word_1_110' title='bbox 728 1297 883 1362; x_wconf 87' lang='lat' dir='ltr'>lesionem</span> <span class='ocrx_word' id='word_1_111' title='bbox 907 1317 964 1360; x_wconf 90' lang='lat' dir='ltr'>seu</span> <span class='ocrx_word' id='word_1_112' title='bbox 987 1296 1177 1360; x_wconf 90' lang='lat' dir='ltr'>violentiam</span> <span class='ocrx_word' id='word_1_113' title='bbox 1209 1297 1315 1360; x_wconf 90' lang='lat' dir='ltr'>eidem</span> <span class='ocrx_word' id='word_1_114' title='bbox 1343 1299 1540 1360; x_wconf 90' lang='lat' dir='ltr'>monasterio</span> <span class='ocrx_word' id='word_1_115' title='bbox 1572 1298 1624 1361; x_wconf 92' lang='lat' dir='ltr'>vel</span> <span class='ocrx_word' id='word_1_116' title='bbox 1655 1301 1724 1361; x_wconf 89' lang='lat' dir='ltr'>eius</span> <span class='ocrx_word' id='word_1_117' title='bbox 1744 1297 1749 1385; x_wconf 88' lang='grc' dir='ltr'>Ι</span> <span class='ocrx_word' id='word_1_118' title='bbox 1769 1301 1851 1364; x_wconf 91' lang='lat' dir='ltr'>locis</span> <span class='ocrx_word' id='word_1_119' title='bbox 1881 1301 2002 1364; x_wconf 86' lang='lat' dir='ltr'>inferas</span> 
     </span>
     <span class='ocr_line' id='line_1_12' title="bbox 329 1384 1741 1471; baseline 0.003 -23"><span class='ocrx_word' id='word_1_120' title='bbox 329 1388 398 1450; x_wconf 92' lang='lat' dir='ltr'>sive</span> <span class='ocrx_word' id='word_1_121' title='bbox 421 1408 440 1450; x_wconf 99' lang='lat' dir='ltr'>a</span> <span class='ocrx_word' id='word_1_122' title='bbox 462 1386 524 1450; x_wconf 88' lang='lat' dir='ltr'>tuis</span> <span class='ocrx_word' id='word_1_123' title='bbox 547 1385 735 1450; x_wconf 92' lang='lat' dir='ltr'>hominibus</span> <span class='ocrx_word' id='word_1_124' title='bbox 759 1387 870 1452; x_wconf 85' lang='lat' dir='ltr'>inferri</span> <span class='ocrx_word' id='word_1_125' title='bbox 893 1388 1073 1470; x_wconf 88' lang='lat' dir='ltr'>permittas.</span> <span class='ocrx_word' id='word_1_126' title='bbox 1097 1421 1140 1432; x_wconf 91' lang='lat'>-</span> <span class='ocrx_word' id='word_1_127' title='bbox 1163 1385 1239 1449; x_wconf 93' lang='lat' dir='ltr'>Dat.</span> <span class='ocrx_word' id='word_1_128' title='bbox 1263 1386 1423 1462; x_wconf 91' lang='lat' dir='ltr'>Laterani,</span> <span class='ocrx_word' id='word_1_129' title='bbox 1446 1400 1484 1450; x_wconf 93' lang='lat'>111</span> <span class='ocrx_word' id='word_1_130' title='bbox 1502 1384 1531 1471; x_wconf 65' lang='grc' dir='ltr'>ι)</span> <span class='ocrx_word' id='word_1_131' title='bbox 1554 1386 1630 1448; x_wconf 90' lang='lat' dir='ltr'>Idus</span> <span class='ocrx_word' id='word_1_132' title='bbox 1654 1389 1741 1453; x_wconf 90' lang='lat' dir='ltr'>Maii.</span> 
     </span>
    </p>
   </div>
   <div class='ocr_carea' id='block_1_4' title="bbox 329 1497 2007 1840">
    <p class='ocr_par' dir='ltr' id='par_1_4' title="bbox 329 1497 2007 1840">
     <span class='ocr_line' id='line_1_13' title="bbox 492 1497 2004 1568; baseline 0.002 -18"><span class='ocrx_word' id='word_1_133' title='bbox 492 1499 535 1551; x_wconf 84' lang='lat' dir='ltr'>Or.</span> <span class='ocrx_word' id='word_1_134' title='bbox 554 1500 609 1548; x_wconf 84' lang='lat' dir='ltr'>und</span> <span class='ocrx_word' id='word_1_135' title='bbox 623 1501 748 1565; x_wconf 80' lang='lat' dir='ltr'>Abschn&#39;ft</span> <span class='ocrx_word' id='word_1_136' title='bbox 762 1515 817 1550; x_wconf 79' lang='lat' dir='ltr'>vom</span> <span class='ocrx_word' id='word_1_137' title='bbox 836 1500 907 1550; x_wconf 82' lang='lat' dir='ltr'>Ende</span> <span class='ocrx_word' id='word_1_138' title='bbox 924 1500 965 1549; x_wconf 85' lang='lat' dir='ltr'>des</span> <span class='ocrx_word' id='word_1_139' title='bbox 984 1503 1015 1550; x_wconf 73' lang='lat'>12</span> <span class='ocrx_word' id='word_1_140' title='bbox 1039 1500 1097 1549; x_wconf 81' lang='lat' dir='ltr'>oder</span> <span class='ocrx_word' id='word_1_141' title='bbox 1118 1515 1173 1549; x_wconf 78' lang='lat' dir='ltr'>vm</span> <span class='ocrx_word' id='word_1_142' title='bbox 1193 1502 1227 1550; x_wconf 80' lang='lat'>13</span> <span class='ocrx_word' id='word_1_143' title='bbox 1247 1499 1340 1565; x_wconf 78' lang='lat' dir='ltr'>Jahrb.</span> <span class='ocrx_word' id='word_1_144' title='bbox 1360 1497 1407 1549; x_wconf 83' lang='lat' dir='ltr'>Nr.</span> <span class='ocrx_word' id='word_1_145' title='bbox 1426 1500 1479 1550; x_wconf 81' lang='lat'>368</span> <span class='ocrx_word' id='word_1_146' title='bbox 1498 1498 1648 1566; x_wconf 69' lang='lat' dir='ltr'>(cantalar),</span> <span class='ocrx_word' id='word_1_147' title='bbox 1667 1501 1700 1550; x_wconf 84' lang='lat' dir='ltr'>r&#39;m</span> <span class='ocrx_word' id='word_1_148' title='bbox 1718 1503 1832 1552; x_wconf 75' lang='lat' dir='ltr'>Archfin&#39;o</span> <span class='ocrx_word' id='word_1_149' title='bbox 1851 1503 2004 1568; x_wconf 74' lang='lat' dir='ltr'>fifirnicr&#39;pcle</span> 
     </span>
     <span class='ocr_line' id='line_1_14' title="bbox 329 1572 2007 1709; baseline 0.002 -18"><span class='ocrx_word' id='word_1_150' title='bbox 329 1587 359 1620; x_wconf 63' lang='lat' dir='ltr'><em>m</em></span> <span class='ocrx_word' id='word_1_151' title='bbox 380 1572 534 1692; x_wconf 58' lang='lat' dir='ltr'>emmila</span> <span class='ocrx_word' id='word_1_152' title='bbox 554 1643 642 1703; x_wconf 78' lang='lat' dir='ltr'>sekret,</span> <span class='ocrx_word' id='word_1_153' title='bbox 663 1643 731 1709; x_wconf 79' lang='lat' dir='ltr'>Perg.</span> <span class='ocrx_word' id='word_1_154' title='bbox 747 1643 808 1703; x_wconf 71' lang='lat' dir='ltr'>atat,</span> <span class='ocrx_word' id='word_1_155' title='bbox 826 1643 861 1692; x_wconf 80' lang='lat' dir='ltr'>br.</span> <span class='ocrx_word' id='word_1_156' title='bbox 882 1643 951 1703; x_wconf 78' lang='lat' dir='ltr'>0,1o,</span> <span class='ocrx_word' id='word_1_157' title='bbox 969 1645 1030 1707; x_wconf 73' lang='lat' dir='ltr'>larg</span> <span class='ocrx_word' id='word_1_158' title='bbox 1047 1643 1133 1704; x_wconf 69' lang='lat' dir='ltr'>uua,</span> <span class='ocrx_word' id='word_1_159' title='bbox 1151 1647 1226 1692; x_wconf 77' lang='lat' dir='ltr'>untm</span> <span class='ocrx_word' id='word_1_160' title='bbox 1242 1641 1310 1691; x_wconf 76' lang='lat' dir='ltr'>nicht</span> <span class='ocrx_word' id='word_1_161' title='bbox 1326 1641 1514 1708; x_wconf 74' lang='lat' dir='ltr'>umgescfilagen,</span> <span class='ocrx_word' id='word_1_162' title='bbox 1533 1641 1642 1708; x_wconf 75' lang='lat' dir='ltr'>Faltrmg</span> <span class='ocrx_word' id='word_1_163' title='bbox 1659 1643 1702 1693; x_wconf 80' lang='lat' dir='ltr'>der</span> <span class='ocrx_word' id='word_1_164' title='bbox 1713 1645 1812 1705; x_wconf 77' lang='lat' dir='ltr'>Sekreu,</span> <span class='ocrx_word' id='word_1_165' title='bbox 1832 1645 1935 1694; x_wconf 65' lang='grc' dir='ltr'>διήκειν</span> <span class='ocrx_word' id='word_1_166' title='bbox 1951 1647 2007 1694; x_wconf 71' lang='lat' dir='ltr'>rad</span> 
     </span>
     <span class='ocr_line' id='line_1_15' title="bbox 329 1712 2004 1840; baseline 0.003 -78"><span class='ocrx_word' id='word_1_167' title='bbox 329 1712 592 1840; x_wconf 49' lang='lat' dir='ltr'>ffisr&#39;eglbaperlorm.</span> <span class='ocrx_word' id='word_1_168' title='bbox 637 1714 727 1767; x_wconf 68' lang='lat' dir='ltr'>Nicia</span> <span class='ocrx_word' id='word_1_169' title='bbox 756 1713 947 1786; x_wconf 69' lang='lat' dir='ltr'>hervorgehobm.</span> <span class='ocrx_word' id='word_1_170' title='bbox 992 1714 1122 1784; x_wconf 75' lang='lat' dir='ltr'>Datimng</span> <span class='ocrx_word' id='word_1_171' title='bbox 1146 1728 1193 1765; x_wconf 82' lang='lat' dir='ltr'>von</span> <span class='ocrx_word' id='word_1_172' title='bbox 1219 1713 1322 1766; x_wconf 77' lang='lat' dir='ltr'>anderer</span> <span class='ocrx_word' id='word_1_173' title='bbox 1348 1714 1431 1766; x_wconf 80' lang='lat' dir='ltr'>Hand.</span> <span class='ocrx_word' id='word_1_174' title='bbox 1474 1715 1523 1763; x_wconf 81' lang='lat' dir='ltr'>Vm</span> <span class='ocrx_word' id='word_1_175' title='bbox 1550 1715 1593 1764; x_wconf 85' lang='lat' dir='ltr'>der</span> <span class='ocrx_word' id='word_1_176' title='bbox 1610 1716 1838 1784; x_wconf 75' lang='lat' dir='ltr'>Dorsalaufsctn&#39;st</span> <span class='ocrx_word' id='word_1_177' title='bbox 1863 1733 1914 1766; x_wconf 80' lang='lat' dir='ltr'>nur</span> <span class='ocrx_word' id='word_1_178' title='bbox 1942 1719 2004 1767; x_wconf 73' lang='lat' dir='ltr'>meh</span> 
     </span>
    </p>
   </div>
   <div class='ocr_carea' id='block_1_5' title="bbox 1071 2073 1254 2148">
    <p class='ocr_par' dir='ltr' id='par_1_5' title="bbox 1071 2073 1254 2148">
     <span class='ocr_line' id='line_1_16' title="bbox 1071 2073 1254 2148; baseline -0.005 -1"><span class='ocrx_word' id='word_1_179' title='bbox 1071 2073 1137 2148; x_wconf 92' lang='lat' dir='ltr'>Nr.</span> <span class='ocrx_word' id='word_1_180' title='bbox 1169 2077 1254 2148; x_wconf 81' lang='lat'>170.</span> 
     </span>
    </p>
   </div>
   <div class='ocr_carea' id='block_1_6' title="bbox 331 2203 2008 2379">
    <p class='ocr_par' dir='ltr' id='par_1_6' title="bbox 331 2203 2008 2379">
     <span class='ocr_line' id='line_1_17' title="bbox 331 2203 2008 2288; baseline -0.001 -16"><span class='ocrx_word' id='word_1_181' title='bbox 331 2205 492 2272; x_wconf 62' lang='lat' dir='ltr'>Hadrian</span> <span class='ocrx_word' id='word_1_182' title='bbox 518 2206 543 2270; x_wconf 85' lang='lat' dir='ltr'><em>J</em></span> <span class='ocrx_word' id='word_1_183' title='bbox 549 2203 579 2269; x_wconf 90' lang='lat' dir='ltr'><em>V</em></span> <span class='ocrx_word' id='word_1_184' title='bbox 594 2207 744 2288; x_wconf 77' lang='lat' dir='ltr'>bestic&#39;tigt</span> <span class='ocrx_word' id='word_1_185' title='bbox 771 2204 845 2269; x_wconf 86' lang='lat' dir='ltr'>dem</span> <span class='ocrx_word' id='word_1_186' title='bbox 868 2203 948 2268; x_wconf 84' lang='lat' dir='ltr'>Abte</span> <span class='ocrx_word' id='word_1_187' title='bbox 971 2204 1101 2269; x_wconf 79' lang='lat' dir='ltr'>Berard</span> <span class='ocrx_word' id='word_1_188' title='bbox 1123 2227 1183 2270; x_wconf 85' lang='lat' dir='ltr'>von</span> <span class='ocrx_word' id='word_1_189' title='bbox 1213 2203 1281 2268; x_wconf 86' lang='lat' dir='ltr'>San</span> <span class='ocrx_word' id='word_1_190' title='bbox 1305 2204 1391 2269; x_wconf 76' lang='lat' dir='ltr'>Siste</span> <span class='ocrx_word' id='word_1_191' title='bbox 1416 2204 1456 2268; x_wconf 84' lang='lat' dir='ltr'>di</span> <span class='ocrx_word' id='word_1_192' title='bbox 1481 2204 1657 2283; x_wconf 76' lang='lat' dir='ltr'>Piacenaa,</span> <span class='ocrx_word' id='word_1_193' title='bbox 1691 2205 1770 2269; x_wconf 83' lang='lat' dir='ltr'>dass</span> <span class='ocrx_word' id='word_1_194' title='bbox 1797 2207 1843 2269; x_wconf 88' lang='lat' dir='ltr'>im</span> <span class='ocrx_word' id='word_1_195' title='bbox 1871 2205 2008 2271; x_wconf 82' lang='lat' dir='ltr'>Kloster</span> 
     </span>
     <span class='ocr_line' id='line_1_18' title="bbox 331 2291 2006 2379; baseline 0 -19"><span class='ocrx_word' id='word_1_196' title='bbox 331 2295 470 2360; x_wconf 78' lang='lat' dir='ltr'>Miinclre</span> <span class='ocrx_word' id='word_1_197' title='bbox 485 2295 666 2360; x_wconf 80' lang='lat' dir='ltr'>verbler&#39;ben</span> <span class='ocrx_word' id='word_1_198' title='bbox 688 2295 794 2372; x_wconf 85' lang='lat' dir='ltr'>sollen,</span> <span class='ocrx_word' id='word_1_199' title='bbox 818 2314 855 2357; x_wconf 83' lang='lat' dir='ltr'>er</span> <span class='ocrx_word' id='word_1_200' title='bbox 868 2291 986 2357; x_wconf 74' lang='lat' dir='ltr'>nainmt</span> <span class='ocrx_word' id='word_1_201' title='bbox 1005 2316 1040 2358; x_wconf 83' lang='lat' dir='ltr'>es</span> <span class='ocrx_word' id='word_1_202' title='bbox 1063 2297 1096 2358; x_wconf 83' lang='lat' dir='ltr'>in</span> <span class='ocrx_word' id='word_1_203' title='bbox 1118 2294 1351 2379; x_wconf 79' lang='lat' dir='ltr'>apostolischen</span> <span class='ocrx_word' id='word_1_204' title='bbox 1374 2292 1492 2358; x_wconf 79' lang='lat' dir='ltr'>Schutz</span> <span class='ocrx_word' id='word_1_205' title='bbox 1518 2293 1588 2358; x_wconf 85' lang='lat' dir='ltr'>und</span> <span class='ocrx_word' id='word_1_206' title='bbox 1600 2294 1751 2378; x_wconf 71' lang='lat' dir='ltr'>bestdtigt</span> <span class='ocrx_word' id='word_1_207' title='bbox 1769 2295 1857 2360; x_wconf 81' lang='lat' dir='ltr'>scine</span> <span class='ocrx_word' id='word_1_208' title='bbox 1879 2295 2006 2360; x_wconf 81' lang='lat' dir='ltr'>Besita-</span> 
     </span>
    </p>
   </div>
   <div class='ocr_carea' id='block_1_7' title="bbox 936 2383 1389 2562">
    <p class='ocr_par' dir='ltr' id='par_1_7' title="bbox 936 2383 1389 2562">
     <span class='ocr_line' id='line_1_19' title="bbox 959 2383 1371 2467; baseline 0.002 -21"><span class='ocrx_word' id='word_1_209' title='bbox 959 2383 1089 2448; x_wconf 76' lang='lat' dir='ltr'>thaimer</span> <span class='ocrx_word' id='word_1_210' title='bbox 1108 2383 1178 2448; x_wconf 85' lang='lat' dir='ltr'>und</span> <span class='ocrx_word' id='word_1_211' title='bbox 1199 2383 1316 2448; x_wconf 68' lang='lat' dir='ltr'>Recita</span> <span class='ocrx_word' id='word_1_212' title='bbox 1332 2383 1371 2467; x_wconf 69' lang='lat'>³).</span> 
     </span>
     <span class='ocr_line' id='line_1_20' title="bbox 936 2496 1389 2562; baseline 0 0"><span class='ocrx_word' id='word_1_213' title='bbox 936 2501 1022 2562; x_wconf 83' lang='lat'><strong><em>1157</em></strong></span> <span class='ocrx_word' id='word_1_214' title='bbox 1043 2496 1121 2562; x_wconf 78' lang='lat' dir='ltr'>Mai</span> <span class='ocrx_word' id='word_1_215' title='bbox 1137 2501 1193 2562; x_wconf 82' lang='lat'>23.</span> <span class='ocrx_word' id='word_1_216' title='bbox 1239 2499 1389 2562; x_wconf 82' lang='lat' dir='ltr'>Lateran.</span> 
     </span>
    </p>
   </div>
   <div class='ocr_carea' id='block_1_8' title="bbox 330 2614 2004 5451">
    <p class='ocr_par' dir='ltr' id='par_1_8' title="bbox 330 2614 2004 5451">
     <span class='ocr_line' id='line_1_21' title="bbox 489 2614 2004 2698; baseline 0.001 -20"><span class='ocrx_word' id='word_1_217' title='bbox 489 2614 655 2678; x_wconf 89' lang='lat' dir='ltr'>Adrianus</span> <span class='ocrx_word' id='word_1_218' title='bbox 671 2617 855 2698; x_wconf 87' lang='lat' dir='ltr'>episcopus,</span> <span class='ocrx_word' id='word_1_219' title='bbox 878 2635 989 2678; x_wconf 90' lang='lat' dir='ltr'>servus</span> <span class='ocrx_word' id='word_1_220' title='bbox 1004 2635 1171 2679; x_wconf 88' lang='lat' dir='ltr'>servorum</span> <span class='ocrx_word' id='word_1_221' title='bbox 1187 2615 1251 2690; x_wconf 89' lang='lat' dir='ltr'>dei,</span> <span class='ocrx_word' id='word_1_222' title='bbox 1275 2614 1398 2678; x_wconf 91' lang='lat' dir='ltr'>dilecto</span> <span class='ocrx_word' id='word_1_223' title='bbox 1413 2616 1481 2679; x_wconf 92' lang='lat' dir='ltr'>filio</span> <span class='ocrx_word' id='word_1_224' title='bbox 1497 2616 1653 2692; x_wconf 90' lang='lat' dir='ltr'>Berardo,</span> <span class='ocrx_word' id='word_1_225' title='bbox 1676 2616 1789 2680; x_wconf 86' lang='lat' dir='ltr'>abbati</span> <span class='ocrx_word' id='word_1_226' title='bbox 1809 2617 2004 2680; x_wconf 86' lang='lat' dir='ltr'>monasterii</span> 
     </span>
     <span class='ocr_line' id='line_1_22' title="bbox 330 2701 2004 2789; baseline -0.001 -21"><span class='ocrx_word' id='word_1_227' title='bbox 330 2703 432 2768; x_wconf 90' lang='lat' dir='ltr'>sancti</span> <span class='ocrx_word' id='word_1_228' title='bbox 454 2701 548 2781; x_wconf 86' lang='lat' dir='ltr'>Sixti,</span> <span class='ocrx_word' id='word_1_229' title='bbox 571 2705 661 2784; x_wconf 92' lang='lat' dir='ltr'>quod</span> <span class='ocrx_word' id='word_1_230' title='bbox 685 2704 847 2789; x_wconf 73' lang='lat' dir='ltr'>Placentip</span> <span class='ocrx_word' id='word_1_231' title='bbox 870 2707 967 2768; x_wconf 91' lang='lat' dir='ltr'>situm</span> <span class='ocrx_word' id='word_1_232' title='bbox 991 2713 1048 2779; x_wconf 73' lang='lat' dir='ltr'>est,</span> <span class='ocrx_word' id='word_1_233' title='bbox 1072 2705 1207 2785; x_wconf 89' lang='lat' dir='ltr'>eiusque</span> <span class='ocrx_word' id='word_1_234' title='bbox 1230 2703 1471 2768; x_wconf 89' lang='lat' dir='ltr'>successoribus</span> <span class='ocrx_word' id='word_1_235' title='bbox 1494 2706 1683 2787; x_wconf 83' lang='lat' dir='ltr'>regulariter</span> <span class='ocrx_word' id='word_1_236' title='bbox 1705 2705 1946 2781; x_wconf 88' lang='lat' dir='ltr'>substituendis,</span> <span class='ocrx_word' id='word_1_237' title='bbox 1970 2706 2004 2767; x_wconf 85' lang='lat' dir='ltr'>in</span> 
     </span>
     <span class='ocr_line' id='line_1_23' title="bbox 331 2792 2003 2881; baseline 0 -25"><span class='ocrx_word' id='word_1_238' title='bbox 331 2801 535 2876; x_wconf 89' lang='lat' dir='ltr'>perpetuum.</span> <span class='ocrx_word' id='word_1_239' title='bbox 561 2792 716 2875; x_wconf 85' lang='lat' dir='ltr'>Legimus</span> <span class='ocrx_word' id='word_1_240' title='bbox 727 2795 758 2856; x_wconf 94' lang='lat' dir='ltr'>in</span> <span class='ocrx_word' id='word_1_241' title='bbox 771 2793 948 2876; x_wconf 89' lang='lat' dir='ltr'>prophetis,</span> <span class='ocrx_word' id='word_1_242' title='bbox 961 2793 1051 2875; x_wconf 90' lang='lat' dir='ltr'>plebi</span> <span class='ocrx_word' id='word_1_243' title='bbox 1063 2813 1120 2881; x_wconf 68' lang='lat' dir='ltr'>sue</span> <span class='ocrx_word' id='word_1_244' title='bbox 1132 2794 1370 2876; x_wconf 88' lang='lat' dir='ltr'>prevaricatrici</span> <span class='ocrx_word' id='word_1_245' title='bbox 1383 2800 1416 2856; x_wconf 90' lang='lat' dir='ltr'>et</span> <span class='ocrx_word' id='word_1_246' title='bbox 1431 2794 1462 2856; x_wconf 92' lang='lat' dir='ltr'>in</span> <span class='ocrx_word' id='word_1_247' title='bbox 1477 2795 1643 2878; x_wconf 91' lang='lat' dir='ltr'>preceptis</span> <span class='ocrx_word' id='word_1_248' title='bbox 1659 2797 1725 2858; x_wconf 87' lang='lat' dir='ltr'>suis</span> <span class='ocrx_word' id='word_1_249' title='bbox 1741 2815 1807 2857; x_wconf 90' lang='lat' dir='ltr'>non</span> <span class='ocrx_word' id='word_1_250' title='bbox 1823 2792 2003 2858; x_wconf 86' lang='lat' dir='ltr'>ambulanti</span> 
     </span>
     <span class='ocr_line' id='line_1_24' title="bbox 331 2881 2002 2965; baseline 0 -19"><span class='ocrx_word' id='word_1_251' title='bbox 331 2885 592 2965; x_wconf 88' lang='lat' dir='ltr'>omnipotentem</span> <span class='ocrx_word' id='word_1_252' title='bbox 615 2881 783 2946; x_wconf 90' lang='lat' dir='ltr'>dominum</span> <span class='ocrx_word' id='word_1_253' title='bbox 807 2885 1015 2959; x_wconf 78' lang='lat' dir='ltr'>commatum,</span> <span class='ocrx_word' id='word_1_254' title='bbox 1047 2883 1137 2962; x_wconf 91' lang='lat' dir='ltr'>quod</span> <span class='ocrx_word' id='word_1_255' title='bbox 1165 2901 1222 2946; x_wconf 90' lang='lat' dir='ltr'>eos</span> <span class='ocrx_word' id='word_1_256' title='bbox 1246 2883 1288 2945; x_wconf 92' lang='lat' dir='ltr'>de</span> <span class='ocrx_word' id='word_1_257' title='bbox 1318 2884 1480 2946; x_wconf 90' lang='lat' dir='ltr'>territorio</span> <span class='ocrx_word' id='word_1_258' title='bbox 1510 2903 1571 2947; x_wconf 87' lang='lat' dir='ltr'>suo</span> <span class='ocrx_word' id='word_1_259' title='bbox 1594 2883 1757 2958; x_wconf 91' lang='lat' dir='ltr'>evelleret,</span> <span class='ocrx_word' id='word_1_260' title='bbox 1787 2885 1892 2946; x_wconf 88' lang='lat' dir='ltr'>minas</span> <span class='ocrx_word' id='word_1_261' title='bbox 1922 2902 2002 2946; x_wconf 90' lang='lat' dir='ltr'>suas</span> 
     </span>
     <span class='ocr_line' id='line_1_25' title="bbox 331 2969 2004 3055; baseline 0 -21"><span class='ocrx_word' id='word_1_262' title='bbox 331 2969 506 3034; x_wconf 81' lang='lat' dir='ltr'>efficaciter</span> <span class='ocrx_word' id='word_1_263' title='bbox 528 2970 733 3053; x_wconf 90' lang='lat' dir='ltr'>adimplesse.</span> <span class='ocrx_word' id='word_1_264' title='bbox 778 2972 813 3034; x_wconf 96' lang='lat' dir='ltr'>In</span> <span class='ocrx_word' id='word_1_265' title='bbox 837 2972 908 3035; x_wconf 90' lang='lat' dir='ltr'>aliis</span> <span class='ocrx_word' id='word_1_266' title='bbox 939 2970 1036 3034; x_wconf 91' lang='lat' dir='ltr'>etiam</span> <span class='ocrx_word' id='word_1_267' title='bbox 1059 2972 1281 3035; x_wconf 92' lang='lat' dir='ltr'>voluminibus</span> <span class='ocrx_word' id='word_1_268' title='bbox 1310 2972 1459 3053; x_wconf 90' lang='lat' dir='ltr'>legimus,</span> <span class='ocrx_word' id='word_1_269' title='bbox 1490 2973 1637 3036; x_wconf 90' lang='lat' dir='ltr'>diversos</span> <span class='ocrx_word' id='word_1_270' title='bbox 1671 2972 1811 3055; x_wconf 93' lang='lat' dir='ltr'>populos</span> <span class='ocrx_word' id='word_1_271' title='bbox 1842 2992 1903 3054; x_wconf 93' lang='lat' dir='ltr'>pro</span> <span class='ocrx_word' id='word_1_272' title='bbox 1933 2972 2004 3034; x_wconf 91' lang='lat' dir='ltr'>suis</span> 
     </span>
     <span class='ocr_line' id='line_1_26' title="bbox 331 3059 2003 3143; baseline 0.001 -21"><span class='ocrx_word' id='word_1_273' title='bbox 331 3060 554 3141; x_wconf 89' lang='lat' dir='ltr'>iniquitatibus</span> <span class='ocrx_word' id='word_1_274' title='bbox 578 3081 597 3123; x_wconf 91' lang='lat' dir='ltr'>a</span> <span class='ocrx_word' id='word_1_275' title='bbox 618 3061 753 3124; x_wconf 90' lang='lat' dir='ltr'>sedibus</span> <span class='ocrx_word' id='word_1_276' title='bbox 775 3063 841 3123; x_wconf 87' lang='lat' dir='ltr'>suis</span> <span class='ocrx_word' id='word_1_277' title='bbox 865 3061 961 3123; x_wconf 82' lang='lat' dir='ltr'>luisse</span> <span class='ocrx_word' id='word_1_278' title='bbox 985 3060 1160 3143; x_wconf 88' lang='lat' dir='ltr'>propulsos</span> <span class='ocrx_word' id='word_1_279' title='bbox 1183 3069 1217 3124; x_wconf 90' lang='lat' dir='ltr'>et</span> <span class='ocrx_word' id='word_1_280' title='bbox 1238 3059 1317 3124; x_wconf 91' lang='lat' dir='ltr'>alios</span> <span class='ocrx_word' id='word_1_281' title='bbox 1341 3081 1401 3142; x_wconf 93' lang='lat' dir='ltr'>pro</span> <span class='ocrx_word' id='word_1_282' title='bbox 1424 3063 1471 3124; x_wconf 90' lang='lat' dir='ltr'>eis</span> <span class='ocrx_word' id='word_1_283' title='bbox 1487 3062 1541 3125; x_wconf 92' lang='lat' dir='ltr'>dei</span> <span class='ocrx_word' id='word_1_284' title='bbox 1557 3063 1678 3124; x_wconf 91' lang='lat' dir='ltr'>iudicio</span> <span class='ocrx_word' id='word_1_285' title='bbox 1695 3061 1883 3125; x_wconf 81' lang='lat' dir='ltr'>collocatos</span> <span class='ocrx_word' id='word_1_286' title='bbox 1921 3059 2003 3124; x_wconf 91' lang='lat' dir='ltr'>Hoc</span> 
     </span>
     <span class='ocr_line' id='line_1_27' title="bbox 331 3148 2003 3236; baseline 0 -25"><span class='ocrx_word' id='word_1_287' title='bbox 331 3149 439 3234; x_wconf 75' lang='lat' dir='ltr'>divine</span> <span class='ocrx_word' id='word_1_288' title='bbox 469 3150 694 3232; x_wconf 90' lang='lat' dir='ltr'>dispositionis</span> <span class='ocrx_word' id='word_1_289' title='bbox 723 3149 874 3212; x_wconf 93' lang='lat' dir='ltr'>iudicium</span> <span class='ocrx_word' id='word_1_290' title='bbox 907 3150 938 3212; x_wconf 94' lang='lat' dir='ltr'>in</span> <span class='ocrx_word' id='word_1_291' title='bbox 969 3149 1054 3212; x_wconf 81' lang='lat' dir='ltr'>beati</span> <span class='ocrx_word' id='word_1_292' title='bbox 1086 3148 1170 3214; x_wconf 88' lang='lat' dir='ltr'>Sixti</span> <span class='ocrx_word' id='word_1_293' title='bbox 1201 3151 1451 3225; x_wconf 88' lang='lat' dir='ltr'>monasterium,</span> <span class='ocrx_word' id='word_1_294' title='bbox 1489 3152 1578 3230; x_wconf 92' lang='lat' dir='ltr'>quod</span> <span class='ocrx_word' id='word_1_295' title='bbox 1613 3150 1777 3236; x_wconf 72' lang='lat' dir='ltr'>Placentie</span> <span class='ocrx_word' id='word_1_296' title='bbox 1807 3152 1905 3212; x_wconf 92' lang='lat' dir='ltr'>situm</span> <span class='ocrx_word' id='word_1_297' title='bbox 1939 3157 2003 3224; x_wconf 87' lang='lat' dir='ltr'>est,</span> 
     </span>
     <span class='ocr_line' id='line_1_28' title="bbox 332 3237 2002 3322; baseline 0 -21"><span class='ocrx_word' id='word_1_298' title='bbox 332 3240 492 3302; x_wconf 90' lang='lat' dir='ltr'>cernimus</span> <span class='ocrx_word' id='word_1_299' title='bbox 515 3237 740 3320; x_wconf 90' lang='lat' dir='ltr'>adimpletum.</span> <span class='ocrx_word' id='word_1_300' title='bbox 787 3238 869 3303; x_wconf 86' lang='lat' dir='ltr'>Cum</span> <span class='ocrx_word' id='word_1_301' title='bbox 893 3241 980 3302; x_wconf 90' lang='lat' dir='ltr'>enim</span> <span class='ocrx_word' id='word_1_302' title='bbox 1003 3238 1263 3303; x_wconf 89' lang='lat' dir='ltr'>sanctimoniales</span> <span class='ocrx_word' id='word_1_303' title='bbox 1286 3238 1349 3303; x_wconf 89' lang='lat' dir='ltr'>illic</span> <span class='ocrx_word' id='word_1_304' title='bbox 1372 3238 1494 3303; x_wconf 85' lang='lat' dir='ltr'>setnine</span> <span class='ocrx_word' id='word_1_305' title='bbox 1516 3260 1577 3322; x_wconf 88' lang='lat' dir='ltr'>per</span> <span class='ocrx_word' id='word_1_306' title='bbox 1599 3259 1702 3303; x_wconf 90' lang='lat' dir='ltr'>annos</span> <span class='ocrx_word' id='word_1_307' title='bbox 1724 3238 1882 3322; x_wconf 91' lang='lat' dir='ltr'>plurimos</span> <span class='ocrx_word' id='word_1_308' title='bbox 1904 3237 2002 3302; x_wconf 88' lang='lat' dir='ltr'>habi-</span> 
     </span>
     <span class='ocr_line' id='line_1_29' title="bbox 331 3327 2003 3412; baseline 0 -22"><span class='ocrx_word' id='word_1_309' title='bbox 331 3334 470 3404; x_wconf 89' lang='lat' dir='ltr'>tassent,</span> <span class='ocrx_word' id='word_1_310' title='bbox 503 3327 733 3408; x_wconf 89' lang='lat' dir='ltr'>postmodum,</span> <span class='ocrx_word' id='word_1_311' title='bbox 762 3328 892 3392; x_wconf 87' lang='lat' dir='ltr'>abiecta</span> <span class='ocrx_word' id='word_1_312' title='bbox 921 3328 1076 3410; x_wconf 86' lang='lat' dir='ltr'>regularis</span> <span class='ocrx_word' id='word_1_313' title='bbox 1107 3328 1279 3412; x_wconf 87' lang='lat' dir='ltr'>disciplina</span> <span class='ocrx_word' id='word_1_314' title='bbox 1306 3329 1445 3404; x_wconf 87' lang='lat' dir='ltr'>ordinis,</span> <span class='ocrx_word' id='word_1_315' title='bbox 1476 3349 1536 3411; x_wconf 93' lang='lat' dir='ltr'>per</span> <span class='ocrx_word' id='word_1_316' title='bbox 1557 3329 1708 3392; x_wconf 90' lang='lat' dir='ltr'>vitiorum</span> <span class='ocrx_word' id='word_1_317' title='bbox 1739 3327 1909 3411; x_wconf 88' lang='lat' dir='ltr'>precipitia</span> <span class='ocrx_word' id='word_1_318' title='bbox 1942 3329 2003 3390; x_wconf 91' lang='lat' dir='ltr'>de-</span> 
     </span>
     <span class='ocr_line' id='line_1_30' title="bbox 331 3414 2002 3503; baseline 0.001 -25"><span class='ocrx_word' id='word_1_319' title='bbox 331 3414 494 3479; x_wconf 88' lang='lat' dir='ltr'>fluxerunt</span> <span class='ocrx_word' id='word_1_320' title='bbox 516 3425 550 3479; x_wconf 94' lang='lat' dir='ltr'>et</span> <span class='ocrx_word' id='word_1_321' title='bbox 571 3418 816 3498; x_wconf 90' lang='lat' dir='ltr'>possessionum</span> <span class='ocrx_word' id='word_1_322' title='bbox 839 3417 1067 3500; x_wconf 89' lang='lat' dir='ltr'>multiplicitas,</span> <span class='ocrx_word' id='word_1_323' title='bbox 1091 3439 1155 3503; x_wconf 74' lang='lat' dir='ltr'>que</span> <span class='ocrx_word' id='word_1_324' title='bbox 1179 3439 1198 3481; x_wconf 99' lang='lat' dir='ltr'>a</span> <span class='ocrx_word' id='word_1_325' title='bbox 1221 3417 1352 3500; x_wconf 89' lang='lat' dir='ltr'>regibus</span> <span class='ocrx_word' id='word_1_326' title='bbox 1374 3417 1427 3481; x_wconf 89' lang='lat' dir='ltr'>vel</span> <span class='ocrx_word' id='word_1_327' title='bbox 1447 3417 1518 3482; x_wconf 90' lang='lat' dir='ltr'>aliis</span> <span class='ocrx_word' id='word_1_328' title='bbox 1540 3417 1691 3482; x_wconf 89' lang='lat' dir='ltr'>fidelibus</span> <span class='ocrx_word' id='word_1_329' title='bbox 1706 3418 1813 3482; x_wconf 90' lang='lat' dir='ltr'>eidem</span> <span class='ocrx_word' id='word_1_330' title='bbox 1830 3417 2002 3480; x_wconf 88' lang='lat' dir='ltr'>coenobio</span> 
     </span>
     <span class='ocr_line' id='line_1_31' title="bbox 333 3504 2002 3590; baseline 0.001 -23"><span class='ocrx_word' id='word_1_331' title='bbox 333 3506 452 3590; x_wconf 71' lang='lat' dir='ltr'>collate</span> <span class='ocrx_word' id='word_1_332' title='bbox 483 3504 626 3581; x_wconf 84' lang='lat' dir='ltr'>lucrant,</span> <span class='ocrx_word' id='word_1_333' title='bbox 664 3506 838 3588; x_wconf 91' lang='lat' dir='ltr'>plurimum</span> <span class='ocrx_word' id='word_1_334' title='bbox 869 3507 1030 3570; x_wconf 90' lang='lat' dir='ltr'>diminuta</span> <span class='ocrx_word' id='word_1_335' title='bbox 1060 3515 1110 3570; x_wconf 90' lang='lat' dir='ltr'>est</span> <span class='ocrx_word' id='word_1_336' title='bbox 1138 3528 1177 3570; x_wconf 92' lang='lat' dir='ltr'>ac</span> <span class='ocrx_word' id='word_1_337' title='bbox 1205 3509 1368 3570; x_wconf 84' lang='lat' dir='ltr'>distracta.</span> <span class='ocrx_word' id='word_1_338' title='bbox 1423 3504 1529 3588; x_wconf 88' lang='lat' dir='ltr'>Quam</span> <span class='ocrx_word' id='word_1_339' title='bbox 1567 3506 1612 3571; x_wconf 95' lang='lat' dir='ltr'>ob</span> <span class='ocrx_word' id='word_1_340' title='bbox 1642 3527 1712 3570; x_wconf 92' lang='lat' dir='ltr'>rem</span> <span class='ocrx_word' id='word_1_341' title='bbox 1742 3508 1926 3589; x_wconf 89' lang='lat' dir='ltr'>sapientum</span> <span class='ocrx_word' id='word_1_342' title='bbox 1960 3526 2002 3569; x_wconf 90' lang='lat' dir='ltr'>ac</span> 
     </span>
     <span class='ocr_line' id='line_1_32' title="bbox 331 3593 2000 3680; baseline 0.001 -24"><span class='ocrx_word' id='word_1_343' title='bbox 331 3593 554 3678; x_wconf 89' lang='lat' dir='ltr'>religiosorum</span> <span class='ocrx_word' id='word_1_344' title='bbox 577 3596 719 3659; x_wconf 88' lang='lat' dir='ltr'>virorum</span> <span class='ocrx_word' id='word_1_345' title='bbox 744 3596 882 3659; x_wconf 89' lang='lat' dir='ltr'>consilio</span> <span class='ocrx_word' id='word_1_346' title='bbox 909 3596 1074 3677; x_wconf 90' lang='lat' dir='ltr'>provisum</span> <span class='ocrx_word' id='word_1_347' title='bbox 1099 3605 1164 3672; x_wconf 90' lang='lat' dir='ltr'>est,</span> <span class='ocrx_word' id='word_1_348' title='bbox 1195 3604 1313 3680; x_wconf 88' lang='lat' dir='ltr'>agente</span> <span class='ocrx_word' id='word_1_349' title='bbox 1344 3597 1497 3679; x_wconf 90' lang='lat' dir='ltr'>precipue</span> <span class='ocrx_word' id='word_1_350' title='bbox 1528 3594 1657 3659; x_wconf 88' lang='lat' dir='ltr'>illustris</span> <span class='ocrx_word' id='word_1_351' title='bbox 1688 3597 1844 3680; x_wconf 74' lang='lat' dir='ltr'>memorie</span> <span class='ocrx_word' id='word_1_352' title='bbox 1868 3593 2000 3658; x_wconf 88' lang='lat' dir='ltr'>Matildi</span> 
     </span>
     <span class='ocr_line' id='line_1_33' title="bbox 332 3684 2004 3767; baseline 0.001 -20"><span class='ocrx_word' id='word_1_353' title='bbox 332 3687 505 3759; x_wconf 92' lang='lat' dir='ltr'>comitissa,</span> <span class='ocrx_word' id='word_1_354' title='bbox 536 3691 572 3747; x_wconf 92' lang='lat' dir='ltr'>ut</span> <span class='ocrx_word' id='word_1_355' title='bbox 594 3686 627 3747; x_wconf 93' lang='lat' dir='ltr'>in</span> <span class='ocrx_word' id='word_1_356' title='bbox 650 3685 768 3748; x_wconf 89' lang='lat' dir='ltr'>eodem</span> <span class='ocrx_word' id='word_1_357' title='bbox 793 3687 989 3748; x_wconf 89' lang='lat' dir='ltr'>monasterio</span> <span class='ocrx_word' id='word_1_358' title='bbox 1012 3706 1073 3767; x_wconf 90' lang='lat' dir='ltr'>pro</span> <span class='ocrx_word' id='word_1_359' title='bbox 1097 3684 1224 3749; x_wconf 85' lang='lat' dir='ltr'>seminis</span> <span class='ocrx_word' id='word_1_360' title='bbox 1246 3685 1304 3748; x_wconf 93' lang='lat' dir='ltr'>viri</span> <span class='ocrx_word' id='word_1_361' title='bbox 1328 3694 1533 3767; x_wconf 91' lang='lat' dir='ltr'>ponerentur,</span> <span class='ocrx_word' id='word_1_362' title='bbox 1558 3693 1717 3765; x_wconf 90' lang='lat' dir='ltr'>quatenus</span> <span class='ocrx_word' id='word_1_363' title='bbox 1741 3693 1775 3748; x_wconf 90' lang='lat' dir='ltr'>et</span> <span class='ocrx_word' id='word_1_364' title='bbox 1797 3684 1910 3766; x_wconf 90' lang='lat' dir='ltr'>religio</span> <span class='ocrx_word' id='word_1_365' title='bbox 1935 3685 2004 3748; x_wconf 93' lang='lat' dir='ltr'>illic</span> 
     </span>
     <span class='ocr_line' id='line_1_34' title="bbox 332 3773 2002 3860; baseline -0.004 -19"><span class='ocrx_word' id='word_1_366' title='bbox 332 3777 457 3850; x_wconf 89' lang='lat' dir='ltr'>eadem,</span> <span class='ocrx_word' id='word_1_367' title='bbox 473 3775 506 3837; x_wconf 89' lang='lat' dir='ltr'>id</span> <span class='ocrx_word' id='word_1_368' title='bbox 523 3781 573 3836; x_wconf 90' lang='lat' dir='ltr'>est</span> <span class='ocrx_word' id='word_1_369' title='bbox 582 3775 750 3837; x_wconf 88' lang='lat' dir='ltr'>monastici</span> <span class='ocrx_word' id='word_1_370' title='bbox 766 3775 896 3850; x_wconf 90' lang='lat' dir='ltr'>ordinis,</span> <span class='ocrx_word' id='word_1_371' title='bbox 912 3781 1094 3838; x_wconf 84' lang='lat' dir='ltr'>servaretur</span> <span class='ocrx_word' id='word_1_372' title='bbox 1109 3783 1143 3837; x_wconf 90' lang='lat' dir='ltr'>et</span> <span class='ocrx_word' id='word_1_373' title='bbox 1158 3777 1344 3838; x_wconf 91' lang='lat' dir='ltr'>monasterii</span> <span class='ocrx_word' id='word_1_374' title='bbox 1362 3775 1596 3856; x_wconf 87' lang='lat' dir='ltr'>possessiones,</span> <span class='ocrx_word' id='word_1_375' title='bbox 1612 3794 1675 3858; x_wconf 71' lang='lat' dir='ltr'>que</span> <span class='ocrx_word' id='word_1_376' title='bbox 1692 3777 1756 3837; x_wconf 89' lang='lat' dir='ltr'>iam</span> <span class='ocrx_word' id='word_1_377' title='bbox 1772 3773 1828 3836; x_wconf 92' lang='lat' dir='ltr'>diu</span> <span class='ocrx_word' id='word_1_378' title='bbox 1843 3774 2002 3860; x_wconf 56' lang='lat' dir='ltr'>distracta</span> 
     </span>
     <span class='ocr_line' id='line_1_35' title="bbox 331 3862 2002 3946; baseline -0.003 -16"><span class='ocrx_word' id='word_1_379' title='bbox 331 3866 467 3940; x_wconf 82' lang='lat' dir='ltr'>fuerant,</span> <span class='ocrx_word' id='word_1_380' title='bbox 499 3882 559 3946; x_wconf 90' lang='lat' dir='ltr'>per</span> <span class='ocrx_word' id='word_1_381' title='bbox 590 3883 702 3927; x_wconf 86' lang='lat' dir='ltr'>eorum</span> <span class='ocrx_word' id='word_1_382' title='bbox 733 3866 976 3927; x_wconf 88' lang='lat' dir='ltr'>restituerentur</span> <span class='ocrx_word' id='word_1_383' title='bbox 1007 3865 1205 3927; x_wconf 90' lang='lat' dir='ltr'>industriam.</span> <span class='ocrx_word' id='word_1_384' title='bbox 1250 3865 1346 3926; x_wconf 91' lang='lat' dir='ltr'>Hanc</span> <span class='ocrx_word' id='word_1_385' title='bbox 1376 3863 1472 3944; x_wconf 91' lang='lat' dir='ltr'>igitur</span> <span class='ocrx_word' id='word_1_386' title='bbox 1503 3864 1723 3939; x_wconf 89' lang='lat' dir='ltr'>mutationem,</span> <span class='ocrx_word' id='word_1_387' title='bbox 1754 3862 1786 3924; x_wconf 95' lang='lat' dir='ltr'>in</span> <span class='ocrx_word' id='word_1_388' title='bbox 1817 3862 1882 3925; x_wconf 92' lang='lat' dir='ltr'>loci</span> <span class='ocrx_word' id='word_1_389' title='bbox 1912 3862 2002 3926; x_wconf 88' lang='lat' dir='ltr'>illius</span> 
     </span>
     <span class='ocr_line' id='line_1_36' title="bbox 333 3950 2001 4035; baseline -0.002 -16"><span class='ocrx_word' id='word_1_390' title='bbox 333 3952 536 4019; x_wconf 91' lang='lat' dir='ltr'>ordinatione</span> <span class='ocrx_word' id='word_1_391' title='bbox 559 3952 758 4034; x_wconf 91' lang='lat' dir='ltr'>dispositam,</span> <span class='ocrx_word' id='word_1_392' title='bbox 788 3972 848 4015; x_wconf 90' lang='lat' dir='ltr'>nos</span> <span class='ocrx_word' id='word_1_393' title='bbox 878 3960 1013 4016; x_wconf 92' lang='lat' dir='ltr'>auctore</span> <span class='ocrx_word' id='word_1_394' title='bbox 1045 3953 1109 4017; x_wconf 91' lang='lat' dir='ltr'>deo</span> <span class='ocrx_word' id='word_1_395' title='bbox 1132 3953 1173 4015; x_wconf 95' lang='lat' dir='ltr'>ad</span> <span class='ocrx_word' id='word_1_396' title='bbox 1199 3952 1368 4035; x_wconf 88' lang='lat' dir='ltr'>exemplar</span> <span class='ocrx_word' id='word_1_397' title='bbox 1389 3950 1657 4034; x_wconf 87' lang='lat' dir='ltr'>predecessorum</span> <span class='ocrx_word' id='word_1_398' title='bbox 1688 3959 1874 4014; x_wconf 91' lang='lat' dir='ltr'>nostrorum</span> <span class='ocrx_word' id='word_1_399' title='bbox 1908 3952 2001 4015; x_wconf 86' lang='lat' dir='ltr'>bone</span> 
     </span>
     <span class='ocr_line' id='line_1_37' title="bbox 333 4039 2001 4126; baseline -0.002 -18"><span class='ocrx_word' id='word_1_400' title='bbox 333 4045 488 4108; x_wconf 89' lang='lat' dir='ltr'>memorie</span> <span class='ocrx_word' id='word_1_401' title='bbox 502 4039 667 4105; x_wconf 90' lang='lat' dir='ltr'>Paschalis</span> <span class='ocrx_word' id='word_1_402' title='bbox 684 4041 710 4126; x_wconf 83' lang='lat'>³)</span> <span class='ocrx_word' id='word_1_403' title='bbox 732 4048 765 4105; x_wconf 90' lang='lat' dir='ltr'>et</span> <span class='ocrx_word' id='word_1_404' title='bbox 779 4040 952 4116; x_wconf 88' lang='lat' dir='ltr'>Anastasii,</span> <span class='ocrx_word' id='word_1_405' title='bbox 975 4041 1197 4104; x_wconf 90' lang='lat' dir='ltr'>Romanorum</span> <span class='ocrx_word' id='word_1_406' title='bbox 1220 4041 1421 4124; x_wconf 90' lang='lat' dir='ltr'>pontificum,</span> <span class='ocrx_word' id='word_1_407' title='bbox 1445 4060 1505 4121; x_wconf 90' lang='lat' dir='ltr'>per</span> <span class='ocrx_word' id='word_1_408' title='bbox 1527 4042 1687 4122; x_wconf 90' lang='lat' dir='ltr'>presentis</span> <span class='ocrx_word' id='word_1_409' title='bbox 1706 4041 1820 4124; x_wconf 89' lang='lat' dir='ltr'>scripti</span> <span class='ocrx_word' id='word_1_410' title='bbox 1843 4041 2001 4121; x_wconf 87' lang='lat' dir='ltr'>paginam</span> 
     </span>
     <span class='ocr_line' id='line_1_38' title="bbox 333 4128 2001 4213; baseline -0.002 -17"><span class='ocrx_word' id='word_1_411' title='bbox 333 4133 572 4196; x_wconf 89' lang='lat' dir='ltr'>confirmamus.</span> <span class='ocrx_word' id='word_1_412' title='bbox 609 4128 804 4205; x_wconf 89' lang='lat' dir='ltr'>Statuentes,</span> <span class='ocrx_word' id='word_1_413' title='bbox 827 4139 863 4192; x_wconf 91' lang='lat' dir='ltr'>ut</span> <span class='ocrx_word' id='word_1_414' title='bbox 885 4133 1053 4213; x_wconf 91' lang='lat' dir='ltr'>perpetuis</span> <span class='ocrx_word' id='word_1_415' title='bbox 1068 4131 1273 4212; x_wconf 91' lang='lat' dir='ltr'>temporibus</span> <span class='ocrx_word' id='word_1_416' title='bbox 1289 4130 1355 4194; x_wconf 93' lang='lat' dir='ltr'>illic</span> <span class='ocrx_word' id='word_1_417' title='bbox 1370 4149 1536 4192; x_wconf 86' lang='lat' dir='ltr'>servorum</span> <span class='ocrx_word' id='word_1_418' title='bbox 1558 4130 1611 4195; x_wconf 89' lang='lat' dir='ltr'>dei</span> <span class='ocrx_word' id='word_1_419' title='bbox 1627 4131 1839 4212; x_wconf 90' lang='lat' dir='ltr'>congregatio</span> <span class='ocrx_word' id='word_1_420' title='bbox 1854 4129 2001 4192; x_wconf 89' lang='lat' dir='ltr'>virorum</span> 
     </span>
     <span class='ocr_line' id='line_1_39' title="bbox 332 4217 2001 4302; baseline -0.002 -17"><span class='ocrx_word' id='word_1_421' title='bbox 332 4222 394 4286; x_wconf 91' lang='lat' dir='ltr'>sub</span> <span class='ocrx_word' id='word_1_422' title='bbox 418 4219 587 4284; x_wconf 89' lang='lat' dir='ltr'>monastici</span> <span class='ocrx_word' id='word_1_423' title='bbox 610 4221 732 4282; x_wconf 91' lang='lat' dir='ltr'>ordinis</span> <span class='ocrx_word' id='word_1_424' title='bbox 756 4219 987 4282; x_wconf 90' lang='lat' dir='ltr'>observatione</span> <span class='ocrx_word' id='word_1_425' title='bbox 1010 4226 1210 4302; x_wconf 90' lang='lat' dir='ltr'>permaneat.</span> <span class='ocrx_word' id='word_1_426' title='bbox 1254 4218 1365 4302; x_wconf 91' lang='lat' dir='ltr'>Ipsum</span> <span class='ocrx_word' id='word_1_427' title='bbox 1388 4237 1468 4281; x_wconf 88' lang='lat' dir='ltr'>vero</span> <span class='ocrx_word' id='word_1_428' title='bbox 1490 4217 1599 4282; x_wconf 92' lang='lat' dir='ltr'>locum</span> <span class='ocrx_word' id='word_1_429' title='bbox 1623 4227 1656 4282; x_wconf 92' lang='lat' dir='ltr'>et</span> <span class='ocrx_word' id='word_1_430' title='bbox 1681 4219 1829 4282; x_wconf 91' lang='lat' dir='ltr'>universa</span> <span class='ocrx_word' id='word_1_431' title='bbox 1850 4219 1893 4281; x_wconf 90' lang='lat' dir='ltr'>ad</span> <span class='ocrx_word' id='word_1_432' title='bbox 1922 4239 2001 4282; x_wconf 90' lang='lat' dir='ltr'>eum</span> 
     </span>
     <span class='ocr_line' id='line_1_40' title="bbox 334 4307 2002 4394; baseline -0.002 -20"><span class='ocrx_word' id='word_1_433' title='bbox 334 4309 527 4394; x_wconf 89' lang='lat' dir='ltr'>pertinentia</span> <span class='ocrx_word' id='word_1_434' title='bbox 549 4309 610 4372; x_wconf 93' lang='lat' dir='ltr'>sub</span> <span class='ocrx_word' id='word_1_435' title='bbox 633 4307 814 4392; x_wconf 73' lang='lat' dir='ltr'>apostolice</span> <span class='ocrx_word' id='word_1_436' title='bbox 836 4308 924 4371; x_wconf 89' lang='lat' dir='ltr'>sedis</span> <span class='ocrx_word' id='word_1_437' title='bbox 946 4309 1049 4372; x_wconf 90' lang='lat' dir='ltr'>tutela</span> <span class='ocrx_word' id='word_1_438' title='bbox 1072 4317 1105 4371; x_wconf 91' lang='lat' dir='ltr'>et</span> <span class='ocrx_word' id='word_1_439' title='bbox 1119 4310 1327 4390; x_wconf 90' lang='lat' dir='ltr'>protectione</span> <span class='ocrx_word' id='word_1_440' title='bbox 1342 4307 1501 4370; x_wconf 90' lang='lat' dir='ltr'>servanda</span> <span class='ocrx_word' id='word_1_441' title='bbox 1517 4327 1695 4382; x_wconf 89' lang='lat' dir='ltr'>censemus,</span> <span class='ocrx_word' id='word_1_442' title='bbox 1719 4315 1753 4370; x_wconf 92' lang='lat' dir='ltr'>et</span> <span class='ocrx_word' id='word_1_443' title='bbox 1776 4307 2002 4389; x_wconf 90' lang='lat' dir='ltr'>quorumlibet</span> 
     </span>
     <span class='ocr_line' id='line_1_41' title="bbox 334 4395 2000 4482; baseline -0.002 -20"><span class='ocrx_word' id='word_1_444' title='bbox 334 4399 551 4464; x_wconf 80' lang='lat' dir='ltr'>infestantium</span> <span class='ocrx_word' id='word_1_445' title='bbox 569 4397 725 4460; x_wconf 88' lang='lat' dir='ltr'>molestiis</span> <span class='ocrx_word' id='word_1_446' title='bbox 740 4395 851 4471; x_wconf 91' lang='lat' dir='ltr'>libera,</span> <span class='ocrx_word' id='word_1_447' title='bbox 874 4399 958 4459; x_wconf 90' lang='lat' dir='ltr'>sicut</span> <span class='ocrx_word' id='word_1_448' title='bbox 973 4417 993 4459; x_wconf 93' lang='lat' dir='ltr'>a</span> <span class='ocrx_word' id='word_1_449' title='bbox 1008 4398 1294 4479; x_wconf 88' lang='lat' dir='ltr'>predecessoribus</span> <span class='ocrx_word' id='word_1_450' title='bbox 1315 4397 1440 4471; x_wconf 91' lang='lat' dir='ltr'>nostris,</span> <span class='ocrx_word' id='word_1_451' title='bbox 1462 4397 1611 4482; x_wconf 73' lang='lat' dir='ltr'>Romane</span> <span class='ocrx_word' id='word_1_452' title='bbox 1628 4396 1763 4481; x_wconf 71' lang='lat' dir='ltr'>ecclesie</span> <span class='ocrx_word' id='word_1_453' title='bbox 1778 4395 2000 4477; x_wconf 88' lang='lat' dir='ltr'>pontificibus,</span> 
     </span>
     <span class='ocr_line' id='line_1_42' title="bbox 334 4482 2002 4570; baseline -0.004 -18"><span class='ocrx_word' id='word_1_454' title='bbox 334 4491 479 4553; x_wconf 90' lang='lat' dir='ltr'>noscitur</span> <span class='ocrx_word' id='word_1_455' title='bbox 501 4488 691 4550; x_wconf 90' lang='lat' dir='ltr'>institutum.</span> <span class='ocrx_word' id='word_1_456' title='bbox 736 4483 915 4549; x_wconf 89' lang='lat' dir='ltr'>Statuimus</span> <span class='ocrx_word' id='word_1_457' title='bbox 939 4487 1045 4561; x_wconf 90' lang='lat' dir='ltr'>etiam,</span> <span class='ocrx_word' id='word_1_458' title='bbox 1074 4495 1110 4550; x_wconf 89' lang='lat' dir='ltr'>ut</span> <span class='ocrx_word' id='word_1_459' title='bbox 1132 4488 1280 4550; x_wconf 88' lang='lat' dir='ltr'>universa</span> <span class='ocrx_word' id='word_1_460' title='bbox 1303 4486 1417 4570; x_wconf 93' lang='lat' dir='ltr'>predia</span> <span class='ocrx_word' id='word_1_461' title='bbox 1438 4485 1489 4549; x_wconf 89' lang='lat' dir='ltr'>vel</span> <span class='ocrx_word' id='word_1_462' title='bbox 1514 4487 1747 4567; x_wconf 88' lang='lat' dir='ltr'>possessiones,</span> <span class='ocrx_word' id='word_1_463' title='bbox 1779 4503 1861 4564; x_wconf 91' lang='lat' dir='ltr'>quas</span> <span class='ocrx_word' id='word_1_464' title='bbox 1883 4482 2002 4568; x_wconf 86' lang='lat' dir='ltr'>Angil-</span> 
     </span>
     <span class='ocr_line' id='line_1_43' title="bbox 334 4573 2001 4660; baseline -0.002 -20"><span class='ocrx_word' id='word_1_465' title='bbox 334 4578 436 4660; x_wconf 88' lang='lat' dir='ltr'>berga</span> <span class='ocrx_word' id='word_1_466' title='bbox 459 4577 658 4658; x_wconf 88' lang='lat' dir='ltr'>imperatrix,</span> <span class='ocrx_word' id='word_1_467' title='bbox 681 4575 827 4638; x_wconf 90' lang='lat' dir='ltr'>eiusdem</span> <span class='ocrx_word' id='word_1_468' title='bbox 851 4576 1035 4639; x_wconf 92' lang='lat' dir='ltr'>monasterii</span> <span class='ocrx_word' id='word_1_469' title='bbox 1058 4574 1232 4650; x_wconf 85' lang='lat' dir='ltr'>fundatrix,</span> <span class='ocrx_word' id='word_1_470' title='bbox 1265 4575 1340 4639; x_wconf 92' lang='lat' dir='ltr'>illuc</span> <span class='ocrx_word' id='word_1_471' title='bbox 1362 4573 1537 4637; x_wconf 88' lang='lat' dir='ltr'>contulisse</span> <span class='ocrx_word' id='word_1_472' title='bbox 1560 4575 1767 4656; x_wconf 90' lang='lat' dir='ltr'>cognoscitur</span> <span class='ocrx_word' id='word_1_473' title='bbox 1790 4581 1823 4636; x_wconf 90' lang='lat' dir='ltr'>et</span> <span class='ocrx_word' id='word_1_474' title='bbox 1845 4592 2001 4658; x_wconf 73' lang='lat' dir='ltr'>quecum-</span> 
     </span>
     <span class='ocr_line' id='line_1_44' title="bbox 334 4663 2001 4751; baseline -0.003 -21"><span class='ocrx_word' id='word_1_475' title='bbox 334 4686 398 4747; x_wconf 90' lang='lat' dir='ltr'>que</span> <span class='ocrx_word' id='word_1_476' title='bbox 421 4665 504 4751; x_wconf 74' lang='lat' dir='ltr'>ville,</span> <span class='ocrx_word' id='word_1_477' title='bbox 528 4663 657 4749; x_wconf 73' lang='lat' dir='ltr'>familie,</span> <span class='ocrx_word' id='word_1_478' title='bbox 681 4663 770 4751; x_wconf 71' lang='lat' dir='ltr'>celle,</span> <span class='ocrx_word' id='word_1_479' title='bbox 793 4663 929 4750; x_wconf 73' lang='lat' dir='ltr'>ecclesie</span> <span class='ocrx_word' id='word_1_480' title='bbox 952 4683 1008 4726; x_wconf 93' lang='lat' dir='ltr'>seu</span> <span class='ocrx_word' id='word_1_481' title='bbox 1033 4664 1156 4750; x_wconf 74' lang='lat' dir='ltr'>relique</span> <span class='ocrx_word' id='word_1_482' title='bbox 1172 4666 1398 4747; x_wconf 90' lang='lat' dir='ltr'>possessiones</span> <span class='ocrx_word' id='word_1_483' title='bbox 1414 4663 1455 4726; x_wconf 91' lang='lat' dir='ltr'>ad</span> <span class='ocrx_word' id='word_1_484' title='bbox 1473 4665 1580 4746; x_wconf 92' lang='lat' dir='ltr'>ipsum</span> <span class='ocrx_word' id='word_1_485' title='bbox 1601 4663 1831 4726; x_wconf 88' lang='lat' dir='ltr'>monasterium</span> <span class='ocrx_word' id='word_1_486' title='bbox 1854 4663 2001 4745; x_wconf 89' lang='lat' dir='ltr'>legitime</span> 
     </span>
     <span class='ocr_line' id='line_1_45' title="bbox 335 4749 2002 4838; baseline -0.002 -20"><span class='ocrx_word' id='word_1_487' title='bbox 335 4757 499 4838; x_wconf 88' lang='lat' dir='ltr'>pertinent</span> <span class='ocrx_word' id='word_1_488' title='bbox 524 4754 591 4816; x_wconf 90' lang='lat' dir='ltr'>sive</span> <span class='ocrx_word' id='word_1_489' title='bbox 620 4755 651 4816; x_wconf 94' lang='lat' dir='ltr'>in</span> <span class='ocrx_word' id='word_1_490' title='bbox 681 4754 821 4815; x_wconf 85' lang='lat' dir='ltr'>futurum</span> <span class='ocrx_word' id='word_1_491' title='bbox 852 4753 1064 4816; x_wconf 90' lang='lat' dir='ltr'>concessione</span> <span class='ocrx_word' id='word_1_492' title='bbox 1087 4753 1288 4835; x_wconf 91' lang='lat' dir='ltr'>pontificum,</span> <span class='ocrx_word' id='word_1_493' title='bbox 1320 4752 1514 4816; x_wconf 89' lang='lat' dir='ltr'>liberalitate</span> <span class='ocrx_word' id='word_1_494' title='bbox 1544 4751 1728 4835; x_wconf 88' lang='lat' dir='ltr'>principum</span> <span class='ocrx_word' id='word_1_495' title='bbox 1751 4751 1802 4814; x_wconf 90' lang='lat' dir='ltr'>vel</span> <span class='ocrx_word' id='word_1_496' title='bbox 1833 4749 2002 4815; x_wconf 90' lang='lat' dir='ltr'>oblatione</span> 
     </span>
     <span class='ocr_line' id='line_1_46' title="bbox 335 4839 2002 4924; baseline -0.002 -16"><span class='ocrx_word' id='word_1_497' title='bbox 335 4843 478 4908; x_wconf 89' lang='lat' dir='ltr'>fidelium</span> <span class='ocrx_word' id='word_1_498' title='bbox 501 4845 585 4906; x_wconf 91' lang='lat' dir='ltr'>iuste</span> <span class='ocrx_word' id='word_1_499' title='bbox 600 4850 699 4922; x_wconf 90' lang='lat' dir='ltr'>atque</span> <span class='ocrx_word' id='word_1_500' title='bbox 722 4843 879 4904; x_wconf 87' lang='lat' dir='ltr'>canonice</span> <span class='ocrx_word' id='word_1_501' title='bbox 902 4843 1024 4923; x_wconf 88' lang='lat' dir='ltr'>poterit</span> <span class='ocrx_word' id='word_1_502' title='bbox 1047 4843 1193 4924; x_wconf 90' lang='lat' dir='ltr'>adipisci,</span> <span class='ocrx_word' id='word_1_503' title='bbox 1216 4841 1309 4905; x_wconf 90' lang='lat' dir='ltr'>firma</span> <span class='ocrx_word' id='word_1_504' title='bbox 1332 4841 1400 4916; x_wconf 92' lang='lat' dir='ltr'>tibi,</span> <span class='ocrx_word' id='word_1_505' title='bbox 1423 4843 1552 4920; x_wconf 89' lang='lat' dir='ltr'>tuisque</span> <span class='ocrx_word' id='word_1_506' title='bbox 1567 4840 1809 4904; x_wconf 88' lang='lat' dir='ltr'>successoribus</span> <span class='ocrx_word' id='word_1_507' title='bbox 1828 4847 1863 4902; x_wconf 90' lang='lat' dir='ltr'>et</span> <span class='ocrx_word' id='word_1_508' title='bbox 1877 4839 2002 4904; x_wconf 90' lang='lat' dir='ltr'>illibata</span> 
     </span>
     <span class='ocr_line' id='line_1_47' title="bbox 335 4927 2001 5016; baseline -0.003 -19"><span class='ocrx_word' id='word_1_509' title='bbox 335 4940 555 5016; x_wconf 88' lang='lat' dir='ltr'>permaneant.</span> <span class='ocrx_word' id='word_1_510' title='bbox 599 4932 750 4994; x_wconf 89' lang='lat' dir='ltr'>Preterea</span> <span class='ocrx_word' id='word_1_511' title='bbox 772 4931 916 4993; x_wconf 89' lang='lat' dir='ltr'>decimas</span> <span class='ocrx_word' id='word_1_512' title='bbox 939 4938 1094 4994; x_wconf 90' lang='lat' dir='ltr'>terrarum</span> <span class='ocrx_word' id='word_1_513' title='bbox 1118 4939 1306 5006; x_wconf 90' lang='lat' dir='ltr'>vestrarum,</span> <span class='ocrx_word' id='word_1_514' title='bbox 1330 4949 1412 5010; x_wconf 90' lang='lat' dir='ltr'>quas</span> <span class='ocrx_word' id='word_1_515' title='bbox 1433 4927 1560 4992; x_wconf 92' lang='lat' dir='ltr'>habetis</span> <span class='ocrx_word' id='word_1_516' title='bbox 1583 4949 1625 4992; x_wconf 85' lang='lat' dir='ltr'>ex</span> <span class='ocrx_word' id='word_1_517' title='bbox 1648 4928 1737 4992; x_wconf 92' lang='lat' dir='ltr'>dono</span> <span class='ocrx_word' id='word_1_518' title='bbox 1758 4930 2001 5011; x_wconf 86' lang='lat' dir='ltr'>episcoporum,</span> 
     </span>
     <span class='ocr_line' id='line_1_48' title="bbox 335 5017 2000 5106; baseline -0.002 -20"><span class='ocrx_word' id='word_1_519' title='bbox 335 5021 489 5086; x_wconf 91' lang='lat' dir='ltr'>videlicet</span> <span class='ocrx_word' id='word_1_520' title='bbox 518 5020 703 5106; x_wconf 80' lang='lat' dir='ltr'>Placentini,</span> <span class='ocrx_word' id='word_1_521' title='bbox 728 5017 971 5092; x_wconf 89' lang='lat' dir='ltr'>Cremonensis,</span> <span class='ocrx_word' id='word_1_522' title='bbox 1001 5019 1200 5094; x_wconf 88' lang='lat' dir='ltr'>Laudensis,</span> <span class='ocrx_word' id='word_1_523' title='bbox 1231 5020 1362 5101; x_wconf 90' lang='lat' dir='ltr'>Regini,</span> <span class='ocrx_word' id='word_1_524' title='bbox 1396 5018 1520 5106; x_wconf 68' lang='lat' dir='ltr'>Mutine</span> <span class='ocrx_word' id='word_1_525' title='bbox 1558 5025 1591 5080; x_wconf 93' lang='lat' dir='ltr'>et</span> <span class='ocrx_word' id='word_1_526' title='bbox 1623 5019 1789 5081; x_wconf 90' lang='lat' dir='ltr'>Mantuani</span> <span class='ocrx_word' id='word_1_527' title='bbox 1820 5017 1852 5079; x_wconf 90' lang='lat' dir='ltr'>in</span> <span class='ocrx_word' id='word_1_528' title='bbox 1886 5037 2000 5082; x_wconf 88' lang='lat' dir='ltr'>eorum</span> 
     </span>
     <span class='ocr_line' id='line_1_49' title="bbox 335 5106 2001 5194; baseline -0.003 -19"><span class='ocrx_word' id='word_1_529' title='bbox 335 5109 511 5193; x_wconf 88' lang='lat' dir='ltr'>parochiis,</span> <span class='ocrx_word' id='word_1_530' title='bbox 541 5109 818 5190; x_wconf 91' lang='lat' dir='ltr'>quemadmodum</span> <span class='ocrx_word' id='word_1_531' title='bbox 851 5109 883 5170; x_wconf 90' lang='lat' dir='ltr'>in</span> <span class='ocrx_word' id='word_1_532' title='bbox 914 5107 1084 5191; x_wconf 87' lang='lat' dir='ltr'>privilegio</span> <span class='ocrx_word' id='word_1_533' title='bbox 1114 5116 1225 5194; x_wconf 73' lang='lat' dir='ltr'>sancte</span> <span class='ocrx_word' id='word_1_534' title='bbox 1257 5106 1489 5171; x_wconf 91' lang='lat' dir='ltr'>recordationis</span> <span class='ocrx_word' id='word_1_535' title='bbox 1512 5107 1650 5170; x_wconf 88' lang='lat' dir='ltr'>Adriani</span> <span class='ocrx_word' id='word_1_536' title='bbox 1683 5127 1768 5192; x_wconf 71' lang='lat' dir='ltr'>pape</span> <span class='ocrx_word' id='word_1_537' title='bbox 1801 5110 2001 5171; x_wconf 87' lang='lat' dir='ltr'>monasterio</span> 
     </span>
     <span class='ocr_line' id='line_1_50' title="bbox 334 5195 2001 5282; baseline -0.003 -17"><span class='ocrx_word' id='word_1_538' title='bbox 334 5209 452 5276; x_wconf 87' lang='lat' dir='ltr'>vestro,</span> <span class='ocrx_word' id='word_1_539' title='bbox 483 5199 636 5282; x_wconf 92' lang='lat' dir='ltr'>plebibus</span> <span class='ocrx_word' id='word_1_540' title='bbox 666 5205 764 5280; x_wconf 89' lang='lat' dir='ltr'>atque</span> <span class='ocrx_word' id='word_1_541' title='bbox 787 5195 919 5279; x_wconf 93' lang='lat' dir='ltr'>capellis</span> <span class='ocrx_word' id='word_1_542' title='bbox 941 5198 1054 5260; x_wconf 88' lang='lat' dir='ltr'>vestris</span> <span class='ocrx_word' id='word_1_543' title='bbox 1084 5197 1231 5280; x_wconf 88' lang='lat' dir='ltr'>legitime</span> <span class='ocrx_word' id='word_1_544' title='bbox 1262 5196 1453 5282; x_wconf 71' lang='lat' dir='ltr'>confirmate</span> <span class='ocrx_word' id='word_1_545' title='bbox 1485 5205 1561 5259; x_wconf 89' lang='lat' dir='ltr'>sunt</span> <span class='ocrx_word' id='word_1_546' title='bbox 1576 5196 1612 5280; x_wconf 80' lang='lat'>⁴),</span> <span class='ocrx_word' id='word_1_547' title='bbox 1644 5216 1705 5258; x_wconf 90' lang='lat' dir='ltr'>nos</span> <span class='ocrx_word' id='word_1_548' title='bbox 1736 5214 1871 5276; x_wconf 88' lang='lat' dir='ltr'>quoque</span> <span class='ocrx_word' id='word_1_549' title='bbox 1900 5197 2001 5278; x_wconf 90' lang='lat' dir='ltr'>ipsius</span> 
     </span>
     <span class='ocr_line' id='line_1_51' title="bbox 336 5283 2001 5372; baseline -0.004 -18"><span class='ocrx_word' id='word_1_550' title='bbox 336 5288 475 5372; x_wconf 88' lang='lat' dir='ltr'>vestigiis</span> <span class='ocrx_word' id='word_1_551' title='bbox 505 5286 705 5362; x_wconf 90' lang='lat' dir='ltr'>inherentes,</span> <span class='ocrx_word' id='word_1_552' title='bbox 742 5286 839 5350; x_wconf 91' lang='lat' dir='ltr'>vobis</span> <span class='ocrx_word' id='word_1_553' title='bbox 869 5287 1060 5350; x_wconf 89' lang='lat' dir='ltr'>auctoritate</span> <span class='ocrx_word' id='word_1_554' title='bbox 1090 5287 1178 5350; x_wconf 90' lang='lat' dir='ltr'>sedis</span> <span class='ocrx_word' id='word_1_555' title='bbox 1207 5285 1388 5367; x_wconf 86' lang='lat' dir='ltr'>apostolice</span> <span class='ocrx_word' id='word_1_556' title='bbox 1420 5287 1541 5367; x_wconf 91' lang='lat' dir='ltr'>pariter</span> <span class='ocrx_word' id='word_1_557' title='bbox 1579 5283 1818 5348; x_wconf 91' lang='lat' dir='ltr'>confirmamus.</span> <span class='ocrx_word' id='word_1_558' title='bbox 1865 5283 2001 5360; x_wconf 89' lang='lat' dir='ltr'>Crisma,</span> 
     </span>
     <span class='ocr_line' id='line_1_52' title="bbox 335 5373 2001 5451; baseline -0.004 -7"><span class='ocrx_word' id='word_1_559' title='bbox 335 5379 444 5444; x_wconf 91' lang='lat' dir='ltr'>oleum</span> <span class='ocrx_word' id='word_1_560' title='bbox 466 5385 622 5451; x_wconf 89' lang='lat' dir='ltr'>sanctum,</span> <span class='ocrx_word' id='word_1_561' title='bbox 653 5375 911 5441; x_wconf 88' lang='lat' dir='ltr'>consecrationes</span> <span class='ocrx_word' id='word_1_562' title='bbox 941 5375 1088 5440; x_wconf 88' lang='lat' dir='ltr'>altarium</span> <span class='ocrx_word' id='word_1_563' title='bbox 1110 5395 1168 5439; x_wconf 92' lang='lat' dir='ltr'>seu</span> <span class='ocrx_word' id='word_1_564' title='bbox 1192 5373 1406 5451; x_wconf 90' lang='lat' dir='ltr'>basilicarum,</span> <span class='ocrx_word' id='word_1_565' title='bbox 1438 5375 1659 5438; x_wconf 88' lang='lat' dir='ltr'>ordinationes</span> <span class='ocrx_word' id='word_1_566' title='bbox 1682 5373 1921 5438; x_wconf 88' lang='lat' dir='ltr'>monachorum</span> <span class='ocrx_word' id='word_1_567' title='bbox 1944 5394 2001 5438; x_wconf 88' lang='lat' dir='ltr'>seu</span> 
     </span>
    </p>
   </div>
   <div class='ocr_carea' id='block_1_9' title="bbox 337 5549 2006 5768">
    <p class='ocr_par' dir='ltr' id='par_1_9' title="bbox 337 5549 2006 5768">
     <span class='ocr_line' id='line_1_53' title="bbox 495 5549 2006 5620; baseline -0.004 -15"><span class='ocrx_word' id='word_1_568' title='bbox 495 5561 519 5620; x_wconf 85' lang='lat' dir='ltr'>a)</span> <span class='ocrx_word' id='word_1_569' title='bbox 544 5557 591 5606; x_wconf 85' lang='lat' dir='ltr'>Vor</span> <span class='ocrx_word' id='word_1_570' title='bbox 608 5555 660 5605; x_wconf 83' lang='lat' dir='ltr'>dem</span> <span class='ocrx_word' id='word_1_571' title='bbox 684 5562 759 5604; x_wconf 82' lang='lat' dir='ltr'>erstm</span> <span class='ocrx_word' id='word_1_572' title='bbox 776 5555 788 5605; x_wconf 91' lang='lat' dir='ltr'>l</span> <span class='ocrx_word' id='word_1_573' title='bbox 806 5555 896 5604; x_wconf 74' lang='lat' dir='ltr'>Ram.</span> <span class='ocrx_word' id='word_1_574' title='bbox 915 5591 969 5599; x_wconf 90' lang='grc'>-</span> <span class='ocrx_word' id='word_1_575' title='bbox 982 5557 1017 5617; x_wconf 75' lang='grc'>,1)</span> <span class='ocrx_word' id='word_1_576' title='bbox 1043 5553 1126 5619; x_wconf 77' lang='lat' dir='ltr'>Wegm</span> <span class='ocrx_word' id='word_1_577' title='bbox 1153 5551 1282 5602; x_wconf 78' lang='lat' dir='ltr'>Guastalla</span> <span class='ocrx_word' id='word_1_578' title='bbox 1305 5549 1332 5601; x_wconf 80' lang='lat' dir='ltr'>in</span> <span class='ocrx_word' id='word_1_579' title='bbox 1355 5550 1430 5601; x_wconf 82' lang='lat' dir='ltr'>dieser</span> <span class='ocrx_word' id='word_1_580' title='bbox 1447 5551 1499 5601; x_wconf 80' lang='lat' dir='ltr'>Zer&#39;t</span> <span class='ocrx_word' id='word_1_581' title='bbox 1518 5552 1592 5618; x_wconf 72' lang='lat' dir='ltr'>vergi.</span> <span class='ocrx_word' id='word_1_582' title='bbox 1613 5567 1640 5602; x_wconf 83' lang='lat' dir='ltr'>u.</span> <span class='ocrx_word' id='word_1_583' title='bbox 1657 5551 1688 5602; x_wconf 81' lang='lat' dir='ltr'>A.</span> <span class='ocrx_word' id='word_1_584' title='bbox 1706 5550 1834 5612; x_wconf 73' lang='lat' dir='ltr'>Robolotti,</span> <span class='ocrx_word' id='word_1_585' title='bbox 1858 5551 2006 5601; x_wconf 62' lang='lat' dir='ltr'>Dum</span> 
     </span>
     <span class='ocr_line' id='line_1_54' title="bbox 337 5620 2001 5690; baseline -0.004 -10"><span class='ocrx_word' id='word_1_586' title='bbox 337 5630 423 5680; x_wconf 68' lang='lat' dir='ltr'>Stoici</span> <span class='ocrx_word' id='word_1_587' title='bbox 439 5629 466 5678; x_wconf 82' lang='lat' dir='ltr'>di</span> <span class='ocrx_word' id='word_1_588' title='bbox 486 5629 613 5686; x_wconf 79' lang='lat' dir='ltr'>Cremona,</span> <span class='ocrx_word' id='word_1_589' title='bbox 643 5627 758 5678; x_wconf 83' lang='lat' dir='ltr'>Cremona</span> <span class='ocrx_word' id='word_1_590' title='bbox 780 5627 845 5676; x_wconf 77' lang='lat'>1857</span> <span class='ocrx_word' id='word_1_591' title='bbox 862 5633 888 5690; x_wconf 79' lang='lat' dir='ltr'>p.</span> <span class='ocrx_word' id='word_1_592' title='bbox 908 5627 948 5675; x_wconf 85' lang='lat'>68.</span> <span class='ocrx_word' id='word_1_593' title='bbox 1040 5629 1066 5688; x_wconf 82' lang='lat' dir='ltr'>a)</span> <span class='ocrx_word' id='word_1_594' title='bbox 1090 5625 1166 5690; x_wconf 81' lang='lat' dir='ltr'>Vergl.</span> <span class='ocrx_word' id='word_1_595' title='bbox 1185 5623 1222 5673; x_wconf 81' lang='lat' dir='ltr'>die</span> <span class='ocrx_word' id='word_1_596' title='bbox 1243 5621 1303 5674; x_wconf 70' lang='lat' dir='ltr'>Uri.</span> <span class='ocrx_word' id='word_1_597' title='bbox 1322 5637 1377 5674; x_wconf 85' lang='lat' dir='ltr'>vom</span> <span class='ocrx_word' id='word_1_598' title='bbox 1396 5625 1411 5672; x_wconf 78' lang='lat'>⁷</span> <span class='ocrx_word' id='word_1_599' title='bbox 1431 5621 1503 5674; x_wconf 68' lang='lat' dir='ltr'>tran</span> <span class='ocrx_word' id='word_1_600' title='bbox 1522 5625 1598 5675; x_wconf 76' lang='lat'>1121.</span> <span class='ocrx_word' id='word_1_601' title='bbox 1691 5625 1717 5687; x_wconf 79' lang='lat'>3)</span> <span class='ocrx_word' id='word_1_602' title='bbox 1740 5620 1819 5690; x_wconf 74' lang='lat' dir='ltr'>Jaffi,</span> <span class='ocrx_word' id='word_1_603' title='bbox 1840 5623 1899 5688; x_wconf 80' lang='lat' dir='ltr'>Reg.</span> <span class='ocrx_word' id='word_1_604' title='bbox 1919 5625 2001 5682; x_wconf 74' lang='lat'><em>4785:</em></span> 
     </span>
     <span class='ocr_line' id='line_1_55' title="bbox 340 5694 1226 5768; baseline -0.009 -14"><span class='ocrx_word' id='word_1_605' title='bbox 340 5701 431 5768; x_wconf 74' lang='lat' dir='ltr'>Campi,</span> <span class='ocrx_word' id='word_1_606' title='bbox 450 5700 518 5752; x_wconf 69' lang='lat' dir='ltr'>Har.</span> <span class='ocrx_word' id='word_1_607' title='bbox 537 5699 564 5751; x_wconf 72' lang='lat' dir='ltr'>a·</span> <span class='ocrx_word' id='word_1_608' title='bbox 581 5699 701 5750; x_wconf 69' lang='lat' dir='ltr'>pacm</span> <span class='ocrx_word' id='word_1_609' title='bbox 719 5699 771 5765; x_wconf 79' lang='lat' dir='ltr'>lp.</span> <span class='ocrx_word' id='word_1_610' title='bbox 790 5699 850 5748; x_wconf 78' lang='lat' dir='ltr'>aas.</span> <span class='ocrx_word' id='word_1_611' title='bbox 923 5699 951 5760; x_wconf 81' lang='lat'>4)</span> <span class='ocrx_word' id='word_1_612' title='bbox 974 5694 1053 5763; x_wconf 73' lang='lat' dir='ltr'>Jaffe&#39;,</span> <span class='ocrx_word' id='word_1_613' title='bbox 1071 5698 1129 5762; x_wconf 77' lang='lat' dir='ltr'>mg.</span> <span class='ocrx_word' id='word_1_614' title='bbox 1148 5695 1226 5746; x_wconf 75' lang='lat' dir='ltr'>rear.</span> 
     </span>
    </p>
   </div>
   <div class='ocr_carea' id='block_1_10' title="bbox 0 0 2071 6356">
    <p class='ocr_par' dir='ltr' id='par_1_10' title="bbox 0 0 2071 6356">
     <span class='ocr_line' id='line_1_56' title="bbox 0 0 2071 6356; baseline 0 0"><span class='ocrx_word' id='word_1_615' title='bbox 0 0 2071 6356; x_wconf 95' lang='lat' dir='ltr'> </span> 
     </span>
    </p>
   </div>
  </div>
 </body>
</html>
