4126 6356
296 525 316 606 †
339 529 412 608 Ego
437 525 545 590 Guido
567 529 730 609 presbiter
753 531 922 594 cardinalis
944 529 1018 616 (tit.)
1042 532 1160 595 Calixti
1183 552 1224 594 ss.
1314 557 1316 563 ’

295 615 316 698 †
339 617 412 698 Ego
435 615 592 680 Albertus
615 620 779 700 presbiter
801 621 972 684 cardinalis
996 619 1053 704 (tir.
1077 619 1191 706 sancti)
1214 621 1378 684 Laurentii
1400 623 1432 683 in
1454 620 1579 684 Lucina
1601 641 1642 684 ss.

295 704 316 786 †
339 705 412 787 Ego
436 703 538 769 Oddo
561 708 719 771 diaconus
742 708 911 772 cardinalis
934 711 1037 774 sancti
1060 711 1192 792 Georgii
1215 711 1256 774 ad
1280 710 1400 774 Velum
1423 730 1557 773 aureum
1579 730 1621 774 ss.

296 796 317 872 †
340 793 413 876 Ego
436 795 526 858 Boso
550 797 706 860 diaconus
731 798 898 862 cardinalis
921 808 1107 863 sanctorum
1132 799 1252 862 Cosme
1276 808 1309 863 et
1331 801 1484 863 Damiani
1505 819 1547 862 ss.

296 885 317 963 †
340 884 413 965 Ego
437 883 586 948 Cinthius
610 886 767 951 diaconus
792 889 958 952 cardinalis
982 889 1085 952 sancti
1108 886 1243 951 Adriani
1266 909 1307 951 ss.

296 974 317 1052 †
340 974 413 1055 Ego
436 972 640 1037 Raimundus
663 978 822 1040 diaconus
846 977 1017 1041 cardinalis
1040 987 1151 1041 sancte
1175 978 1278 1041 Marie
1301 979 1333 1040 in
1356 976 1419 1040 Via
1442 975 1508 1039 lata
1529 995 1572 1038 ss.

243 1062 367 1125 Datum
391 1060 497 1137 Sutrii,
520 1084 581 1146 per
604 1085 735 1130 manum
751 1067 901 1143 Rolandi,
923 1077 1034 1130 sancte
1056 1067 1206 1130 Romane
1229 1067 1366 1130 ecclesie
1389 1065 1558 1149 presbiteri
1582 1064 1755 1129 cardinalis

79 1159 111 1213 et
135 1152 335 1214 cancellarii.
367 1165 445 1215 X1111
473 1151 546 1216 Kal.
578 1154 656 1218 Iulii.
701 1157 882 1220 Indictione
906 1169 950 1218 vl.
996 1156 1097 1219 Anno
1128 1153 1370 1241 (incarnationis
1402 1152 1579 1240 dominice)
1609 1165 1754 1218 MCLVIII.

80 1239 295 1305 Pontificatus
317 1260 396 1304 vero
419 1242 533 1306 domni
557 1242 694 1308 Adriani
719 1266 774 1328 pp.
798 1261 850 1309 1111
873 1266 958 1308 anno
981 1261 1043 1309 1111.
1067 1279 1111 1291 -

243 1356 369 1408 Abschn'ft
385 1373 441 1406 vom
460 1359 491 1406 17
512 1357 606 1424 JaIrIr.
624 1359 665 1408 des
683 1359 756 1410 Liber
769 1359 850 1427 Niger
861 1369 889 1426 p.
909 1362 948 1420 65,
968 1360 1002 1410 im
1022 1360 1175 1411 Privalbesr'la
1192 1377 1223 1410 zu
1240 1361 1328 1416 Niara.

829 1718 895 1793 Nr.
927 1723 1012 1795 182.

79 1861 240 1925 Hadrian
257 1861 314 1926 IV
323 1863 496 1927 liberaverint
509 1866 582 1928 dem
598 1866 678 1929 Abte
697 1867 876 1931 Gervnsr'us
891 1890 955 1932 von
971 1868 1038 1932 San
1054 1869 1223 1932 Beuedetto
1238 1868 1285 1930 Po
1293 1869 1313 1949 (
1310 1867 1352 1929 D.
1369 1865 1540 1943 illanrona)
1555 1863 1617 1926 das
1631 1861 1760 1925 Kloster

80 1951 152 2016 San
168 1952 334 2017 Petreiano
349 1953 388 2016 di
402 1953 510 2018 Lucra
526 1956 587 2018 mit
602 1957 766 2110 gewisspp
782 1956 930 2111 Reclrtpzrp,
951 1956 1215 2132 wossrpc'ilzrliclr
1237 1957 1312 2020 drei
1325 1954 1508 2039 Byzanzr'er
1524 1975 1567 2018 an
1581 1952 1636 2015 die
1653 1949 1757 2014 Kurr'e

781 2055 883 2111 entrrc
921 2070 960 2111 en
973 2069 1003 2111 sz
1096 2095 1104 2111 .

659 2182 743 2243 1158
767 2180 948 2244 November
969 2185 998 2245 6.
1046 2181 1195 2244 Lateran.

245 2309 412 2376 Adrianus
428 2313 611 2396 episcopus,
635 2334 746 2377 servus
761 2334 928 2378 servorum
944 2315 1007 2390 dei,
1031 2313 1152 2378 dilecto
1169 2312 1232 2375 filio
1250 2311 1416 2387 Gervasio,
1440 2308 1551 2374 abbati
1567 2307 1756 2371 monasterii

82 2401 187 2462 sancti
202 2401 372 2464 Benedicti
396 2423 495 2484 supra
510 2403 645 2479 Padum,
667 2403 802 2483 eiusque
823 2404 1065 2467 successoribus
1089 2403 1277 2485 regulariter
1298 2399 1541 2474 substituendis,
1564 2410 1602 2461 IN
1618 2409 1695 2458 PPM.
1713 2429 1758 2442 -·-

82 2487 249 2571 Suscepte
265 2490 402 2554 offitium
419 2492 586 2574 dignitatis
602 2501 769 2557 ammonet
783 2514 843 2556 nos
860 2494 1079 2576 multipliciter
1094 2501 1128 2556 et
1142 2491 1300 2568 hortatur,
1324 2489 1550 2554 ecclesiasticis
1566 2485 1758 2550 utilitatibus

81 2578 255 2660 vigilanter
276 2580 444 2644 intendere
468 2589 508 2656 et,
536 2589 572 2644 ut
594 2581 731 2645 ecclesie
754 2583 807 2646 dei
839 2591 905 2645 tam
929 2582 1164 2665 spiritualibus,
1195 2601 1293 2662 quam
1323 2577 1560 2662 temporalibus
1592 2574 1760 2659 profitiant

81 2669 301 2744 incrementis,
324 2677 457 2752 oportet
471 2690 540 2748 nos,
557 2671 692 2753 provida
707 2670 922 2735 sollicitudine
938 2675 1084 2754 cogitare
1103 2669 1140 2756 a),
1172 2672 1367 2753 Eapropter,
1384 2668 1503 2732 dilecte
1518 2665 1562 2728 iili
1578 2665 1609 2726 in
1624 2663 1758 2728 domino

80 2757 190 2820 abbas
210 2757 250 2840 b),
274 2759 470 2822 monasterio
494 2762 597 2822 sancti
619 2761 777 2836 Pontiani,
800 2763 890 2840 quod
915 2782 1019 2844 prope
1042 2761 1226 2824 Lucensem
1249 2759 1412 2822 civitatem
1434 2759 1534 2820 situm
1557 2763 1615 2830 est,
1639 2753 1759 2816 utiliter

81 2848 261 2928 providere
284 2847 443 2923 volentes,
469 2849 557 2911 idem
588 2850 826 2924 monasterium,
858 2851 899 2913 ad
932 2853 981 2913 ius
1004 2858 1211 2914 sacrosancte
1234 2849 1383 2912 Romane
1405 2845 1544 2910 ecclesie
1575 2842 1759 2926 specialiter

81 2938 262 3018 pertinens,
293 2937 353 3001 tibi
376 2940 504 3017 tuisque
528 2939 770 3003 successoribus
793 2940 884 3003 salvo
913 2941 1025 3020 utique
1056 2941 1125 3004 iure
1157 2947 1191 3002 et
1218 2940 1420 3021 proprietate
1442 2935 1590 2998 Romane
1622 2932 1757 2996 ecclesie

82 3026 305 3089 ordinandum
335 3026 642 3108 disponendumque
674 3029 920 3106 committimus,
950 3032 995 3093 ita
1025 3030 1166 3110 quidem,
1197 3036 1241 3104 ut,
1271 3028 1460 3090 imminente
1489 3023 1683 3087 necessitate
1713 3021 1756 3084 ad

82 3117 326 3178 correctionem
350 3119 495 3198 ipsorum
529 3115 678 3192 fratrum,
708 3119 832 3181 ibidem
863 3119 1088 3196 existentium,
1121 3119 1216 3181 liceat
1238 3116 1341 3191 vobis,
1373 3115 1501 3197 aliquos
1531 3114 1574 3175 de
1603 3110 1757 3175 fratribus
1815 3171 1819 3178 .

82 3206 189 3286 ipsius
213 3206 401 3270 monasterii
414 3207 456 3268 'in
480 3205 649 3269 ecclesiam
664 3215 805 3271 vestram
829 3228 995 3270 assumere
1012 3217 1045 3270 et
1059 3207 1199 3270 vicissim
1222 3206 1348 3286 aliquos
1364 3205 1407 3268 de
1422 3201 1593 3267 monachis
1620 3199 1757 3264 ecclesie

82 3301 194 3358 vestre
226 3296 257 3356 in
290 3297 376 3358 idem
411 3298 660 3370 monasterium,
691 3297 774 3360 sicut
803 3297 961 3379 expedire
990 3297 1151 3371 videritis,
1182 3302 1409 3359 transmutare.
1462 3290 1615 3356 Obeunte
1647 3298 1757 3354 autem

83 3383 234 3448 eiusdem
256 3381 283 3468 c)
299 3385 487 3449 monasterii
502 3385 633 3461 abbate,
657 3385 779 3461 fratres,
813 3386 891 3450 inibi
915 3388 1101 3462 existentes,
1124 3393 1252 3468 patrem
1275 3384 1338 3447 sibi
1368 3391 1469 3464 atque
1499 3383 1690 3463 magistrum
1713 3379 1757 3442 de

82 3475 157 3556 ipsa
189 3475 458 3556 congregatione,
496 3477 523 3537 si
554 3474 598 3539 ibi
629 3477 767 3539 idoneus
798 3477 946 3539 inventus
977 3475 1089 3550 suerit,
1133 3473 1183 3538 vel
1215 3475 1259 3537 de
1288 3480 1452 3536 conventu
1484 3469 1620 3534 ecclesie
1649 3477 1757 3532 vestre

82 3563 267 3626 secundum
307 3564 405 3627 deum
445 3571 477 3626 et
507 3564 595 3627 beati
625 3564 797 3628 Benedicti
826 3566 971 3648 regulam
1005 3565 1134 3646 eligant.
1186 3563 1296 3646 Ipsam
1327 3581 1406 3625 vero
1439 3559 1633 3623 electionem
1663 3559 1757 3622 vobis

82 3660 314 3735 representent
343 3661 376 3716 et
407 3652 732 3718 confirmationema
762 3653 861 3718 vobis
889 3655 1062 3736 requirant.
1108 3651 1273 3727 Ceterum,
1304 3651 1358 3731 qui
1389 3649 1513 3714 electus
1547 3649 1642 3712 suerit
1671 3656 1705 3712 et
1737 3669 1757 3712 a

82 3743 180 3804 vobis
208 3741 364 3806 canonice
394 3741 611 3819 confirmatus
643 3764 662 3805 a
685 3742 819 3807 Lucano
843 3744 1001 3826 episcopo
1024 3742 1289 3806 benedictionem
1311 3742 1477 3822 suscipiat
1522 3738 1579 3800 Ad
1601 3739 1756 3801 indicium

82 3839 195 3894 autem
220 3830 316 3894 huius
339 3840 450 3895 nostre
474 3833 692 3895 concessionis
722 3841 788 3896 tres
815 3832 975 3896 bizantios
1005 3835 1036 3896 in
1068 3832 1259 3894 ascensione
1288 3830 1413 3893 domini
1443 3828 1540 3891 nobis
1572 3830 1756 3908 nostrisque

81 3922 329 3985 successoribus
354 3921 444 3984 annis
474 3922 607 4003 singulis
638 3920 838 4004 persolvetis.
885 3921 1099 3984 Decernimus
1129 3941 1217 4002 erg0,
1249 3928 1284 3982 ut
1314 3918 1392 3982 nulli
1423 3919 1555 3981 omnino
1588 3915 1756 3980 hominum

1 4035 2 4038 ¹
82 4010 189 4085 liceat,
219 4008 313 4073 huius
345 4018 456 4074 nostre
478 4011 699 4074 concessionis
722 4014 875 4094 paginam
899 4011 1072 4074 temerario
1096 4031 1175 4072 ausu
1208 4008 1383 4092 infringere
1411 4006 1464 4070 vel
1496 4009 1526 4071 ei
1556 4007 1756 4087 aliquatenus

1 4173 2 4182 ἵ
82 4099 256 4163 contraire.
302 4096 338 4163 Si
362 4099 432 4180 quis
455 4109 566 4163 autem
593 4101 627 4164 id
651 4108 847 4183 attemptare
878 4102 1122 4183 presumpserit,
1144 4100 1289 4163 secundo
1313 4145 1320 4160 .
1344 4146 1351 4160 .
1376 4147 1382 4161 .
1406 4145 1413 4158 .
1437 4096 1552 4160 ultioni
1581 4095 1755 4160 subiaceat.

82 4191 205 4254 Amen.
230 4191 350 4254 Arnen.
373 4190 492 4252 Amen.
1449 4227 1451 4230 -

301 4276 355 4362 (R)
379 4280 451 4360 Ego
475 4277 642 4341 Adrianus
665 4277 825 4342 catholice
849 4278 984 4342 ecclesie
1008 4279 1184 4360 episcopus
1207 4297 1248 4338 ss.
1271 4273 1333 4359 (Μ)

300 4403 344 4415 -
366 4367 387 4448 †
408 4369 481 4448 Ego
505 4367 679 4431 Hubaldus
702 4367 864 4450 presbiter
887 4368 1058 4430 cardinalis
1082 4368 1129 4429 tit.
1152 4374 1262 4430 sancte
1286 4363 1443 4428 Praxedis
1466 4383 1508 4427 ss.

299 4458 320 4537 †
343 4457 415 4539 Ego
439 4456 535 4520 lulius
559 4457 721 4539 presbiter
744 4457 913 4520 cardinalis
936 4459 984 4520 tit.
1008 4456 1108 4518 sancti
1132 4453 1277 4519 Marcelli
1300 4473 1342 4516 ss.

299 4547 320 4626 †
342 4547 415 4628 Ego
439 4545 653 4609 Ildebrandus
677 4547 839 4627 presbiter
862 4545 1032 4609 cardinalis
1055 4545 1188 4608 basilice
1211 4558 1262 4608 XII
1284 4539 1522 4625 Apostolorum
1545 4562 1588 4605 ss.

300 4635 320 4714 †
342 4637 415 4717 Ego
439 4634 598 4698 lohannes
622 4635 782 4717 presbiter
806 4635 978 4698 cardinalis
1001 4635 1047 4696 tit.
1070 4642 1182 4698 sancte
1204 4632 1381 4696 Anastasie
1403 4651 1445 4693 ss

299 4723 320 4804 †
343 4723 415 4806 Ego
440 4723 627 4788 Guilielmus
651 4724 813 4806 presbiter
836 4723 1007 4787 cardinalis
1031 4725 1078 4786 tit.
1102 4724 1207 4786 sancti
1232 4721 1318 4785 Petri
1342 4722 1384 4783 ad
1407 4720 1546 4784 Vincula
1569 4739 1611 4782 ss.

300 4849 343 4859 -
365 4815 386 4894 †
409 4814 481 4895 Ego
506 4812 607 4876 Oddo
630 4814 787 4877 diaconus
810 4814 982 4878 cardinalis
1004 4814 1107 4875 sancti
1130 4811 1261 4893 Georgii
1284 4811 1326 4873 ad
1350 4808 1470 4873 Velum
1492 4829 1626 4873 aureum
1650 4830 1691 4875 ss

299 4901 320 4982 †
342 4903 415 4984 Ego
438 4905 527 4966 Boso
550 4904 707 4967 diaconus
730 4902 902 4967 cardinalis
924 4909 1110 4966 sanctorum
1135 4899 1255 4965 Cosme
1278 4907 1311 4962 et
1333 4899 1486 4964 Damiani
1508 4918 1549 4962 ss.

300 4990 320 5071 †
343 4991 415 5073 Ego
440 4991 598 5072 Cinthyus
620 4992 723 5054 sancti
746 4990 883 5055 Adriani
908 4993 1062 5056 diaconus
1086 4990 1255 5053 cardinalis
1277 5009 1319 5052 ss.

299 5079 319 5158 †
342 5080 414 5163 Ego
438 5081 638 5144 Raimundus
662 5083 820 5145 diaconus
843 5079 1012 5144 cardinalis
1035 5087 1146 5143 sancte
1170 5079 1274 5142 Marie
1297 5081 1329 5141 in
1351 5076 1415 5140 Via
1437 5075 1503 5140 lata
1525 5097 1567 5141 ss.

246 5168 323 5233 Dat.
338 5169 497 5246 Laterani,
522 5191 581 5252 per
601 5191 732 5234 manum
750 5170 897 5246 Rolandi,
920 5178 1033 5232 sancte
1055 5169 1205 5232 Romane
1228 5166 1365 5232 ecclesie
1388 5167 1560 5250 presbiteri
1584 5165 1755 5232 cardinalis

82 5267 115 5322 et
144 5259 341 5322 cancellarii.
387 5272 448 5321 vul
481 5259 558 5322 Idus
589 5258 674 5322 Nov.
724 5260 906 5323 indictione
928 5273 987 5322 vn.
1034 5258 1267 5322 incarnationis
1300 5256 1462 5321 dominice
1494 5277 1579 5320 anno
1611 5269 1755 5322 MCLvlll.

83 5346 298 5412 Pontificatus
321 5369 399 5412 vero
424 5349 535 5412 domni
559 5349 696 5412 Adriani
719 5369 805 5433 pape
828 5362 881 5411 1111
902 5369 987 5412 anno
1011 5363 1071 5412 1111.

245 5462 397 5530 Brglaubrgte
413 5463 615 5527 Kopr'nlurlrrmde
632 5464 672 5512 des
691 5467 724 5513 14
746 5463 847 5528 Jahrb,
867 5463 901 5512 im
918 5463 1031 5513 ArcIu'vio
1050 5463 1077 5510 di
1094 5462 1161 5512 staro
1177 5478 1207 5511 err
1220 5460 1342 5521 rlIar‘lrmd,
1360 5461 1416 5510 und
1430 5459 1554 5526 Alsrlm'ft
1573 5461 1602 5511 G.
1621 5461 1691 5523 VIII,
1704 5461 1756 5514 243

78 5541 103 5597 p.
126 5537 188 5594 124,
207 5535 235 5584 in
253 5535 297 5584 der
312 5536 375 5586 Bibl.
398 5535 517 5600 Cbiginna
534 5551 564 5584 au
584 5537 653 5584 Rom.

225 5681 249 5686 .-
258 5679 507 5686 ——--—----—--

242 5745 267 5807 a)
288 5740 421 5806 agitare!
488 5740 514 5808 b)
534 5738 679 5808 [Gervasie]
701 5739 734 5788 II
800 5741 825 5806 c)
844 5741 989 5805 predictil.
1081 5739 1117 5804 ,1)
1142 5739 1218 5806 Vergl.
1238 5737 1275 5788 die
1297 5739 1357 5791 Urk.
1375 5753 1431 5789 vom
1450 5741 1466 5788 ⁶
1484 5737 1633 5854 Maiam

1500 5827 1532 5886 25
