4126 6366
1680 295 1743 360 397

61 465 196 548 pensius
236 462 553 542 commendandum,
592 458 788 550 mo[ne]ntes
820 464 975 527 attentius
1006 483 1044 526 ac
1076 483 1136 546 per
1166 464 1348 546 apostolica
1378 467 1502 549 scripta
1533 465 1745 550 precipiendo

61 551 293 642 [man]dantes,
322 555 475 636 quatinus
498 573 572 616 eum
597 553 739 635 benigno
763 553 925 635 recipiatis
958 552 1075 616 affectu
1096 551 1119 639 ¹)
1151 555 1238 617 etei
1262 566 1430 638 tamquam
1454 563 1563 620 vestro
1586 555 1745 640 spirituali

61 645 148 728 patri
173 643 386 708 reverentiam
411 649 445 705 et
468 637 718 729 [obe]dientiam
742 640 927 706 exhibeatis
950 642 1098 706 debitam
1123 649 1156 706 et
1178 641 1349 708 honorem.
1395 646 1440 709 Et
1470 647 1515 709 ita
1545 647 1577 708 in
1607 647 1745 728 agendis

61 733 253 799 monasterii
284 735 436 796 assistere
468 732 667 815 procuretis,
698 738 733 793 ut
762 739 797 793 et
825 733 1057 795 monasterium
1086 731 1193 815 ipsum
1218 753 1260 796 ex
1284 734 1352 798 utili
1376 733 1563 817 provisione
1586 735 1689 817 ipsius
1713 743 1747 799 et

60 844 124 886 vos
148 843 264 887 omnes
289 824 321 885 in
343 821 567 903 spiritualibus
590 829 625 884 et
646 820 885 903 temporalibus
909 831 1043 884 auctore
1071 822 1206 885 domino
1230 825 1335 907 magis
1361 843 1399 887 ac
1416 819 1545 910 [ma]gis
1561 824 1745 906 suscipiatis

60 921 278 997 augmentum
311 919 345 973 et
375 911 464 974 idem
488 909 600 986 abbas,
630 907 816 973 laventibus
839 909 935 974 vobis
959 917 992 973 et
1014 909 1339 988 amminiculantibus,
1362 913 1509 978 studiose
1532 915 1708 978 iniunctum
1737 909 1742 1000 l

60 1002 126 1066 sibi
149 1001 297 1066 officium
321 1001 499 1064 commode
514 1020 554 1062 ac
568 997 742 1063 salubriter
757 998 865 1063 valeat
881 1019 1044 1064 exercere.
1066 1034 1111 1046 -
1133 999 1257 1064 Datum
1272 1001 1433 1077 Laterani,
1457 1017 1509 1068 1111
1524 1001 1578 1066 Kl.
1598 998 1604 1088 Ι
1625 1000 1746 1066 Octub.

61 1090 282 1156 Pontificatus
305 1090 407 1152 nostri
429 1109 517 1152 anno
540 1097 667 1171 quarto.

230 1205 274 1254 οι.
291 1205 348 1254 me
361 1183 488 1268 neereifr
505 1203 537 1254 ε.
562 1203 602 1253 vr.
623 1204 681 1264 ne,
700 1201 727 1252 rn
745 1201 789 1252 der
805 1202 869 1252 eur.
891 1202 1010 1270 cnam
1026 1217 1056 1252 aa
1074 1206 1143 1254 rm.

230 1277 283 1334 Or„
298 1277 368 1342 Perg.
381 1275 442 1335 r'taL,
455 1276 492 1326 br.
505 1277 707 1335 0,197-0,20l,
720 1275 781 1339 larg
791 1275 876 1334 9182,
889 1281 963 1324 natm
975 1277 1051 1336 0,019
1064 1279 1253 1343 ungeschlagen,
1273 1278 1351 1330 durch
1369 1283 1385 1330 9
1399 1282 1491 1331 Lb'cher
1505 1280 1568 1347 ging
1584 1281 1621 1330 dr'e
1639 1281 1745 1340 scum,

61 1349 151 1400 welche
169 1347 215 1398 nn'l
231 1348 285 1398 dene
303 1348 428 1413 Bleisiegel
441 1348 557 1428 verlorrn.
595 1345 703 1411 Funmg
716 1345 812 1428 lemma!
826 1345 870 1394 der
886 1346 971 1412 Ldnge
988 1347 1044 1396 md
1059 1349 1152 1398 nnnral
1164 1350 1209 1399 der
1225 1349 1304 1399 Brute
1320 1354 1392 1404 nacla.

815 1523 882 1598 Nr.
903 1525 994 1600 471.

67 1657 213 1723 Citlesteie
230 1656 296 1721 III
305 1655 498 1740 becuftragt
510 1654 572 1719 den
587 1655 653 1719 Abt
666 1676 727 1720 von
742 1655 811 1721 San
831 1655 1021 1721 Columbano
1041 1655 1104 1737 (D.
1121 1654 1262 1737 Babba),
1285 1656 1340 1721 die
1358 1655 1554 1722 Gezktlicleen
1569 1679 1630 1722 von
1644 1657 1748 1722 Saum

63 1748 182 1812 Maria
205 1747 245 1812 di
264 1745 402 1810 Castello
430 1746 464 1809 in
482 1744 613 1810 Genava
639 1745 847 1825 anzuhalten,
873 1745 947 1810 dem
970 1743 1234 1832 Urtlreilsspruch
1261 1744 1296 1811 in
1323 1746 1428 1811 zerem
1444 1747 1562 1812 Streite
1587 1744 1650 1812 mz't
1673 1746 1747 1811 dem

274 1834 489 1919 Domleapitel
498 1855 560 1898 von
579 1833 693 1899 Genua
707 1856 818 1918 wegen
832 1836 893 1900 der
908 1833 1031 1900 Kirclre
1044 1856 1105 1899 von
1120 1835 1210 1900 Molo
1224 1835 1492 1902 nachzukommen
1509 1837 1547 1918 ²).

546 1953 631 2014 1194
648 1949 831 2017 November
845 1955 894 2016 15.
925 1951 958 2016 S.
974 1952 1071 2016 Peter
1083 1972 1148 2016 von
1165 1950 1257 2016 Rom.

229 2066 411 2133 Celestinus
427 2068 614 2152 episcopus,
636 2087 748 2132 servus
772 2087 940 2132 servorum
964 2069 1028 2145 dei,
1050 2068 1172 2133 dilecto
1196 2067 1269 2144 filio,
1293 2068 1405 2134 abbati
1428 2069 1531 2134 sancti
1552 2067 1747 2134 Columbani

60 2160 96 2222 in
121 2157 279 2222 Bobiensi
303 2158 427 2222 diocesi
450 2159 647 2233 constituto,
679 2156 818 2221 salutem
847 2167 879 2222 et
902 2157 1118 2240 apostolicam
1143 2157 1419 2223 benedictionem.
1465 2157 1644 2242 Conquesti
1673 2166 1748 2222 sunt

62 2247 177 2312 dilecti
201 2246 268 2324 filii,
292 2245 469 2330 capitulum
493 2246 659 2322 Ianuensis
683 2246 831 2323 ecclesie,
855 2249 946 2328 quod
971 2246 1078 2312 clerici
1100 2256 1214 2310 sancte
1230 2247 1335 2312 Marie
1357 2249 1401 2312 de
1417 2246 1558 2313 Castello
1582 2248 1625 2312 de
1647 2247 1747 2312 Ianua

62 2337 330 2415 transactionem,
354 2357 420 2418 que
442 2337 526 2400 inter
550 2357 609 2400 eos
632 2345 667 2400 et
689 2339 779 2418 ipsos
803 2357 903 2421 super
925 2337 1065 2400 ecclesia
1088 2337 1131 2400 de
1147 2337 1286 2401 Modulo
1302 2358 1362 2420 per
1376 2338 1597 2402 venerabilem
1613 2337 1746 2401 sratrmn

62 2434 226 2502 nostrum,
248 2425 497 2490 Vercellensem
521 2428 726 2509 episcopum,
756 2434 789 2490 et
812 2426 997 2491 conludices
1020 2428 1090 2490 eius
1113 2426 1229 2510 primo,
1259 2428 1474 2510 postmodum
1508 2447 1567 2511 per
1589 2427 1747 2491 dilectum

62 2515 169 2578 filium
202 2523 349 2578 nostrum
381 2511 612 2598 F(idantium),
648 2517 696 2578 tit
728 2517 831 2579 sancti
861 2516 1006 2580 Marcelli
1037 2514 1252 2598 presbiterum
1285 2514 1496 2593 cardinalem,
1535 2517 1748 2580 intervenisse

61 2606 274 2688 dignoscitur
289 2612 322 2669 et
338 2605 434 2681 lacta,
451 2605 493 2668 ab
510 2612 648 2684 utraque
672 2613 766 2687 parte
789 2625 955 2681 concessa,
978 2625 1043 2693 uon
1067 2612 1180 2667 curant
1203 2605 1406 2688 aliquatenus
1430 2606 1615 2670 observare.
1662 2603 1748 2687 Quia

61 2696 165 2778 igitur
195 2693 291 2757 nobis
322 2695 472 2758 imminet
503 2695 763 2777 precavendum,
787 2715 828 2758 ne
851 2694 1075 2758 controversia
1098 2693 1216 2774 aliqua,
1240 2715 1315 2758 curn
1338 2694 1548 2777 preluditium
1572 2695 1624 2760 vel
1646 2701 1748 2758 trans·

61 2786 231 2848 actionem
262 2784 372 2866 sopita
395 2783 506 2859 suerit,
538 2803 598 2865 per
621 2782 804 2863 aliquorum
829 2783 991 2848 maliciam
1015 2782 1137 2847 debeat
1160 2786 1191 2846 in
1216 2784 1391 2848 recidivam
1415 2785 1534 2862 induci,
1558 2783 1747 2848 discretioni

61 2883 175 2936 vestre
206 2892 266 2956 per
296 2874 481 2956 apostolica
511 2875 635 2955 scri-pta
666 2874 876 2948 mandamus,
907 2875 1060 2956 quatinus
1089 2872 1234 2956 prelatos
1257 2873 1393 2937 clericos
1416 2875 1459 2936 ad
1483 2874 1746 2938 observationem

61 2963 292 3026 transactionis
316 2961 399 3026 illius
423 2982 557 3026 moneas
581 2963 737 3029 attentius
760 2971 794 3026 et
817 2957 974 3026 inducas(
1007 2960 1167 3043 Alioquin
1190 2983 1247 3026 eos
1271 2961 1401 3027 adhoc
1428 2982 1489 3046 per
1511 2963 1747 3026 districtionem

62 3051 340 3128 ecclesiasticam,
371 3051 594 3135 appellatione
617 3060 782 3128 cessante,
813 3052 1009 3134 compellas,
1033 3060 1067 3115 et
1090 3073 1154 3115 non
1179 3052 1333 3116 obstante
1357 3071 1407 3128 eo,
1432 3052 1522 3134 quod
1546 3047 1748 3136 .G(erardus)

62 3141 232 3224 presbiter
253 3150 288 3205 et
311 3139 434 3217 Petrus,
458 3140 608 3205 canonici
630 3148 743 3204 sancte
758 3141 862 3205 Marie
886 3143 928 3205 de
950 3141 1095 3206 Castello
1125 3141 1243 3205 titulati
1267 3150 1301 3204 et
1324 3141 1433 3204 clerici
1448 3141 1595 3224 predicte
1612 3140 1748 3206 ecclesie

62 3232 107 3293 de
142 3231 282 3294 Modulo
313 3250 386 3294 esse
422 3230 589 3302 dicantur,
628 3231 692 3293 iarn
724 3231 846 3295 dictum
877 3231 1055 3313 capitulum
1087 3232 1120 3294 in
1150 3229 1357 3313 corporalem
1390 3233 1635 3313 possessionem
1662 3213 1749 3292 lllius

62 3320 210 3384 ecclesie
237 3321 392 3384 inducere
425 3341 491 3384 non
522 3321 665 3394 omittas,
689 3321 955 3395 contradictores,
987 3323 1014 3383 si
1038 3320 1093 3401 qui
1116 3319 1243 3396 luerint,
1276 3319 1496 3385 ecclesiastica
1520 3340 1655 3384 censura
1677 3339 1749 3400 per·

62 3409 201 3474 cellens
223 3445 268 3456 -
290 3409 366 3474 Dat.
390 3410 498 3474 Rome
527 3409 616 3493 apud
648 3418 799 3474 sanctum
822 3411 969 3486 Petrum,
999 3422 1075 3473 xvn
1104 3407 1158 3472 Kl.
1190 3408 1350 3473 Decemb.
1404 3409 1615 3474 Pontificatus
1645 3409 1748 3472 nostri

64 3519 157 3564 anno
180 3511 227 3564 IV.

228 3611 352 3681 autemst
368 3615 412 3664 aar
428 3611 536 3666 Miscere.
553 3613 580 3662 dr
596 3613 660 3664 seor.
680 3611 766 3678 eque.
790 3613 815 3662 ν
822 3621 850 3678 p.
870 3613 931 3673 aas,
948 3613 976 3662 a
993 3613 1036 3662 der
1053 3611 1115 3662 eur
1138 3611 1220 3663 coeca
1235 3630 1266 3663 m
1286 3613 1381 3667 omna.

816 3792 883 3866 Nr.
904 3795 994 3866 472.

69 3922 214 3990 Ciihstzn
230 3923 296 3990 III
315 3923 466 4010 bestdtsset
486 3925 561 3990 dem
576 3923 789 4097 Dmafftcl
807 3945 883 4096 popp
897 3923 1067 4077 gillam
1082 3923 1191 4100 §erite
1213 3924 1275 3989 der
1299 3922 1436 4010 Kapelle
1458 3925 1527 3990 San
1551 3927 1692 3990 Lernaeo
1713 3924 1753 3989 di

733 4034 766 4078 m
789 4034 834 4077 oe
933 4061 940 4078 .
986 4033 1118 4078 arenae.

661 4131 745 4194 1194
760 4127 937 4194 December
950 4132 981 4194 6.
1013 4129 1164 4194 [aaran.

231 4245 454 4311 CELESl‘lNus
477 4245 664 4328 episcopus,
695 4265 808 4310 servus
830 4265 999 4310 servorum
1023 4246 1087 4322 dei,
1110 4244 1237 4310 dilectis
1260 4245 1333 4309 filiis
1356 4293 1363 4308 .
1388 4293 1395 4308 .
1418 4242 1693 4328 archipresbitero
1718 4254 1752 4309 et

65 4337 238 4399 canonicis
262 4333 402 4409 Pisanis,
434 4333 573 4399 salutern
608 4342 641 4398 et
671 4331 902 4420 apostolilcam
933 4335 1210 4400 benedictionem.
1256 4335 1352 4398 Iustis
1375 4335 1555 4418 petentium
1580 4335 1751 4400 desideriis

65 4426 207 4508 dignum
231 4431 282 4487 est
304 4445 365 4487 nos
381 4423 508 4488 facilem
525 4423 665 4506 prebere
680 4445 876 4489 consensum
893 4431 926 4489 et
942 4433 1028 4500 vota,
1052 4446 1118 4507 que
1140 4425 1309 4489 arationis
1324 4424 1454 4488 tramite
1470 4443 1537 4487 non
1552 4424 1750 4500 discordant,

66 4513 190 4577 effectu
215 4521 436 4596 prosequente
458 4511 635 4596 complere.
681 4512 883 4598 Eapropter,
916 4513 1025 4577 dilecti
1058 4516 1091 4577 in
1121 4515 1258 4577 domiuo
1281 4513 1352 4590 filii,
1382 4515 1498 4576 vestris
1526 4513 1616 4577 iustis
1639 4522 1751 4597 postu·

65 4603 247 4667 lationibus
276 4609 371 4685 grato
404 4609 635 4665 concurrentes
665 4623 814 4680 assensu,
844 4602 1006 4686 capellam
1037 4604 1143 4666 sancti
1164 4602 1329 4668 Laurentii
1361 4603 1405 4665 de
1432 4600 1590 4678 Embul0,
1623 4604 1753 4667 noviter

67 4700 309 4767 constructam,
339 4711 413 4756 cum
438 4691 641 4773 pertinentiis
665 4694 746 4769 suis,
776 4693 858 4757 sicut
887 4691 1121 4757 rationabiliter
1150 4713 1189 4756 ac
1217 4693 1285 4755 sine
1315 4693 1537 4755 controversia
1566 4692 1750 4774 possidetis,

66 4782 166 4847 vobis
191 4790 226 4845 et
248 4801 308 4863 per
329 4801 389 4844 vos
413 4779 551 4844 ecclesie
573 4789 681 4845 vestre
704 4783 898 4846 auctoritate
920 4782 1105 4864 apostolica
1128 4781 1358 4846 confirmamus
1391 4788 1424 4843 et
1454 4783 1616 4863 presentis
1638 4781 1751 4864 scripti

68 4872 257 4955 patrocinio
281 4870 530 4935 communimus.
576 4867 779 4946 Statuentes‚
810 4867 869 4958 [ut]
902 4870 978 4934 nulli
1007 4873 1141 4935 omnino
1164 4869 1334 4934 hominurn
1358 4870 1464 4948 liceat,
1488 4867 1573 4933 hanc
1596 4873 1750 4953 pagiuam

68 4971 183 5025 nostre
215 4959 472 5024 confirmationis
503 4957 676 5042 infringere
699 4960 751 5025 vel
782 4961 811 5024 ei
843 4980 923 5024 ausu
955 4961 1130 5025 temerario
1162 4961 1334 5023 contraire.
1380 4956 1416 5022 Si
1448 4961 1521 5039 quis
1551 4968 1661 5025 autem
1685 4958 1751 5024 hoc

67 5057 271 5132 attemptare
299 5049 552 5132 presumpserit,
583 5047 860 5136 indignaltionem
891 5049 1126 5132 omnipotentis
1156 5050 1210 5114 dei
1233 5057 1267 5113 et
1288 5048 1461 5112 beatorum
1485 5048 1571 5112 Petri
1594 5057 1627 5113 et
1650 5048 1750 5125 Pauli,

68 5139 299 5222 apostolorum
332 5140 417 5213 eius,
448 5157 484 5200 se
515 5139 641 5201 noverit
673 5139 884 5203 incursurum.
910 5173 949 5186 —
975 5139 1050 5203 Dat
1073 5138 1235 5214 Laterani,
1258 5153 1322 5202 vm
1344 5137 1423 5202 Idus
1445 5137 1622 5202 Decembr.
1668 5139 1752 5202 Pon·

69 5229 214 5294 tificatus
238 5227 340 5291 nostri
363 5248 451 5291 anno
475 5235 602 5309 quarto.

237 5341 280 5396 Or.
300 5341 358 5404 (Nr.
378 5344 448 5406 710),
467 5342 500 5392 rire
518 5343 634 5392 Archiurb
655 5341 789 5408 Capr‘tolare
805 5359 836 5392 m
856 5341 921 5396 Pisa

236 5415 305 5482 Perg.
323 5415 386 5474 ilat,
405 5415 440 5464 br.
461 5415 547 5475 0,186,
566 5416 626 5481 long
643 5415 712 5476 0,14,
731 5421 806 5464 men
823 5415 884 5475 0,or
903 5416 1092 5482 umgeschlagm,
1120 5412 1199 5463 durch
1216 5413 1274 5463 euvei
1290 5413 1383 5464 [delier
1396 5412 1460 5480 ging
1476 5413 1513 5463 die
1531 5413 1637 5475 Scluner,
1664 5415 1750 5464 welche

70 5487 115 5536 nit
131 5488 187 5537 dem
204 5485 329 5553 Bler'sr'egel
343 5489 460 5547 verlorm,
481 5485 591 5552 Faltmrg
607 5487 651 5536 der
667 5487 769 5536 Brevm.

239 5692 263 5760 ι)
283 5689 365 5741 Dieses
383 5691 460 5740 Breve
477 5689 508 5739 ist
524 5689 591 5740 nicht
607 5689 720 5739 erialtm.
795 5693 822 5758 2)
847 5687 924 5756 Vergl.
943 5689 980 5739 dr'e
1001 5689 1119 5740 Urhmde
1135 5704 1189 5740 vom
1208 5690 1242 5740 91
1261 5687 1338 5755 Apn'l
1352 5691 1426 5742 1193.
