4126 6366
318 311 382 408 380

1064 509 1128 584 Nr.
1159 514 1247 585 440.

322 620 468 683 Clemens
481 619 545 682 III
556 618 707 700 beslhtegt
721 617 793 680 dean
809 615 939 680 Klostee
948 613 1049 681 Sante
1062 615 1199 697 Stefana
1215 614 1255 680 da'
1267 615 1398 679 Genava
1412 617 1474 680 den
1491 617 1599 681 Besita
1613 618 1675 681 dee
1690 615 1813 681 Ke'eche
1828 617 1899 680 San
1922 615 2028 680 Giu-

317 710 405 772 le'ane
417 709 456 772 di
467 709 593 772 Navali
603 707 672 771 aad
682 706 841 786 verbietet,
856 706 936 770 dass
948 705 1092 792 jemand
1109 706 1171 770 das
1184 704 1315 770 Klester
1325 703 1385 769 mit
1395 706 1572 789 eenbe'lle'gen
1586 706 1814 791 Foederungen
1826 706 1952 770 belaste
1969 707 2026 783 ¹).

913 825 994 884 1191
1011 821 1159 886 Febeuar
1171 825 1223 886 13.
1256 821 1406 886 Lateran.

476 940 645 1004 CLEMENS
676 940 866 1022 episcopus,
898 959 1008 1002 servus
1038 959 1205 1002 servorum
1235 937 1303 1015 dei,
1338 939 1465 1002 dilectis
1496 939 1583 1014 filiis,
1615 933 1785 1024 Guid(oni)
1817 939 1938 1003 abbati
1976 950 2025 1003 et

317 1031 471 1094 iratribus
502 1031 690 1092 monasterii
721 1029 824 1092 sancti
858 1028 1033 1110 Stephani,
1063 1025 1067 1112 Ι
1095 1028 1234 1092 salutem
1263 1038 1296 1090 et
1326 1028 1543 1110 apostolicam
1574 1029 1850 1092 benedictionem.
1905 1028 2024 1092 Iustis

317 1121 502 1204 petentium
528 1119 697 1182 desideriis
721 1119 857 1199 dignum
878 1128 927 1181 est
951 1139 1011 1180 nos
1036 1118 1165 1180 facilem
1181 1118 1319 1200 prebere
1336 1137 1531 1180 consensum
1552 1115 1556 1202 Ι
1577 1129 1611 1181 et
1625 1128 1711 1194 vota,
1737 1139 1801 1200 que
1817 1140 1837 1180 a
1861 1120 2023 1181 rationis

317 1211 449 1273 tramite
485 1229 551 1273 non
583 1208 789 1283 discordant,
823 1207 939 1270 effectu
964 1213 1183 1290 prosequente
1208 1208 1383 1288 complere.
1430 1207 1633 1289 Eapropter,
1667 1208 1776 1270 dilecti
1802 1209 1834 1271 in
1860 1209 2022 1272 domino

318 1300 382 1375 filii,
416 1299 531 1360 vestris
555 1298 647 1360 iustis
670 1297 947 1379 postulationibus
971 1304 1065 1378 grato
1098 1304 1328 1359 concurrentes
1358 1317 1506 1374 assensu,
1540 1298 1712 1360 ecclesiam
1742 1299 1846 1361 sancti
1871 1297 2021 1374 Iuliani,

317 1391 415 1450 sitam
439 1388 471 1450 in
495 1388 657 1449 territorio
675 1383 849 1470 Nab01i2),
874 1406 948 1448 cum
972 1386 1125 1449 omnibus
1148 1387 1353 1467 pertinentiis
1376 1387 1449 1461 suis,
1475 1407 1494 1448 a
1517 1387 1693 1449 venerabili
1719 1387 1816 1450 fratre
1833 1397 1956 1450 nostro
1980 1438 1987 1450 .
2011 1437 2021 1449 .

317 1475 477 1540 Saonensi
502 1478 670 1558 episcopo,
695 1478 752 1557 pia
773 1475 869 1538 vobis
893 1470 1155 1562 de[liberati]one
1178 1494 1370 1538 concessam
1394 1485 1427 1538 et
1446 1475 1569 1558 scripto
1587 1477 1688 1558 ipsius
1705 1477 1869 1540 autentico
1887 1471 2020 1562 rob[o-

318 1563 442 1644 rataml
466 1566 550 1628 sicut
573 1585 646 1628 eam
670 1566 752 1627 iuste
777 1574 809 1628 et
833 1566 992 1646 canonice
1016 1565 1201 1646 possidetis
1225 1564 1321 1627 vobis
1346 1559 1401 1649 [et]
1425 1585 1484 1646 per
1506 1585 1565 1628 vos
1589 1567 1652 1647 ipsi
1669 1567 1867 1628 monasterio
1886 1577 2020 1628 aucto-

318 1658 413 1718 ritate
437 1651 632 1738 [apostolica
664 1649 907 1738 confirmlamus
937 1665 970 1717 et
1000 1653 1160 1736 presentis
1190 1655 1302 1735 scripti
1327 1654 1509 1736 patrocinio
1534 1650 1807 1740 communi[mus].
1854 1655 1916 1717 Ad
1942 1656 2021 1717 hec

318 1747 475 1807 universis
499 1744 726 1807 ecclesiasticis
749 1743 989 1806 secularibusve
1020 1744 1168 1826 personis
1200 1745 1298 1806 artius
1329 1743 1530 1819 inhibemus,
1564 1765 1606 1807 ne
1636 1745 1795 1807 seculares
1818 1745 1869 1808 vel
1897 1745 2019 1807 eccle·

317 1835 465 1896 siasticas
485 1831 513 1918 a)
537 1834 727 1895 exactiones
751 1833 860 1895 illicite
879 1829 907 1918 b)
931 1843 964 1895 et
988 1841 1103 1895 contra
1126 1833 1405 1906 consuetudinem,
1429 1833 1587 1896 hactenus
1611 1833 1828 1910 observatam,
1857 1855 1876 1896 a
1902 1835 2019 1896 vobis

317 1924 368 1998 vel
399 1922 642 1985 successoribus
672 1923 786 1984 vestris
818 1923 949 2003 exigere
977 1922 1029 1984 vel
1062 1923 1093 1984 in
1125 1933 1294 2003 posterum
1326 1933 1521 2004 extorquere
1551 1935 1750 2004 presumant.
1796 1923 1884 1985 Nulli
1922 1945 2018 2005 ergo

319 2013 454 2075 omnino
487 2011 657 2074 hominum
690 2011 793 2086 liceat,
827 2009 911 2074 hanc
943 2012 1098 2092 paginam
1130 2022 1240 2074 nostre
1273 2011 1531 2074 confirmationis
1566 2012 1739 2095 infringere
1770 2012 1821 2075 vel
1854 2013 1883 2075 ei
1922 2033 2018 2075 ausu

317 2102 489 2164 temerario
514 2101 684 2164 contraire.
731 2100 765 2163 Si
791 2101 862 2180 quis
886 2110 995 2162 autem
1019 2100 1084 2162 hoc
1107 2108 1304 2183 attemptare
1327 2102 1571 2183 presumpserit,
1596 2102 1857 2184 indignationem
1878 2101 2018 2184 omnij-

317 2191 460 2272 potentis
485 2190 537 2251 dei
562 2200 595 2252 et
618 2190 791 2251 beatorum
815 2189 900 2252 Petri
932 2200 965 2252 et
987 2190 1086 2267 Pauli,
1120 2191 1347 2271 apostolorum
1378 2192 1464 2270 eius,
1494 2211 1530 2254 se
1560 2192 1687 2254 noverit
1717 2193 1936 2254 incursurum.
1966 2227 2018 2236 —-

317 2283 394 2343 Dat.
419 2281 583 2355 Laterani,
605 2279 609 2359 1
630 2278 707 2342 Idus
730 2279 826 2341 Febr.
871 2278 1085 2342 Pontificatus
1108 2280 1211 2341 nostri
1235 2300 1322 2342 anno
1348 2288 1473 2362 quarto
1498 2315 1541 2324 -

480 2392 523 2442 Or.
542 2393 579 2449 (S.
599 2393 717 2457 Stefana),
736 2391 770 2442 e'm
787 2391 900 2442 Archivie
918 2393 945 2442 di
961 2393 1029 2441 State
1045 2409 1075 2442 ne
1098 2393 1190 2442 Genua.

479 2464 549 2529 Perg.
569 2465 630 2524 ital,
647 2466 682 2513 br.
703 2466 773 2524 O,23,
791 2467 851 2529 lang
868 2467 935 2524 0,21,
954 2471 1029 2513 nerten
1047 2467 1126 2524 0,018
1144 2465 1335 2532 umgeschlagen,
1354 2466 1433 2516 durch
1451 2465 1509 2515 senei
1525 2466 1618 2517 Laena
1635 2467 1693 2530 geht
1717 2465 1754 2516 die
1779 2483 1833 2516 rasa
1858 2467 1920 2516 und
1940 2469 2019 2534 gelbe

318 2535 502 2595 Seidensehenee,
523 2537 593 2586 deren
614 2537 738 2602 Bla'shgel
752 2537 868 2596 verleren,
887 2536 995 2602 Fallung
1012 2536 1055 2586 der
1071 2537 1174 2588 Beeeen.

1064 2821 1130 2896 Ns.
1157 2825 1246 2896 441.

323 2926 461 2990 Chleste'n
478 2927 543 2991 HI
554 2926 745 3010 beansteagt
758 2927 812 2990 die
828 2926 979 3006 Bisclzh'fe
993 2949 1054 2990 vore
1070 2927 1177 3007 Sz'ena,
1200 2929 1335 2992 Florena
1351 2930 1421 2992 and
1434 2931 1566 3005 Fz'esele,
1592 2929 1698 3010 daseia
1715 2951 1755 2993 au
1771 2953 1895 3014 sergea,
1923 2934 2016 2996 dass

317 3016 370 3080 die
387 3017 522 3080 Miinche
538 3016 606 3079 and
621 3015 806 3080 Konveesen
819 3038 880 3080 von
895 3016 1098 3097 Passrgnana
1113 3018 1174 3098 (D.
1193 3018 1343 3101 Ferenae)
1369 3019 1474 3083 ihrem
1490 3018 1569 3082 Abte
1580 3019 1763 3101 gelterchen
1777 3023 1847 3085 und
1859 3022 1919 3086 die
1934 3023 2015 3086 sich

529 3114 754 3188 aageenassten
768 3105 960 3188 Hospithlee
974 3105 1043 3168 aad
1060 3105 1285 3170 Gereehtsame
1300 3108 1479 3172 demselbea
1494 3108 1774 3173 enrhcheestatten.

868 3223 948 3283 1191
964 3219 1042 3284 Mai
1054 3225 1082 3285 6.
1115 3221 1148 3284 S.
1164 3222 1259 3286 Peter
1272 3243 1333 3285 ven
1347 3223 1443 3286 Rom.

478 3338 658 3401 Celestinus
682 3337 866 3419 episcopus
892 3359 1003 3400 servus
1026 3359 1191 3401 servorum
1218 3339 1279 3416 dei,
1299 3340 1541 3404 venerabilibus
1561 3341 1712 3404 fratribus
1733 3388 1759 3404 ..
1779 3341 1921 3406 Senensi
1937 3342 2013 3426 3)..

317 3427 509 3490 Florentino
526 3423 552 3512 ⁴)
576 3434 608 3489 et
624 3423 800 3512 Fesullano
818 3425 843 3512 ⁵)
867 3427 1040 3509 episcopis,
1061 3428 1199 3491 salutem
1216 3439 1249 3491 et
1265 3430 1483 3511 apostolicam
1501 3431 1776 3494 benedictionem.
1823 3432 2015 3513 Proposuit

317 3517 414 3580 nobis
445 3517 582 3579 dilectus
605 3516 689 3579 filius
719 3527 830 3579 noster
858 3514 1042 3598 GregoriuS,
1076 3518 1181 3581 abbas
1220 3519 1262 3581 de
1282 3515 1287 3602 Ι
1309 3517 1527 3600 Passignano,
1561 3521 1651 3602 quod
1683 3521 1817 3602 quidem
1849 3525 2012 3585 conversi

316 3607 373 3680 sui,
398 3606 513 3669 habitu
537 3606 759 3669 conversionis
784 3607 913 3682 reiect0,
939 3607 971 3668 in
996 3606 1181 3670 diocesibus
1204 3610 1319 3670 vestris
1344 3610 1476 3690 impune
1501 3619 1670 3672 morantur
1700 3619 1733 3672 et
1764 3610 1818 3674 alii
1844 3611 2010 3675 monachi

316 3695 438 3776 pariter
462 3705 494 3758 et
518 3696 665 3757 conversi
691 3695 833 3776 quedam
857 3695 1034 3777 hospitalia
1057 3705 1090 3758 et
1114 3697 1320 3760 obedientias
1347 3719 1421 3760 suas
1453 3709 1568 3761 contra
1590 3699 1793 3763 voluntatem
1826 3702 1894 3764 eius
1930 3722 2010 3782 pre·

316 3795 449 3848 sumunt
478 3805 538 3867 per
560 3785 751 3847 violentiam
776 3785 930 3848 detinere.
977 3785 1143 3865 Quoniam
1167 3788 1264 3868 igitur
1287 3787 1351 3850 hoc
1374 3789 1572 3850 contrarium
1598 3789 1746 3870 religioni
1771 3789 1841 3853 sore
1862 3791 2009 3855 minime

317 3875 500 3950 dubitatur,
534 3874 725 3936 fraternitati
755 3885 861 3937 vestre
893 3895 952 3956 per
983 3875 1167 3955 apostolica
1197 3877 1318 3958 scripta
1349 3877 1565 3959 precipiendo
1599 3878 1811 3954 mandamus,
1843 3881 2009 3960 quatinus

316 3963 483 4045 predictos
506 3964 686 4026 monachos
710 3973 743 4026 et
766 3983 942 4026 conversos
973 3964 1099 4026 tamdiu
1123 3967 1277 4028 nuntietis
1294 3967 1644 4029 excommunicationis
1665 3967 1793 4030 vinculo
1817 3969 2007 4044 subiacere,

317 4053 424 4114 donec
449 4053 490 4114 ad
516 4052 708 4115 mandatum
733 4061 766 4114 et
789 4052 1013 4115 obedientiam
1038 4053 1139 4134 ipsius
1163 4054 1294 4117 abbatis
1317 4054 1481 4118 humiliter
1513 4066 1715 4118 revertantur
1755 4067 1789 4119 et
1817 4058 2006 4140 hospitalia

316 4142 466 4223 predicta
489 4152 521 4204 et
545 4141 751 4204 obedientias
774 4142 807 4202 in
828 4138 833 4226 Ι
855 4161 953 4204 manu
977 4143 1078 4223 ipsius
1102 4142 1232 4206 abbatis
1265 4145 1447 4207 curaverint
1477 4146 1648 4228 resignare.
1673 4182 1717 4190 -
1740 4145 1816 4210 Dat.
1840 4149 1954 4210 Rome
1975 4147 2006 4232 c)

317 4233 407 4312 apud
427 4225 431 4314 1
453 4241 602 4293 sanctum
625 4231 766 4304 Petrum,
790 4243 816 4294 11
840 4231 925 4293 Non.
950 4232 1038 4293 Maii.
1085 4231 1294 4296 Pontificatus
1319 4235 1420 4297 nostri
1445 4255 1532 4297 anno
1556 4229 1687 4322 [primo]
1706 4235 1745 4314 d).

482 4343 524 4393 Or.
543 4343 635 4409 (Badio
653 4345 680 4392 di
698 4343 849 4408 Passr'gnmno
868 4346 884 4391 6
903 4343 971 4409 Mag.
992 4346 1077 4409 1191),
1095 4344 1129 4395 r'en
1146 4345 1260 4396 Archinr'o
1278 4346 1387 4397 distare
1404 4364 1434 4397 w
1451 4349 1558 4398 avarem.

480 4415 549 4480 Perg.
570 4417 629 4475 itan,
649 4416 684 4464 br.
704 4417 787 4475 0,171,
806 4417 869 4480 lang
885 4417 968 4477 0,123,
988 4423 1061 4466 umen
1080 4419 1160 4477 0,016
1182 4419 1374 4484 umgesehlagen,
1401 4420 1562 4487 Plumbienng
1586 4421 1631 4471 mit
1653 4421 1727 4471 cineae
1746 4421 1822 4471 Sn'iek
1845 4421 1887 4469 der
1906 4421 2003 4486 Perga-

316 4492 404 4537 menles
423 4484 508 4550 (antea
526 4488 612 4554 recens)
631 4487 793 4553 weggernsen,
813 4487 922 4553 Falhmg
939 4487 981 4538 der
998 4488 1099 4539 Brenn.

1061 4773 1127 4848 Nr.
1156 4777 1245 4850 442.

322 4881 352 4944 C
350 4881 463 4944 hlesle'n
480 4880 545 4943 III
556 4879 707 4962 beste'z'tegt
720 4881 793 4944 dean
809 4879 888 4943 Abte
905 4880 1071 4944 Beemund
1086 4901 1147 4944 von
1164 4880 1231 4944 San
1248 4881 1447 4946 Bartelemea
1468 4881 1509 4946 di
1526 4883 1697 4968 Carpinete
1718 4884 1776 4962 (D.
1792 4883 1915 4958 Penne)
1942 4885 1998 4947 die

318 4969 557 5034 Bese'tathe'e'mer
576 4970 646 5034 und
661 4969 885 5034 Gerechtsame
908 4971 1012 5034 seines
1029 4968 1184 5050 Klastees,
1208 4971 1342 5035 welches
1366 4993 1404 5035 er
1426 4972 1460 5035 in
1481 4972 1714 5054 apostoleschen
1729 4972 1847 5038 Schute
1868 4973 1994 5037 ninemt.

819 5088 899 5149 1191
915 5085 1048 5169 Angnst
1059 5088 1114 5150 29.
1146 5085 1183 5166 S,
1198 5085 1296 5150 Peter
1308 5107 1369 5150 etan
1386 5087 1476 5150 Rom.

477 5201 658 5264 Celestinus
690 5204 881 5285 episcopus,
919 5224 1030 5266 servus
1062 5223 1228 5266 servorum
1260 5203 1328 5279 dei,
1370 5205 1491 5267 dilecto
1527 5205 1595 5268 filio
1626 5207 1841 5282 Boamund0,
1879 5207 1991 5269 abbati

317 5293 505 5356 monasterii
530 5292 634 5354 sancti
651 5291 885 5369 Bartholomei‚
903 5293 993 5374 quod
1011 5293 1043 5354 in
1059 5291 1217 5356 Pennensi
1232 5295 1395 5358 territorio
1411 5295 1509 5357 situm
1526 5305 1583 5372 est,
1605 5297 1739 5378 eiusque
1754 5296 1991 5360 successoribus

475 5452 500 5514 a)
521 5465 550 5500 ec
568 5452 622 5514 ans
633 5452 717 5500 Ranae
795 5451 821 5512 1))
840 5453 893 5516 ans
905 5454 990 5501 Rasnr
1064 5453 1088 5517 c)
1107 5467 1153 5501 ver
1169 5453 1251 5501 Rome
1271 5453 1356 5501 Rnner
1372 5453 1433 5503 eines
1451 5455 1556 5504 anderen
1581 5454 1671 5504 Weertes
1750 5456 1777 5519 (1)
1796 5456 1834 5505 die
1852 5456 1918 5505 Znhl
1932 5469 1990 5519 ang·

312 5522 426 5587 gerirsen,
447 5521 504 5572 dach
522 5523 581 5572 sieht
597 5539 657 5572 man
674 5525 735 5574 noch
752 5522 791 5573 ein
809 5523 884 5574 Sn'e'ch
908 5524 951 5574 der
972 5523 1103 5590 Oberh'inge
1128 5524 1168 5574 des
1191 5530 1270 5573 ersten
1287 5524 1457 5586 Buehslabens,
1483 5528 1581 5576 welches
1603 5543 1655 5576 nne
1677 5526 1752 5576 cenem
1769 5527 1791 5576 P
1808 5528 1866 5577 ader
1882 5529 1906 5592 Q
1923 5541 1989 5591 mgr·

316 5595 371 5643 hhrl
386 5595 462 5644 haben
479 5593 556 5654 kann,
575 5595 620 5644 mie
636 5595 681 5644 der
701 5596 848 5662 Ortsangahe
865 5596 1109 5661 rnsnmnnngehaleen
1127 5595 1213 5662 ergiebt
1228 5595 1278 5645 sich
1296 5597 1387 5646 Primo.
1407 5637 1458 5643 -.-
1479 5603 1514 5662 .1)
1539 5599 1616 5662 Vergl.
1634 5599 1671 5647 die
1692 5599 1810 5649 Lhkunee
1827 5615 1883 5650 vane
1899 5597 1987 5648 4Fehr.

319 5667 393 5714 1191.
486 5667 512 5730 2)
537 5667 614 5732 Vergl.
633 5668 697 5717 auch
715 5667 783 5718 Hist.
805 5669 874 5718 Patr.
893 5667 961 5718 Man.
985 5668 1088 5719 Chartae
1106 5667 1138 5718 II
1145 5676 1172 5732 p.
1192 5668 1250 5716 231.
1351 5673 1377 5731 3)
1397 5669 1489 5729 Boane,
1513 5670 1618 5735 Birthas
1635 5685 1683 5718 voa
1706 5670 1788 5732 Siena,
1815 5669 1987 5721 1189-111ᾰ

315 5742 343 5804 4)
364 5737 487 5802 Paganur,
508 5738 611 5802 Bisehaf
623 5755 670 5790 ven
689 5739 793 5802 Flarena,
817 5743 998 5791 1187-1190.
1071 5748 1097 5808 5)
1117 5737 1257 5806 Lansranh,
1278 5739 1381 5805 Birthas
1393 5756 1442 5792 von
1459 5741 1554 5802 lierole,
1573 5743 1774 5793 tres-carna.
