4126 6366
322 309 387 383 402

324 491 479 575 quamdiu
504 491 585 555 alter
608 512 721 555 eorum
744 491 931 574 portionem
956 491 1087 556 alterius
1109 492 1208 556 vellet
1231 489 1433 574 competenti
1457 491 1563 575 pretio
1588 511 1780 573 comparare
1810 509 1849 554 ac
1871 512 1927 554 vos
1954 493 1987 556 ab

324 583 443 646 eodem
467 583 563 645 fratre
587 582 666 644 dicti
681 581 869 657 Rolandini,
893 591 1008 644 contra
1031 581 1131 644 fidem
1155 583 1325 664 prestitam
1348 583 1508 658 veniente,
1532 582 1719 664 portionem
1736 581 1884 644 eiusdem
1906 583 1988 644 castri

324 681 455 734 centum
479 671 658 752 nonaginta
682 671 836 734 librarum
851 671 967 733 Pisane
989 680 1122 735 monete
1137 673 1243 753 pretio
1259 691 1478 754 comparasse,
1502 671 1653 733 nolentes
1669 671 1720 733 vel
1736 671 1800 752 ipsi
1816 669 1989 734 Rolandino

322 761 537 844 preludicium
561 759 694 842 aliquod
717 761 864 841 generari
887 759 939 822 vel
962 759 1101 822 eandem
1132 759 1305 824 ecclesiam
1335 760 1481 823 indebite
1511 780 1702 841 aggravare,
1734 779 1868 822 causam
1897 760 1991 841 ipsam

322 849 499 912 venerabili
517 850 605 911 fratri
629 858 743 911 nostro
769 899 774 912 .
800 898 806 912 .
829 847 969 912 Aretino
985 850 1145 932 episcopo
1160 845 1183 930 ¹)
1201 850 1353 912 duximus
1370 849 1651 924 committendam,
1669 849 1733 931 qui,
1751 869 1836 924 cum,
1857 850 1992 930 partibus

324 939 514 1003 convocatis
537 947 570 1000 et
594 938 774 1001 rationibus
798 959 908 1000 earum
932 937 1060 1020 plenius
1084 938 1203 1001 auditis
1226 948 1259 1002 et
1288 939 1445 1020 cognitis,
1476 939 1711 1021 dispositiones
1741 939 1842 1001 etiam
1871 939 1993 1000 testium

324 1027 503 1109 redegisset
526 1027 558 1089 in
582 1027 706 1109 scripto
730 1036 762 1090 et
786 1027 827 1089 de
850 1047 948 1091 cause
971 1028 1094 1090 meritis
1117 1028 1244 1110 plenius
1268 1029 1494 1108 cognovisset,
1518 1047 1651 1090 causam
1682 1029 1789 1109 ipsam
1819 1026 1862 1089 ad
1892 1027 1995 1088 sedem

324 1118 418 1179 duxit
447 1115 665 1199 apostolicam
694 1117 933 1180 remittendam.
979 1117 1050 1178 Nos
1081 1118 1191 1198 igitur,
1225 1117 1315 1180 dicto
1338 1113 1553 1200 Rol(andino)
1583 1126 1617 1179 et
1640 1117 1667 1178 B
1692 1167 1699 1180 .
1723 1167 1730 1178 .
1755 1166 1771 1192 .,
1801 1118 1995 1198 procuratori

323 1216 451 1281 vestro,
481 1208 515 1267 in
545 1215 657 1268 nostra
685 1206 851 1288 presentia
880 1207 1083 1281 constitutIs,
1106 1205 1327 1269 venerabilem
1356 1206 1488 1268 fratrem
1512 1214 1669 1282 nostrum,
1694 1206 1875 1268 Iohannem
1899 1205 1995 1267 Viter·

323 1295 472 1358 biensem
502 1303 535 1356 et
558 1295 803 1356 Tuscanensem
833 1295 1028 1377 episcopum
1058 1297 1163 1358 sancti
1188 1291 1423 1378 Clementis),
1455 1305 1487 1356 et
1518 1294 1657 1358 dllectos
1680 1295 1766 1357 filios
1797 1291 1996 1378 M(eliorem)

322 1385 372 1446 tit.
395 1392 584 1446 sanctorum
607 1383 762 1446 Iohannis
786 1392 819 1446 et
841 1383 931 1446 Pauli
948 1379 982 1468 ³),
1006 1393 1040 1446 et
1064 1383 1236 1459 Silredum,
1261 1394 1375 1446 sancte
1397 1384 1562 1459 PraxediS,
1587 1394 1620 1446 et
1644 1381 1869 1467 Fidlantium),
1900 1385 1996 1445 sancti

323 1472 468 1536 Marcelli
487 1472 688 1554 presbiteros
705 1472 895 1548 cardinales,
908 1472 1138 1555 deputavimus
1154 1473 1329 1548 auditores,
1343 1474 1398 1554 qui
1414 1474 1516 1535 totius
1533 1493 1631 1536 cause
1647 1473 1770 1534 meritis
1783 1473 1997 1535 assidentibus

323 1563 403 1643 ipsis
428 1557 484 1646 [et]
510 1562 637 1624 dilectis
660 1562 743 1638 filiis,
768 1563 925 1642 magistro
943 1561 1120 1625 Wilhelmo
1137 1562 1386 1638 Mediolanensi,
1410 1562 1616 1625 subdiacono
1640 1572 1764 1634 nostr0,
1789 1571 1822 1624 et
1845 1563 1996 1642 magistro

322 1650 553 1728 Blandimerio,
576 1646 732 1736 Pler]sico
748 1651 980 1715 Beneventano
1005 1661 1038 1714 et
1054 1651 1241 1714 Romualdo
1265 1651 1471 1714 Salernitano
1494 1651 1665 1727 iudicibus,
1689 1650 1863 1732 diligenter
1886 1651 1997 1713 auditis

323 1751 357 1804 et
380 1741 534 1822 cognitis,
566 1739 656 1821 quod
680 1735 910 1824 [inlvenerant,
941 1741 1038 1804 nobis
1061 1750 1094 1804 et
1118 1740 1269 1803 fratrIbus
1293 1741 1413 1803 nostris
1438 1761 1497 1822 per
1520 1740 1669 1802 ordinem
1700 1740 1888 1802 retulerunt.
1934 1741 1997 1802 Nos

324 1831 443 1912 itaque,
467 1829 633 1892 celebrato
657 1849 732 1891 cum
757 1829 908 1892 fratribus
932 1831 1052 1893 nostris
1073 1851 1171 1913 super
1186 1829 1303 1893 eadem
1319 1850 1418 1893 causa
1435 1828 1582 1910 diligenti
1597 1838 1748 1905 tractatu,
1773 1840 1852 1910 post
1868 1829 1998 1891 multam

324 1919 595 1982 deliberationem
633 1928 838 1981 contractum
860 1919 1074 1995 venditionis,
1106 1921 1160 2001 qui
1192 1920 1357 1982 intervos
1388 1928 1421 1981 et
1451 1919 1583 1981 fratrem
1615 1911 1793 2000 supradicti
1826 1918 1997 1981 RolandIni

324 2009 543 2071 intervenerat
565 2015 681 2071 contra
704 2008 934 2084 iusiurandum,
960 2009 1049 2091 quod
1074 2009 1162 2072 idem
1186 2009 1285 2071 frater
1306 2004 1538 2091 Rol(andinus)
1562 2008 1591 2070 ei
1621 2009 1817 2089 prestiterat,
1851 2007 1998 2070 duximus

324 2097 515 2160 irritandum
551 2107 584 2158 et
614 2097 816 2159 decrevimus
853 2117 920 2159 non
958 2107 1069 2162 tenere
1106 2107 1138 2160 et
1176 2097 1315 2160 eandem
1352 2097 1538 2180 portionem
1574 2097 1848 2179 supramemorati
1872 2097 1999 2172 castelli,

323 2196 503 2268 postquam
525 2184 663 2248 ecclesie
687 2196 799 2248 sancte
823 2185 919 2249 Flore
942 2189 1114 2270 pecuniam
1138 2187 1322 2262 restituerit,
1347 2206 1446 2268 quam
1468 2187 1503 2248 iu
1527 2187 1629 2267 ipsius
1653 2185 1804 2249 exhibuit
1827 2187 1999 2268 emptione,

325 2275 415 2338 dicto
437 2271 653 2358 Rol(andino)
677 2276 861 2337 censuimus
884 2276 1127 2357 resignandam,
1156 2275 1247 2338 salvo
1270 2277 1338 2338 iure
1361 2275 1581 2357 proprietatis,
1612 2276 1702 2356 quod
1726 2276 1844 2337 eadem
1868 2275 2001 2338 ecclesia

324 2365 358 2426 in
391 2373 574 2426 memorato
608 2362 743 2426 castello
774 2365 920 2427 noscitur
949 2364 1107 2428 obtinere.
1160 2365 1340 2428 Statuimus
1371 2374 1481 2426 autem
1513 2373 1546 2426 et
1585 2365 1756 2446 sepedicto
1789 2361 1999 2448 Rol(andino)

325 2453 475 2516 dedimus
500 2454 532 2515 ln
556 2453 739 2528 mandatis,
769 2463 805 2516 ut
828 2474 932 2535 usque
955 2455 997 2516 ad
1022 2454 1237 2530 dominicam,
1269 2474 1334 2535 qua
1363 2462 1512 2516 cantatur
1535 2453 1636 2516 letare
1659 2451 1851 2528 Ierusalem,
1881 2453 1948 2528 vel,
1976 2453 1998 2514 si

325 2543 563 2624 impedimento
588 2542 682 2604 luerit
706 2543 866 2605 canonico
894 2543 1101 2625 prepeditus,
1132 2563 1235 2625 usque
1266 2544 1309 2606 ad
1339 2544 1477 2605 octabas
1508 2563 1607 2626 pasce
1640 2543 1690 2604 vel
1729 2542 2000 2624 quandocumque

325 2633 414 2714 prius
438 2631 534 2693 dictis
552 2631 664 2694 abbati
681 2641 714 2694 et
730 2632 900 2695 monachis
917 2633 1090 2714 pecuniam
1107 2633 1255 2695 restituat
1271 2641 1496 2707 memoratam,
1514 2651 1579 2712 qua
1595 2632 1742 2694 exhibita
1758 2632 1999 2713 possessionem

325 2720 487 2802 portionis
518 2720 664 2784 eiusdem
697 2721 794 2783 castri
825 2721 960 2802 recipiat
992 2721 1206 2803 corporalem.
1252 2721 1298 2785 Ut
1329 2731 1438 2784 autem
1468 2720 1558 2783 dicta
1588 2721 1750 2784 sententia
1784 2721 1943 2783 maiorem
1970 2721 1998 2780 ln

325 2818 493 2891 posterum
518 2808 667 2872 obtineat
690 2808 892 2886 firmitatem,
917 2811 1032 2891 ipsam,
1065 2812 1149 2872 sicut
1172 2831 1191 2873 a
1213 2810 1311 2873 nobis
1341 2809 1470 2892 prolata
1497 2820 1563 2886 est,
1595 2810 1766 2891 sepedIcto
1790 2805 1997 2892 Rol(andino)

326 2898 519 2961 auctoritate
543 2897 727 2979 apostolica
751 2899 1013 2961 confirmavimus
1037 2909 1070 2961 et
1094 2900 1206 2981 scripti
1234 2901 1337 2962 nostri
1367 2898 1551 2981 patrocinio
1582 2901 1764 2961 curavimus
1795 2899 1996 2960 communire.

326 2986 489 3068 Quocirca
512 3007 571 3069 per
594 2985 778 3068 apostolica
800 2987 895 3050 vobis
919 2989 1042 3069 scripta
1065 2988 1210 3052 districte
1233 2989 1448 3070 precipiendo
1472 2989 1675 3063 mandamus,
1707 2987 1861 3069 quatinus
1886 2986 1995 3049 dictam

325 3076 530 3151 sententiam,
547 3075 677 3138 sublato
695 3075 867 3138 cuiuslibet
882 3077 1149 3140 contradictionis
1162 3087 1195 3140 et
1205 3076 1436 3159 appellationis
1449 3077 1630 3154 obstaculo,
1648 3078 1765 3139 curetis
1776 3076 1996 3138 inviolabiliter

326 3164 509 3227 observare.
554 3164 714 3246 Alioquin
738 3165 902 3240 noveritis,
932 3186 992 3228 nos
1016 3165 1106 3228 dicto
1130 3169 1290 3248 episcopo
1315 3167 1445 3229 dedisse
1468 3166 1604 3229 firmiter
1626 3167 1658 3229 in
1682 3165 1858 3240 mandatis
1889 3175 1923 3226 ut
1944 3185 1994 3226 vos

327 3253 369 3314 ad
402 3252 436 3315 id
466 3273 526 3334 per
558 3272 727 3316 censuram
758 3252 1028 3330 ecclesiasticam,
1062 3255 1285 3337 appellatione
1316 3265 1460 3330 remota,
1500 3255 1678 3337 compellat
1712 3264 1746 3317 et
1780 3254 1994 3335 supradictum

326 3337 584 3426 Rollandinum),
614 3351 793 3423 postquam
816 3344 956 3425 pecunia
979 3355 1160 3408 memorata
1184 3344 1278 3408 luerit
1301 3344 1479 3427 persoluta,
1503 3347 1536 3407 in
1558 3341 1820 3426 posseslsionem
1845 3343 1995 3424 portionis

326 3431 428 3513 ipsius
452 3432 549 3494 castri
572 3431 778 3513 corporalem
801 3433 943 3496 inducat.
967 3469 1010 3477 -
1034 3435 1111 3497 Dat.
1133 3435 1240 3497 Rome
1269 3435 1358 3517 apud
1388 3444 1538 3497 sanctum
1561 3434 1700 3508 Petrum,
1733 3447 1786 3495 1111
1810 3432 1864 3494 Kl.
1890 3433 1995 3495 Martii.

326 3520 539 3584 Pontificatus
563 3520 667 3583 nostri
691 3540 778 3583 anno
802 3522 927 3603 quinto.

489 3633 541 3694 Or,
559 3633 593 3684 im
611 3632 725 3688 archivio
746 3631 879 3698 Capitolare
895 3651 926 3685 ru
942 3637 1035 3687 Arma.

1071 3919 1138 3994 Nr.
1165 3924 1255 3996 478.

330 4051 365 4114 C
357 4051 470 4116 olestin
487 4051 554 4115 III
562 4050 690 4135 befiehlt
701 4050 778 4114 dem
796 4047 958 4114 Konvente
973 4072 1034 4115 von
1049 4051 1327 4117 St.·Manrice·cn·
1338 4050 1450 4116 Valais
1464 4050 1522 4137 (D.
1538 4049 1646 4134 Sion),
1661 4050 1723 4115 den
1746 4049 1777 4112 T
1770 4069 1818 4132 ag
1830 4049 1893 4112 der
1905 4045 1997 4112 durch

551 4141 656 4223 Papst
668 4141 783 4222 Eugen
799 4139 865 4203 III
875 4161 1161 4228 vergenommenen
1178 4141 1386 4206 Kr'rchweilre
1403 4143 1437 4204 in
1453 4139 1599 4220 Zukunft
1611 4161 1652 4203 au
1659 4134 1781 4219 setun.

953 4259 1037 4320 1196
1051 4257 1153 4341 April
1164 4259 1192 4322 1.
1226 4255 1376 4320 Lateran.

487 4370 669 4435 Celestinus
692 4372 878 4454 episcopus,
902 4391 1014 4436 servus
1034 4393 1200 4437 servorum
1218 4372 1278 4447 dei,
1302 4372 1430 4436 dilectis
1446 4371 1525 4448 filiis,
1551 4371 1673 4447 abbati,
1697 4369 1796 4452 priori
1812 4377 1848 4432 et
1863 4367 1999 4451 capitulo

325 4459 534 4542 Agaunensi,
564 4459 702 4523 salutem
735 4471 768 4524 et
798 4460 1016 4544 apostolicam
1047 4463 1319 4527 benedictionem.
1373 4461 1538 4525 Ecclesiae
1568 4468 1602 4524 et
1632 4459 1704 4522 loca
1736 4459 1908 4540 religIosa,
1942 4477 2000 4537 quc

325 4550 511 4633 specialiter
526 4550 614 4613 beati
630 4551 717 4613 Petri
733 4552 810 4612 iuris
826 4553 980 4626 existunt,
1002 4551 1136 4635 speciali
1155 4553 1242 4616 sedis
1258 4552 1442 4634 apostolice
1458 4552 1612 4613 convenit
1627 4549 1837 4630 prerogatIva
1853 4548 1999 4630 gaudere,

326 4659 392 4720 qua
424 4639 520 4702 detur
550 4636 735 4723 intelligia)
778 4638 940 4715 universis
971 4661 1010 4703 ea
1040 4649 1166 4704 tantum
1186 4639 1215 4726 b)
1246 4642 1317 4703 sedi
1348 4639 1530 4722 apostolice
1561 4640 1740 4702 subiacere.
1794 4637 2000 4700 Meminimus

325 4729 498 4807 quuidem,
522 4728 620 4807 quod,
645 4747 717 4790 cum
742 4730 775 4791 in
799 4730 916 4791 minori
940 4732 1108 4811 quondam
1131 4751 1277 4800 essemus
1301 4730 1410 4792 officio
1435 4729 1612 4802 constituti,
1636 4726 1740 4790 felicis
1762 4725 2000 4788 recordacionis

326 4816 492 4898 Eugenius
516 4837 613 4898 papa,
637 4817 853 4898 predecessor
875 4827 994 4895 noster,
1026 4823 1256 4883 monasterium
1281 4827 1433 4894 vestrum,
1469 4825 1586 4899 utpote
1617 4817 1707 4898 quod
1742 4815 1775 4878 in
1807 4816 1900 4878 beati
1923 4813 2000 4878 Petri

326 4907 396 4968 iure
420 4925 459 4969 ac
482 4908 685 4988 proprietate
709 4908 866 4982 consistit,
891 4908 988 4971 nobis
1013 4909 1219 4990 presentibus
1243 4910 1424 4971 ministerio
1449 4907 1583 4989 proprio
1606 4906 1773 4968 dedicavit
1790 4902 1815 4988 ⁴)
1850 4915 1884 4968 et
1907 4904 1997 4985 ipsius

326 4995 551 5058 dedicacionis
573 4995 660 5058 diem
684 4995 780 5058 vobis
803 4999 896 5060 annis
919 4998 1050 5079 singulis
1074 4997 1249 5062 celebriter
1272 4999 1384 5061 statuit
1408 4996 1635 5060 excolendum.
1680 4993 1826 5068 Verum,
1850 4995 1996 5073 quoniam

326 5085 444 5148 eadem
475 5083 614 5147 ecclesia
638 5091 755 5160 vestra,
786 5087 988 5167 procedente
1011 5099 1171 5170 tempore,
1200 5087 1374 5150 combusta
1396 5086 1458 5149 luit
1481 5094 1514 5148 et
1537 5093 1675 5167 propter
1697 5082 1763 5147 hoc
1787 5104 1806 5146 a
1829 5077 1994 5146 venerabili

325 5174 426 5237 fratre
467 5181 580 5236 nostro
611 5171 791 5236 Viennensi
824 5175 1076 5258 archiepIscopo
1094 5175 1119 5260 ⁵)
1150 5177 1318 5249 dedicata,
1357 5177 1463 5256 prime
1498 5175 1720 5238 dedicacionis
1760 5173 1830 5236 dies
1861 5193 1881 5234 a
1908 5169 1991 5232 vobis

325 5264 443 5326 dicitur
466 5265 498 5326 iu
522 5261 635 5326 debita
658 5265 817 5326 memorIa
839 5285 904 5326 non
928 5263 1049 5329 haberi.
1094 5264 1254 5327 Volentes
1285 5267 1396 5347 igitur,
1426 5273 1461 5326 ut
1483 5265 1556 5326 dies
1579 5263 1632 5327 ille
1664 5263 1753 5345 apud
1776 5281 1836 5324 vos
1866 5259 1990 5322 celebris

325 5361 488 5434 perpetuo
512 5351 709 5426 honoretur,
742 5372 808 5433 quo
832 5353 968 5417 ecclesia
990 5363 1099 5418 vestra
1123 5374 1183 5436 per
1205 5361 1332 5417 tantum
1351 5351 1380 5438 b)
1410 5354 1471 5416 suit
1502 5352 1692 5434 pontificem
1727 5359 1923 5421 consecrata,
1953 5362 1987 5406 ac

485 5511 510 5575 a)
529 5511 615 5561 [raum
632 5510 727 5575 ricltig,
746 5525 770 5560 es
785 5510 876 5560 selein!
892 5511 965 5560 intlli'
977 5526 1007 5560 su
1019 5513 1098 5561 slehen
1170 5511 1196 5574 b)
1216 5508 1266 5560 tm'.
1285 5547 1338 5553 -
1358 5511 1393 5576 .1)
1407 5508 1529 5569 Amidam,
1543 5509 1701 5570 Bisclwfvon
1715 5510 1807 5566 Arma,
1823 5499 1982 5555 naa-1203.

325 5585 351 5641 2)
374 5583 502 5647 Johamus
518 5582 610 5632 kommt
626 5583 664 5630 atr
685 5582 760 5630 Card.
779 5582 815 5631 tir,
835 5581 859 5630 S.
884 5583 1009 5632 Clemenu's
1026 5590 1049 5631 ct
1069 5581 1229 5632 Tuscanensr's
1252 5581 1371 5645 episcopus
1394 5588 1467 5630 anter
1487 5581 1588 5630 OElestr'n
1612 5597 1660 5630 von
1679 5581 1846 5628 1191-1197
1869 5586 1922 5630 vrri
1948 5571 1981 5617 ⁶²¹

327 5655 455 5718 Jolwrmes
478 5654 518 5713 VI,
539 5654 644 5718 Buchof
665 5669 712 5702 von
736 5653 839 5712 Viterbo,
867 5656 1041 5704 nan—1199.
1134 5654 1161 5718 3)
1181 5654 1253 5703 Sonst
1276 5653 1426 5717 ιξειυὸἹινιΙίτΙι
1450 5653 1495 5700 SS.
1523 5653 1650 5717 Joharmir
1666 5659 1689 5700 et
1715 5651 1790 5700 Pauli
1810 5650 1843 5698 tir.
1862 5643 1978 5695 Pau-hs

324 5727 352 5791 4)
378 5725 454 5791 Vergl.
475 5726 513 5774 die
534 5725 651 5776 Urkunde
667 5741 722 5774 νοω
741 5728 775 5774 22
795 5724 874 5774 Μᾶη
893 5728 958 5773 mo
977 5728 1051 5775 Anm.
1125 5729 1151 5790 5)
1176 5725 1271 5775 Vienna
