4126 6366
1679 365 1741 430 323

63 533 204 598 omnino
228 533 398 596 hominum
423 533 527 612 liceat,
551 535 637 598 hanc
660 534 816 617 paginam
840 544 950 598 nostre
974 536 1218 600 constitutionis
1242 535 1417 618 infringere
1440 531 1503 622 [vel
1526 531 1618 623 ausu]
1642 546 1742 604 teme·

63 623 149 686 rario
174 623 345 686 contraire.
391 622 426 686 Si
458 625 530 705 quis
561 635 671 687 autem
701 624 765 687 hoc
796 634 990 706 attemptare
1020 626 1276 708 presumpserit,
1308 625 1568 706 indignationem
1592 629 1741 709 omnipo-

61 712 163 776 tentis
188 714 242 776 dei
266 722 299 776 et
321 713 494 776 beatomm
517 714 601 776 Petri
625 723 658 777 et
680 712 779 790 Pauli,
804 715 1029 796 apostolorum
1054 716 1131 790 eius,
1155 735 1191 778 se
1214 716 1341 778 noverit
1365 716 1574 778 incursurum.
1598 751 1641 762 —
1664 718 1742 782 Dat.

61 802 208 878 Verone,
233 803 318 866 Non.
342 803 517 866 Decembr.

229 917 272 966 Or.
290 917 355 980 (San
372 916 477 966 Lorenso
494 917 546 965 olla
564 915 679 980 Rivolto),
698 916 731 965 im
749 915 863 966 Arrhior'o
880 917 908 965 di
924 917 992 966 Stolo
1009 933 1039 965 ιιι
1058 917 1123 967 R'sa.

227 988 297 1054 Perg.
315 988 376 1048 aar,
395 990 430 1038 br.
451 990 503 1050 0,2,
522 989 583 1054 lang
598 989 685 1048 0,182‚
702 994 777 1038 meten
795 989 873 1049 opu
895 991 1086 1054 umgeschlagen,
1112 989 1191 1040 durch
1214 988 1272 1038 soei
1293 989 1387 1040 L'o'rlrer
1405 989 1470 1055 ging
1494 989 1532 1040 die
1557 990 1741 1051 Seidemckrtun

60 1060 149 1108 welche
166 1059 214 1108 ινιὶι
231 1061 284 1109 dem
302 1061 425 1125 Bldnegel
438 1061 554 1120 vertorm,
576 1060 688 1124 Fadmg
703 1060 747 1108 der
764 1059 866 1110 Breven.
902 1061 950 1109 Die
967 1061 1063 1124 Schn'st
1084 1060 1111 1110 ν’νι
1136 1060 1182 1110 den
1204 1061 1287 1110 lemen
1305 1061 1386 1110 Zeilen
1404 1062 1668 1128 mammengedrb‘ngr,
1696 1063 1742 1113 dar

61 1131 159 1180 Darem
176 1131 268 1182 scheint
284 1147 332 1182 oon
350 1132 454 1182 andem
469 1131 544 1180 Dino
561 1131 710 1197 ebrgetrogen
727 1147 757 1180 ιιι
774 1130 832 1180 rein.

810 1415 876 1490 Nr.
904 1418 993 1491 364.

66 1539 179 1605 Urban
195 1539 261 1602 III
278 1539 432 1603 berichtet
453 1539 527 1603 dem
550 1538 762 1622 Domkapitel
780 1559 841 1603 von
867 1536 988 1617 Genua,
1011 1537 1089 1602 dass
1110 1560 1148 1602 er
1170 1538 1233 1602 das
1256 1536 1383 1604 Urther'l
1402 1538 1464 1603 der
1477 1537 1573 1603 Aebte
1595 1559 1656 1604 oon
1671 1539 1740 1603 San

60 1629 215 1714 Benigno,
232 1627 299 1694 San
318 1626 399 1692 Giro
413 1629 483 1693 und
494 1625 584 1692 Sani
599 1625 734 1692 Andrea
748 1628 787 1692 di
805 1626 934 1692 Genovo
951 1629 985 1690 in
1006 1627 1126 1691 seinem
1143 1626 1260 1692 Strer'te
1282 1629 1344 1692 mit
1364 1628 1438 1692 dem
1454 1629 1554 1692 Prior
1574 1649 1634 1693 von
1655 1628 1741 1694 Colle

499 1738 612 1803 wegen
626 1716 688 1780 der
703 1714 827 1782 Kirclre
840 1737 901 1780 von
916 1716 1070 1781 Sarrana
1084 1717 1238 1800 restringe
1256 1719 1294 1804 ¹).

582 1835 797 1897 1185-1186
811 1831 987 1896 December
999 1835 1053 1895 12.
1093 1829 1223 1896 Verona.

221 1949 376 2014 Urbanus
406 1950 593 2033 episcopus,
625 1970 737 2014 servus
767 1969 935 2012 servorum
965 1949 1027 2025 dei,
1060 1949 1188 2013 dilectis
1218 1949 1301 2026 filiis,
1333 1950 1506 2032 preposito
1536 1959 1570 2014 et
1593 1950 1739 2033 capitulo

59 2039 230 2101 lanuensis
260 2037 413 2116 ecclesie,
450 2040 589 2104 salutem
619 2049 652 2102 et
682 2038 899 2122 apostolicam
929 2039 1203 2102 benedictionem.
1251 2037 1333 2102 Cum
1370 2037 1449 2101 olim
1487 2039 1642 2103 adversus
1677 2061 1738 2104 vos

57 2147 157 2209 super
181 2127 319 2190 ecclesia
344 2127 386 2190 de
409 2127 551 2192 Sarzana
575 2149 594 2192 a
616 2129 726 2210 priore
749 2128 791 2191 de
815 2126 906 2191 Colle
930 2129 1052 2190 montis
1070 2124 1095 2212 ¹)
1120 2129 1249 2210 questio
1273 2136 1364 2191 mota
1394 2128 1517 2204 fuisset,
1548 2127 1657 2192 dilecti
1681 2129 1738 2192 filii

57 2217 172 2292 nostri,
196 2217 302 2279 sancti
318 2217 456 2299 Benigni
480 2218 522 2281 de
538 2219 646 2300 capite
661 2218 735 2281 Fari
759 2226 792 2280 et
815 2217 920 2280 sancti
937 2216 1010 2299 Syri
1034 2217 1202 2281 Ianuensis
1225 2217 1373 2292 abbates,
1397 2217 1452 2298 qui
1476 2238 1609 2282 causam
1632 2219 1738 2301 ipsam

55 2326 98 2368 ex
130 2305 341 2387 delegatione
371 2317 484 2370 nostra
514 2328 578 2371 una
608 2327 682 2370 cum
713 2307 835 2370 abbate
865 2308 969 2369 sancti
992 2306 1127 2370 Andree
1156 2306 1397 2370 terminandam
1427 2317 1647 2390 susceperant,
1678 2328 1738 2371 vos

56 2405 88 2457 et
120 2395 297 2459 ecclesiam
327 2404 470 2459 vestram
501 2397 543 2459 ab
581 2397 788 2478 impetitione
820 2395 958 2478 predicti
989 2396 1106 2476 prioris
1136 2405 1170 2458 et
1199 2396 1333 2458 fratrum
1371 2415 1519 2472 suorum,
1556 2397 1737 2460 rationibus

56 2483 134 2546 binc
160 2483 238 2547 inde
261 2483 389 2566 plenius
413 2485 532 2548 auditis
556 2494 589 2548 et
613 2485 762 2566 cognitis,
786 2505 845 2566 per
867 2486 1072 2561 sententiam,
1097 2485 1180 2547 sicut
1196 2505 1238 2547 ex
1262 2485 1428 2548 autentico
1445 2486 1568 2567 scripto
1593 2487 1739 2568 ipsorum

55 2573 155 2636 vobis
180 2574 331 2650 innotuit,
363 2574 583 2638 absolvemnt.
629 2573 795 2656 Quoniam
826 2575 930 2656 igitur,
964 2575 1055 2656 quod
1078 2574 1273 2638 auctoritate
1302 2575 1389 2636 sedis
1414 2575 1596 2657 apostolice
1620 2575 1741 2638 iudicio

59 2662 248 2726 rationabili
272 2663 471 2738 terminatur,
496 2665 725 2727 inconcussam
749 2663 870 2726 habere
893 2664 1046 2726 convenit
1069 2663 1270 2740 firmitatem,
1294 2664 1509 2746 prescriptam
1534 2665 1740 2742 sententiam,

59 2753 146 2815 sicut
171 2751 213 2815 ab
238 2751 362 2814 eisdem
386 2753 563 2817 abbatibus
587 2754 746 2816 canonice
769 2752 835 2816 lata
858 2761 917 2828 est,
948 2773 1009 2815 nec
1039 2752 1184 2834 legitima
1208 2753 1430 2836 appellatione
1460 2773 1620 2835 suspensa
1651 2755 1740 2817 etin

60 2861 176 2904 eorum
206 2841 330 2924 scripto
361 2843 526 2905 autentico
557 2843 758 2918 continetur,
798 2852 901 2905 ratam
941 2840 1100 2904 habemus
1150 2863 1289 2924 eamque
1326 2842 1520 2906 auctoritate
1557 2841 1741 2925 apostolica

60 2929 295 2994 confirmantes
327 2934 488 3013 presentis
522 2933 635 3014 scripti
668 2931 852 3014 patrocinio
885 2931 1134 2995 communimus.
1180 2931 1385 3008 Statuentes,
1424 2940 1460 2994 ut
1493 2929 1571 2994 nulli
1604 2933 1740 2996 omnino

60 3020 233 3082 hominum
257 3019 369 3096 liceat,
399 3020 484 3084 hanc
514 3022 670 3103 paginam
701 3028 812 3083 nostre
842 3019 1101 3083 confirmationis
1131 3021 1306 3102 infringere
1329 3019 1381 3083 vel
1410 3021 1440 3084 ei
1464 3041 1543 3084 ausu
1566 3021 1740 3084 temerario

61 3109 233 3172 contraire.
281 3107 315 3172 Si
341 3110 412 3191 quis
443 3120 552 3173 autem
583 3110 647 3174 hoc
678 3118 838 3173 attentare
868 3111 1112 3192 presumpserit,
1143 3110 1402 3192 indignationem
1426 3109 1663 3191 omnipotentis
1687 3110 1740 3173 dei

62 3207 95 3260 et
109 3198 292 3352 Ibleagrrum
313 3199 401 3350 {etri
431 3207 464 3262 et
487 3198 586 3276 Pauli,
618 3197 844 3282 apostolorum
867 3198 945 3274 eius,
976 3219 1013 3261 se
1041 3200 1169 3262 noverit
1199 3201 1409 3262 incursurum.
1425 3211 1475 3244 '—
1498 3199 1575 3263 Dat.
1598 3199 1740 3276 Verone,

60 3303 86 3348 11
150 3337 157 3350 .
218 3306 311 3350 ecem
338 3338 345 3351 .

221 3401 346 3466 reserare
362 3401 406 3450 rer
421 3399 527 3451 Mesua.
547 3400 574 3449 a·
584 3401 648 3450 sar.
662 3400 716 3467 aa.
740 3399 765 3447 r
774 3407 799 3464 p.
812 3400 872 3460 aar,
885 3399 1021 3466 Scmffim
1034 3401 1068 3450 η
1076 3407 1105 3465 p.
1118 3401 1179 3461 eoo,
1198 3398 1225 3451 a
1242 3400 1286 3450 ar
1295 3399 1359 3450 arra
1376 3400 1465 3464 caea,
1484 3402 1541 3452 aaa
1556 3401 1596 3452 os
1607 3401 1742 3470 sertasstm

62 3469 104 3538 (a.
129 3471 172 3522 rr.
190 3474 220 3538 a)
235 3480 263 3538 p.
282 3473 342 3532 aar,
361 3473 388 3522 a
406 3473 451 3522 ar
465 3472 528 3522 serr.
546 3473 603 3522 ner
626 3468 764 3524 unbem
781 3487 812 3521 su
833 3471 927 3524 ema.

808 3756 875 3831 Nr.
902 3759 991 3833 365.

62 3897 83 3968 †
105 3887 216 3955 Urban
233 3889 299 3953 III
318 3890 437 3955 nimmt
456 3891 517 3954 das
540 3887 702 3973 Hospr'tol
723 3887 912 3954 St.·Loaore
933 3885 1120 3972 olAvignon
1145 3889 1179 3952 in
1202 3889 1436 3972 apostolischen
1457 3890 1577 3956 Schuta
1598 3891 1672 3955 und
1690 3892 1740 3956 be-

562 3980 681 4064 stdtr'gt
694 3978 764 4042 ihm
780 3977 1018 4044 Besitethr'e'mer
1031 3977 1101 4042 und
1114 3977 1241 4042 Rechte.

577 4095 792 4158 1185-1186
806 4093 983 4158 December
995 4097 1049 4158 12.
1090 4091 1221 4158 Verona.

221 4211 394 4276 URBANUS
418 4211 604 4293 episcopus,
628 4230 739 4274 servus
763 4230 931 4274 servorum
952 4211 1014 4288 dei,
1039 4211 1166 4274 dilectis
1189 4211 1264 4274 filiis
1286 4207 1323 4294 ⁸),
1348 4211 1482 4274 infirmis
1506 4213 1610 4276 sancti
1625 4213 1740 4276 Lazari

60 4300 328 4376 Avionionensis,
358 4319 567 4363 communem
596 4301 697 4363 vitam
730 4300 934 4377 ducentibus,
963 4296 968 4384 Ι
995 4301 1133 4364 salutem
1163 4310 1196 4364 et
1226 4299 1443 4383 apostolicam
1465 4301 1741 4365 benedictionem.

61 4389 198 4471 Quanto
221 4409 336 4452 manus
360 4388 485 4452 domini
510 4389 552 4452 de
575 4389 706 4452 occulto
730 4409 790 4452 suo
815 4389 935 4452 iudicio
959 4390 1063 4452 acrius
1086 4409 1147 4452 vos
1178 4389 1294 4471 affligit
1318 4401 1351 4452 et
1381 4391 1487 4453 minus
1510 4411 1570 4453 vos
1600 4391 1740 4473 potestis

61 4480 102 4542 ab
134 4479 384 4542 adversancium
414 4479 586 4559 iniquitate
615 4479 714 4554 tueri,
752 4488 847 4541 tanto
878 4478 1070 4559 diligencius
1100 4479 1195 4543 vobis
1227 4479 1385 4542 debemus
1416 4480 1533 4542 adesse
1563 4488 1596 4542 et
1626 4490 1741 4544 contra

61 4588 237 4652 pravorum
268 4569 415 4631 incursus
448 4568 668 4648 apostolicum
698 4568 917 4650 patrocinium
947 4568 1114 4650 impertiri.
1159 4568 1361 4650 Eapropter,
1394 4567 1504 4631 dilecti
1536 4571 1571 4631 in
1603 4569 1740 4632 domino

61 4658 126 4735 filii,
156 4659 274 4720 vestris
305 4657 398 4719 iustis
428 4656 706 4739 postulationibus
736 4667 830 4738 grato
861 4666 1091 4719 concurrentes
1116 4676 1260 4734 assensu,
1291 4677 1351 4720 vos
1381 4666 1414 4720 et
1438 4655 1574 4720 domum
1597 4666 1740 4720 vestram

62 4767 135 4810 cum
160 4747 232 4824 hiis,
258 4767 321 4828 que
337 4744 575 4808 rationabiliter
596 4745 774 4828 possidetis
804 4745 856 4808 vel
880 4746 913 4808 in
937 4745 1079 4809 futurum
1095 4745 1187 4808 iustis
1208 4745 1316 4808 modis
1333 4745 1397 4808 deo
1421 4747 1566 4828 propitio
1589 4747 1740 4829 poteritis

62 4835 211 4919 adipisci,
241 4836 302 4898 sub
326 4835 415 4898 beati
439 4835 524 4897 Petri
555 4843 588 4897 et
618 4843 730 4898 nostra
759 4835 966 4916 protectione
996 4835 1201 4916 suscipimus.
1248 4834 1441 4916 Specialiter
1471 4845 1580 4898 autem
1604 4835 1740 4898 domum

62 4925 169 5008 ipsam
193 4944 268 4988 cum
292 4925 405 5001 vineis,
435 4924 546 5006 pratis,
577 4925 669 4987 terris
701 4933 734 4986 et
757 4925 838 4989 ortis
867 4933 901 4987 et
924 4923 1059 4986 domum
1090 4924 1193 4987 sancti
1218 4923 1368 4988 Saumini
1391 4921 1421 5009 l³)
1449 4933 1542 4988 extra
1574 4925 1740 4988 civitatem

61 5014 323 5078 Avinionensem
353 5033 428 5077 cum
458 5013 613 5076 omnibus
642 5013 846 5094 pertinentiis
877 5013 953 5076 suis.
998 5014 1067 5088 Ius,
1099 5013 1189 5094 quod
1219 5013 1348 5076 habetis
1379 5033 1422 5075 ex
1448 5014 1537 5094 regia
1560 5012 1740 5078 donatione

63 5104 103 5167 de
126 5102 310 5166 redditibus
334 5102 505 5166 iudeorum
529 5103 562 5164 in
577 5103 694 5165 eadem
718 5102 858 5178 civitate,
882 5103 966 5165 sicut
982 5121 1022 5164 ea
1045 5103 1128 5164 iuste
1144 5121 1182 5165 ac
1205 5103 1275 5165 sine
1299 5103 1522 5166 controversia
1551 5103 1739 5185 possidetis,

62 5193 232 5257 devotioni
255 5202 362 5255 vestre
386 5191 579 5255 auctoritate
602 5189 786 5272 apostolica
809 5190 1039 5254 confirmamus
1067 5199 1100 5254 et
1123 5192 1283 5274 presentis
1308 5192 1419 5274 scripti
1443 5192 1628 5274 patrocinio
1652 5213 1739 5256 com-

62 5283 236 5346 munimus.
282 5281 480 5358 Statuentes,
510 5289 545 5343 ut
575 5279 681 5343 nullus
713 5280 754 5342 de
778 5279 958 5357 novalibus,
990 5300 1053 5360 que
1083 5281 1225 5362 propriis
1255 5281 1406 5344 manibus
1429 5280 1480 5344 vel
1504 5282 1689 5363 sumptibus
1713 5279 1740 5366 c)

63 5371 179 5448 colitis,
210 5371 279 5433 sive
310 5371 351 5434 de
382 5370 587 5434 nutrimentis
617 5369 805 5433 animalium
842 5377 1039 5442 vestrorum,
1076 5379 1223 5431 ortorum
1252 5369 1304 5431 vel
1333 5389 1508 5452 pomorum
1539 5370 1740 5435 fructibusa

62 5461 157 5525 vobis
182 5458 326 5523 decimas
350 5468 545 5542 extorquere
576 5467 752 5541 presumat.
797 5458 955 5534 Preterea,
986 5459 1077 5520 iuxta
1098 5459 1330 5522 Lateranensis
1360 5467 1483 5523 statuta
1513 5459 1651 5537 concilii,
1682 5480 1742 5543 per

64 5551 293 5614 auctoritatem
323 5549 490 5612 diocesani
521 5547 670 5630 episcopi
700 5546 845 5610 habendi
875 5547 1044 5629 proprium
1074 5547 1298 5624 sacerdotem,
1337 5549 1391 5629 qui
1421 5548 1517 5611 vobis
1555 5558 1589 5613 et
1619 5549 1741 5613 familie

201 5667 307 5772 ψι)1ννι
319 5665 543 5757 ΜῖνιίΚαιιιν·
613 5707 640 5770 b)
659 5705 788 5755 Severini?
806 5705 864 5755 oder
880 5704 1018 5756 Saturnini?
1090 5709 1115 5770 c)
1133 5707 1160 5756 ib
1178 5707 1231 5770 ares
1238 5707 1330 5758 Rosur.
1348 5747 1366 5753 -
1381 5747 1401 5754 -
1419 5709 1456 5773 ,1)
1479 5706 1558 5772 Vergl.
1571 5707 1609 5757 die
1623 5707 1741 5758 cremae

61 5795 116 5830 orn
129 5781 162 5830 12
176 5781 276 5846 August
292 5780 474 5830 arco-1187.
548 5791 576 5846 a)
601 5777 678 5844 Vogl.
697 5777 735 5827 die
756 5776 873 5828 Urhmdr
890 5793 945 5828 vom
964 5781 996 5829 12
1009 5777 1139 5829 December
1156 5778 1337 5829 arao-1186.
1513 5855 1530 5891 ¹

1472 5869 1504 5924 41
