<?xml version="1.0" encoding="UTF-8"?>
<!DOCTYPE html PUBLIC "-//W3C//DTD XHTML 1.0 Transitional//EN"
    "http://www.w3.org/TR/xhtml1/DTD/xhtml1-transitional.dtd">
<html xmlns="http://www.w3.org/1999/xhtml" xml:lang="en" lang="en">
 <head>
  <title>
</title>
<meta http-equiv="Content-Type" content="text/html;charset=utf-8" />
  <meta name='ocr-system' content='tesseract 3.04.00' />
  <meta name='ocr-capabilities' content='ocr_page ocr_carea ocr_par ocr_line ocrx_word'/>
</head>
<body>
  <div class='ocr_page' id='page_1' title='image "./actapontificumr00hargoog_0179.png"; bbox 0 0 4126 6356; ppageno 0'>
   <div class='ocr_carea' id='block_1_1' title="bbox 281 495 1442 590">
    <p class='ocr_par' dir='ltr' id='par_1_1' title="bbox 281 495 1442 590">
     <span class='ocr_line' id='line_1_1' title="bbox 281 495 1442 590; baseline 0 -20"><span class='ocrx_word' id='word_1_1' title='bbox 281 495 301 590; x_wconf 80' lang='lat'><em>†</em></span> <span class='ocrx_word' id='word_1_2' title='bbox 325 499 397 589; x_wconf 88' lang='lat' dir='ltr'>Ego</span> <span class='ocrx_word' id='word_1_3' title='bbox 422 505 531 572; x_wconf 91' lang='lat' dir='ltr'>Guido</span> <span class='ocrx_word' id='word_1_4' title='bbox 555 501 712 570; x_wconf 91' lang='lat' dir='ltr'>diaconus</span> <span class='ocrx_word' id='word_1_5' title='bbox 736 502 908 571; x_wconf 88' lang='lat' dir='ltr'>cardinalis</span> <span class='ocrx_word' id='word_1_6' title='bbox 931 516 1044 572; x_wconf 90' lang='lat' dir='ltr'>sancte</span> <span class='ocrx_word' id='word_1_7' title='bbox 1067 505 1169 571; x_wconf 87' lang='lat' dir='ltr'>Marie</span> <span class='ocrx_word' id='word_1_8' title='bbox 1193 501 1225 570; x_wconf 89' lang='lat' dir='ltr'>in</span> <span class='ocrx_word' id='word_1_9' title='bbox 1248 502 1377 570; x_wconf 93' lang='lat' dir='ltr'>Porticu</span> <span class='ocrx_word' id='word_1_10' title='bbox 1401 528 1442 571; x_wconf 90' lang='lat' dir='ltr'>ss.</span> 
     </span>
    </p>
   </div>
   <div class='ocr_carea' id='block_1_2' title="bbox 78 595 1738 1037">
    <p class='ocr_par' dir='ltr' id='par_1_2' title="bbox 78 595 1738 1037">
     <span class='ocr_line' id='line_1_2' title="bbox 281 595 1539 680; baseline 0 -20"><span class='ocrx_word' id='word_1_11' title='bbox 281 595 301 680; x_wconf 91' lang='lat'>†</span> <span class='ocrx_word' id='word_1_12' title='bbox 323 598 397 678; x_wconf 91' lang='lat' dir='ltr'>Ego</span> <span class='ocrx_word' id='word_1_13' title='bbox 419 597 581 660; x_wconf 90' lang='lat' dir='ltr'>lohannes</span> <span class='ocrx_word' id='word_1_14' title='bbox 605 597 762 660; x_wconf 90' lang='lat' dir='ltr'>diaconus</span> <span class='ocrx_word' id='word_1_15' title='bbox 786 597 958 661; x_wconf 88' lang='lat' dir='ltr'>cardinalis</span> <span class='ocrx_word' id='word_1_16' title='bbox 980 608 1165 661; x_wconf 90' lang='lat' dir='ltr'>sanctorum</span> <span class='ocrx_word' id='word_1_17' title='bbox 1189 596 1294 678; x_wconf 85' lang='lat' dir='ltr'>Sergii</span> <span class='ocrx_word' id='word_1_18' title='bbox 1317 605 1350 660; x_wconf 92' lang='lat' dir='ltr'>et</span> <span class='ocrx_word' id='word_1_19' title='bbox 1373 597 1475 660; x_wconf 89' lang='lat' dir='ltr'>Bachi</span> <span class='ocrx_word' id='word_1_20' title='bbox 1498 619 1539 661; x_wconf 91' lang='lat' dir='ltr'>ss.</span> 
     </span>
     <span class='ocr_line' id='line_1_3' title="bbox 280 683 1598 768; baseline 0.001 -20"><span class='ocrx_word' id='word_1_21' title='bbox 280 683 301 768; x_wconf 88' lang='lat'><em>†</em></span> <span class='ocrx_word' id='word_1_22' title='bbox 322 687 396 767; x_wconf 91' lang='lat' dir='ltr'>Ego</span> <span class='ocrx_word' id='word_1_23' title='bbox 421 687 498 751; x_wconf 92' lang='lat' dir='ltr'>Odo</span> <span class='ocrx_word' id='word_1_24' title='bbox 521 687 679 750; x_wconf 89' lang='lat' dir='ltr'>diaconus</span> <span class='ocrx_word' id='word_1_25' title='bbox 702 685 874 749; x_wconf 88' lang='lat' dir='ltr'>cardinalis</span> <span class='ocrx_word' id='word_1_26' title='bbox 897 688 999 750; x_wconf 91' lang='lat' dir='ltr'>sancti</span> <span class='ocrx_word' id='word_1_27' title='bbox 1023 687 1151 749; x_wconf 90' lang='lat' dir='ltr'>Nicolai</span> <span class='ocrx_word' id='word_1_28' title='bbox 1175 687 1208 749; x_wconf 92' lang='lat' dir='ltr'>in</span> <span class='ocrx_word' id='word_1_29' title='bbox 1231 707 1359 749; x_wconf 89' lang='lat' dir='ltr'>carcere</span> <span class='ocrx_word' id='word_1_30' title='bbox 1382 687 1533 750; x_wconf 86' lang='lat' dir='ltr'>Tulliano</span> <span class='ocrx_word' id='word_1_31' title='bbox 1557 707 1598 750; x_wconf 89' lang='lat' dir='ltr'>ss.</span> 
     </span>
     <span class='ocr_line' id='line_1_4' title="bbox 225 775 1738 858; baseline 0.001 -22"><span class='ocrx_word' id='word_1_32' title='bbox 225 776 302 838; x_wconf 92' lang='lat' dir='ltr'>Dat.</span> <span class='ocrx_word' id='word_1_33' title='bbox 318 777 480 852; x_wconf 85' lang='lat' dir='ltr'>Laterani,</span> <span class='ocrx_word' id='word_1_34' title='bbox 503 796 563 857; x_wconf 93' lang='lat' dir='ltr'>per</span> <span class='ocrx_word' id='word_1_35' title='bbox 585 795 720 839; x_wconf 87' lang='lat' dir='ltr'>manum</span> <span class='ocrx_word' id='word_1_36' title='bbox 734 775 886 852; x_wconf 88' lang='lat' dir='ltr'>Rolandi,</span> <span class='ocrx_word' id='word_1_37' title='bbox 911 786 1023 840; x_wconf 90' lang='lat' dir='ltr'>sancte</span> <span class='ocrx_word' id='word_1_38' title='bbox 1038 777 1189 838; x_wconf 87' lang='lat' dir='ltr'>Romane</span> <span class='ocrx_word' id='word_1_39' title='bbox 1212 775 1348 838; x_wconf 86' lang='lat' dir='ltr'>ecclesie</span> <span class='ocrx_word' id='word_1_40' title='bbox 1371 776 1542 858; x_wconf 89' lang='lat' dir='ltr'>presbiteri</span> <span class='ocrx_word' id='word_1_41' title='bbox 1566 775 1738 839; x_wconf 89' lang='lat' dir='ltr'>cardinalis</span> 
     </span>
     <span class='ocr_line' id='line_1_5' title="bbox 79 863 1736 929; baseline 0.001 -3"><span class='ocrx_word' id='word_1_42' title='bbox 79 875 108 927; x_wconf 90' lang='lat' dir='ltr'>et</span> <span class='ocrx_word' id='word_1_43' title='bbox 139 864 328 927; x_wconf 88' lang='lat' dir='ltr'>cancellarii.</span> <span class='ocrx_word' id='word_1_44' title='bbox 379 879 443 927; x_wconf 83' lang='lat' dir='ltr'>xm</span> <span class='ocrx_word' id='word_1_45' title='bbox 474 865 528 926; x_wconf 91' lang='lat' dir='ltr'>Kl.</span> <span class='ocrx_word' id='word_1_46' title='bbox 561 863 672 928; x_wconf 89' lang='lat' dir='ltr'>Madii.</span> <span class='ocrx_word' id='word_1_47' title='bbox 724 865 907 928; x_wconf 92' lang='lat' dir='ltr'>Indictione</span> <span class='ocrx_word' id='word_1_48' title='bbox 936 879 983 929; x_wconf 87' lang='lat'><strong><em>111.</em></strong></span> <span class='ocrx_word' id='word_1_49' title='bbox 1036 865 1271 928; x_wconf 91' lang='lat' dir='ltr'>lncarnationis</span> <span class='ocrx_word' id='word_1_50' title='bbox 1307 866 1471 928; x_wconf 90' lang='lat' dir='ltr'>dominice</span> <span class='ocrx_word' id='word_1_51' title='bbox 1506 885 1593 928; x_wconf 85' lang='lat' dir='ltr'>anno</span> <span class='ocrx_word' id='word_1_52' title='bbox 1630 875 1736 928; x_wconf 88' lang='lat' dir='ltr'>Mch.</span> 
     </span>
     <span class='ocr_line' id='line_1_6' title="bbox 78 953 1074 1037; baseline 0.002 -21"><span class='ocrx_word' id='word_1_53' title='bbox 78 953 281 1017; x_wconf 87' lang='lat' dir='ltr'>Pontificatus</span> <span class='ocrx_word' id='word_1_54' title='bbox 303 974 381 1017; x_wconf 90' lang='lat' dir='ltr'>vero</span> <span class='ocrx_word' id='word_1_55' title='bbox 407 954 520 1017; x_wconf 91' lang='lat' dir='ltr'>domni</span> <span class='ocrx_word' id='word_1_56' title='bbox 543 955 682 1018; x_wconf 89' lang='lat' dir='ltr'>Adriani</span> <span class='ocrx_word' id='word_1_57' title='bbox 706 975 762 1036; x_wconf 91' lang='lat' dir='ltr'>pp.</span> <span class='ocrx_word' id='word_1_58' title='bbox 785 967 823 1016; x_wconf 88' lang='lat' dir='ltr'>1V</span> <span class='ocrx_word' id='word_1_59' title='bbox 847 975 933 1018; x_wconf 90' lang='lat' dir='ltr'>anno</span> <span class='ocrx_word' id='word_1_60' title='bbox 957 956 1074 1037; x_wconf 90' lang='lat' dir='ltr'>prim0.</span> 
     </span>
    </p>
   </div>
   <div class='ocr_carea' id='block_1_3' title="bbox 75 1066 1738 1278">
    <p class='ocr_par' dir='ltr' id='par_1_3' title="bbox 75 1066 1738 1278">
     <span class='ocr_line' id='line_1_7' title="bbox 224 1066 1738 1134; baseline 0.001 -18"><span class='ocrx_word' id='word_1_61' title='bbox 224 1068 350 1132; x_wconf 75' lang='lat' dir='ltr'>Abscdrrst</span> <span class='ocrx_word' id='word_1_62' title='bbox 370 1083 425 1118; x_wconf 83' lang='lat' dir='ltr'>vom</span> <span class='ocrx_word' id='word_1_63' title='bbox 444 1070 476 1118; x_wconf 83' lang='lat'>17</span> <span class='ocrx_word' id='word_1_64' title='bbox 503 1067 596 1134; x_wconf 73' lang='lat' dir='ltr'>Jahrb.</span> <span class='ocrx_word' id='word_1_65' title='bbox 620 1069 659 1118; x_wconf 81' lang='lat' dir='ltr'>des</span> <span class='ocrx_word' id='word_1_66' title='bbox 682 1069 781 1118; x_wconf 85' lang='lat' dir='ltr'>Bullar.</span> <span class='ocrx_word' id='word_1_67' title='bbox 806 1068 884 1118; x_wconf 84' lang='lat' dir='ltr'>Basil.</span> <span class='ocrx_word' id='word_1_68' title='bbox 908 1070 1077 1119; x_wconf 71' lang='lat' dir='ltr'>Laterancnsis</span> <span class='ocrx_word' id='word_1_69' title='bbox 1095 1077 1122 1134; x_wconf 81' lang='lat' dir='ltr'>p.</span> <span class='ocrx_word' id='word_1_70' title='bbox 1141 1069 1205 1128; x_wconf 79' lang='lat' dir='ltr'>aab,</span> <span class='ocrx_word' id='word_1_71' title='bbox 1229 1084 1284 1117; x_wconf 85' lang='lat' dir='ltr'>vom</span> <span class='ocrx_word' id='word_1_72' title='bbox 1306 1072 1338 1118; x_wconf 73' lang='lat'>14</span> <span class='ocrx_word' id='word_1_73' title='bbox 1359 1069 1461 1134; x_wconf 72' lang='lat' dir='ltr'>Jahrb„</span> <span class='ocrx_word' id='word_1_74' title='bbox 1481 1069 1520 1118; x_wconf 87' lang='lat' dir='ltr'>des</span> <span class='ocrx_word' id='word_1_75' title='bbox 1548 1066 1684 1134; x_wconf 76' lang='lat' dir='ltr'>Copiurium</span> <span class='ocrx_word' id='word_1_76' title='bbox 1705 1069 1738 1118; x_wconf 79' lang='lat'>75</span> 
     </span>
     <span class='ocr_line' id='line_1_8' title="bbox 75 1138 1290 1205; baseline 0.001 -15"><span class='ocrx_word' id='word_1_77' title='bbox 75 1147 97 1204; x_wconf 79' lang='lat' dir='ltr'>p.</span> <span class='ocrx_word' id='word_1_78' title='bbox 112 1140 158 1190; x_wconf 76' lang='lat' dir='ltr'>aab</span> <span class='ocrx_word' id='word_1_79' title='bbox 175 1138 245 1203; x_wconf 79' lang='lat' dir='ltr'>(ohne</span> <span class='ocrx_word' id='word_1_80' title='bbox 261 1140 377 1202; x_wconf 81' lang='lat' dir='ltr'>Datum),</span> <span class='ocrx_word' id='word_1_81' title='bbox 397 1141 430 1189; x_wconf 84' lang='lat' dir='ltr'>im</span> <span class='ocrx_word' id='word_1_82' title='bbox 447 1141 561 1190; x_wconf 62' lang='lat' dir='ltr'>Arcadio</span> <span class='ocrx_word' id='word_1_83' title='bbox 582 1140 715 1205; x_wconf 81' lang='lat' dir='ltr'>Capr&#39;lolare</span> <span class='ocrx_word' id='word_1_84' title='bbox 732 1139 760 1188; x_wconf 84' lang='lat' dir='ltr'>di</span> <span class='ocrx_word' id='word_1_85' title='bbox 776 1139 830 1189; x_wconf 82' lang='lat' dir='ltr'>San</span> <span class='ocrx_word' id='word_1_86' title='bbox 852 1139 975 1190; x_wconf 79' lang='lat' dir='ltr'>Giouanm&#39;</span> <span class='ocrx_word' id='word_1_87' title='bbox 990 1143 1016 1190; x_wconf 82' lang='lat' dir='ltr'>in</span> <span class='ocrx_word' id='word_1_88' title='bbox 1034 1141 1156 1190; x_wconf 69' lang='lat' dir='ltr'>Laterano</span> <span class='ocrx_word' id='word_1_89' title='bbox 1173 1157 1202 1188; x_wconf 76' lang='lat' dir='ltr'>au</span> <span class='ocrx_word' id='word_1_90' title='bbox 1221 1142 1290 1191; x_wconf 85' lang='lat' dir='ltr'>Rom.</span> 
     </span>
     <span class='ocr_line' id='line_1_9' title="bbox 224 1211 1200 1278; baseline 0.002 -18"><span class='ocrx_word' id='word_1_91' title='bbox 224 1212 256 1260; x_wconf 83' lang='lat' dir='ltr'>In</span> <span class='ocrx_word' id='word_1_92' title='bbox 274 1212 318 1262; x_wconf 84' lang='lat' dir='ltr'>der</span> <span class='ocrx_word' id='word_1_93' title='bbox 334 1212 460 1276; x_wconf 76' lang='lat' dir='ltr'>Absckrrft</span> <span class='ocrx_word' id='word_1_94' title='bbox 475 1229 529 1262; x_wconf 81' lang='lat' dir='ltr'>vom</span> <span class='ocrx_word' id='word_1_95' title='bbox 550 1215 583 1263; x_wconf 87' lang='lat'>18</span> <span class='ocrx_word' id='word_1_96' title='bbox 603 1211 696 1278; x_wconf 75' lang='lat' dir='ltr'>Jahrb.</span> <span class='ocrx_word' id='word_1_97' title='bbox 716 1211 777 1262; x_wconf 73' lang='lat' dir='ltr'>sulit</span> <span class='ocrx_word' id='word_1_98' title='bbox 792 1213 926 1263; x_wconf 69' lang='lat' dir='ltr'>vermeria:</span> <span class='ocrx_word' id='word_1_99' title='bbox 945 1212 1044 1262; x_wconf 86' lang='lat' dir='ltr'>Collata</span> <span class='ocrx_word' id='word_1_100' title='bbox 1062 1229 1118 1262; x_wconf 88' lang='lat' dir='ltr'>eum</span> <span class='ocrx_word' id='word_1_101' title='bbox 1136 1213 1200 1278; x_wconf 86' lang='lat' dir='ltr'>orig.</span> 
     </span>
    </p>
   </div>
   <div class='ocr_carea' id='block_1_4' title="bbox 808 1499 993 1575">
    <p class='ocr_par' dir='ltr' id='par_1_4' title="bbox 808 1499 993 1575">
     <span class='ocr_line' id='line_1_10' title="bbox 808 1499 993 1575; baseline -0.011 -1"><span class='ocrx_word' id='word_1_102' title='bbox 808 1499 876 1574; x_wconf 88' lang='lat' dir='ltr'>Nr.</span> <span class='ocrx_word' id='word_1_103' title='bbox 908 1501 993 1575; x_wconf 82' lang='lat'><strong><em>155.</em></strong></span> 
     </span>
    </p>
   </div>
   <div class='ocr_carea' id='block_1_5' title="bbox 18 1627 1738 1806">
    <p class='ocr_par' dir='ltr' id='par_1_5' title="bbox 18 1627 1738 1806">
     <span class='ocr_line' id='line_1_11' title="bbox 73 1627 1738 1716; baseline 0.003 -24"><span class='ocrx_word' id='word_1_104' title='bbox 73 1627 218 1693; x_wconf 82' lang='lat' dir='ltr'>Hadrian</span> <span class='ocrx_word' id='word_1_105' title='bbox 236 1629 260 1691; x_wconf 90' lang='lat' dir='ltr'><em>I</em></span> <span class='ocrx_word' id='word_1_106' title='bbox 265 1627 297 1693; x_wconf 91' lang='lat' dir='ltr'><em>V</em></span> <span class='ocrx_word' id='word_1_107' title='bbox 304 1629 502 1694; x_wconf 71' lang='lat' dir='ltr'>entsclzeidet</span> <span class='ocrx_word' id='word_1_108' title='bbox 513 1651 554 1694; x_wconf 77' lang='lat' dir='ltr'>au</span> <span class='ocrx_word' id='word_1_109' title='bbox 574 1630 715 1696; x_wconf 83' lang='lat' dir='ltr'>Gunsten</span> <span class='ocrx_word' id='word_1_110' title='bbox 730 1631 792 1696; x_wconf 83' lang='lat' dir='ltr'>der</span> <span class='ocrx_word' id='word_1_111' title='bbox 807 1629 997 1696; x_wconf 78' lang='lat' dir='ltr'>Kanoniker</span> <span class='ocrx_word' id='word_1_112' title='bbox 1009 1652 1069 1695; x_wconf 82' lang='lat' dir='ltr'>von</span> <span class='ocrx_word' id='word_1_113' title='bbox 1085 1628 1217 1696; x_wconf 78' lang='lat' dir='ltr'>Rimina&#39;</span> <span class='ocrx_word' id='word_1_114' title='bbox 1224 1651 1335 1716; x_wconf 81' lang='lat' dir='ltr'>gegen</span> <span class='ocrx_word' id='word_1_115' title='bbox 1355 1630 1410 1695; x_wconf 85' lang='lat' dir='ltr'>die</span> <span class='ocrx_word' id='word_1_116' title='bbox 1433 1631 1571 1695; x_wconf 68' lang='lat' dir='ltr'>lifrinclze</span> <span class='ocrx_word' id='word_1_117' title='bbox 1594 1653 1654 1696; x_wconf 84' lang='lat' dir='ltr'>von</span> <span class='ocrx_word' id='word_1_118' title='bbox 1670 1629 1738 1697; x_wconf 85' lang='lat' dir='ltr'>San</span> 
     </span>
     <span class='ocr_line' id='line_1_12' title="bbox 18 1717 1476 1806; baseline 0.002 -24"><span class='ocrx_word' id='word_1_119' title='bbox 18 1737 19 1742; x_wconf 50' lang='lat'>¹</span> <span class='ocrx_word' id='word_1_120' title='bbox 317 1718 489 1784; x_wconf 76' lang='lat' dir='ltr'>Gaudrnao</span> <span class='ocrx_word' id='word_1_121' title='bbox 505 1719 565 1804; x_wconf 88' lang='lat' dir='ltr'>(D.</span> <span class='ocrx_word' id='word_1_122' title='bbox 583 1717 726 1806; x_wconf 76' lang='lat' dir='ltr'>Rrinini)</span> <span class='ocrx_word' id='word_1_123' title='bbox 742 1721 821 1786; x_wconf 73' lang='lat' dir='ltr'>iiber</span> <span class='ocrx_word' id='word_1_124' title='bbox 833 1721 896 1786; x_wconf 84' lang='lat' dir='ltr'>das</span> <span class='ocrx_word' id='word_1_125' title='bbox 912 1721 1092 1806; x_wconf 83' lang='lat' dir='ltr'>Begrdbnis</span> <span class='ocrx_word' id='word_1_126' title='bbox 1107 1721 1222 1785; x_wconf 75' lang='lat' dir='ltr'>Petrus</span> <span class='ocrx_word' id='word_1_127' title='bbox 1238 1720 1420 1786; x_wconf 81' lang='lat' dir='ltr'>Pierleonis</span> <span class='ocrx_word' id='word_1_128' title='bbox 1438 1723 1476 1806; x_wconf 87' lang='lat'>¹).</span> 
     </span>
    </p>
   </div>
   <div class='ocr_carea' id='block_1_6' title="bbox 608 1831 1193 1901">
    <p class='ocr_par' dir='ltr' id='par_1_6' title="bbox 608 1831 1193 1901">
     <span class='ocr_line' id='line_1_13' title="bbox 608 1831 1193 1901; baseline 0 -2"><span class='ocrx_word' id='word_1_129' title='bbox 608 1838 691 1901; x_wconf 87' lang='lat'><strong><em>1155</em></strong></span> <span class='ocrx_word' id='word_1_130' title='bbox 714 1837 790 1900; x_wconf 84' lang='lat' dir='ltr'>Mai</span> <span class='ocrx_word' id='word_1_131' title='bbox 804 1840 834 1900; x_wconf 79' lang='grc'>6.</span> <span class='ocrx_word' id='word_1_132' title='bbox 866 1831 898 1900; x_wconf 78' lang='lat' dir='ltr'>S.</span> <span class='ocrx_word' id='word_1_133' title='bbox 915 1836 1011 1900; x_wconf 84' lang='lat' dir='ltr'>Peter</span> <span class='ocrx_word' id='word_1_134' title='bbox 1024 1857 1084 1900; x_wconf 84' lang='lat' dir='ltr'>von</span> <span class='ocrx_word' id='word_1_135' title='bbox 1101 1836 1193 1900; x_wconf 88' lang='lat' dir='ltr'>Rom.</span> 
     </span>
    </p>
   </div>
   <div class='ocr_carea' id='block_1_7' title="bbox 71 1968 1739 3194">
    <p class='ocr_par' dir='ltr' id='par_1_7' title="bbox 71 1968 1739 3194">
     <span class='ocr_line' id='line_1_14' title="bbox 221 1968 1738 2053; baseline -0.001 -21"><span class='ocrx_word' id='word_1_136' title='bbox 221 1971 414 2033; x_wconf 82' lang='lat' dir='ltr'>ADRIANUS</span> <span class='ocrx_word' id='word_1_137' title='bbox 438 1970 622 2053; x_wconf 92' lang='lat' dir='ltr'>episcopus,</span> <span class='ocrx_word' id='word_1_138' title='bbox 652 1992 762 2036; x_wconf 88' lang='lat' dir='ltr'>servus</span> <span class='ocrx_word' id='word_1_139' title='bbox 793 1991 960 2035; x_wconf 92' lang='lat' dir='ltr'>servorum</span> <span class='ocrx_word' id='word_1_140' title='bbox 983 1971 1044 2048; x_wconf 91' lang='lat' dir='ltr'>dei,</span> <span class='ocrx_word' id='word_1_141' title='bbox 1069 1972 1195 2035; x_wconf 91' lang='lat' dir='ltr'>dilectis</span> <span class='ocrx_word' id='word_1_142' title='bbox 1220 1971 1301 2044; x_wconf 87' lang='lat' dir='ltr'>filiis,</span> <span class='ocrx_word' id='word_1_143' title='bbox 1333 1970 1499 2034; x_wconf 90' lang='lat' dir='ltr'>canonicis</span> <span class='ocrx_word' id='word_1_144' title='bbox 1521 1968 1738 2032; x_wconf 89' lang='lat' dir='ltr'>Ariminensis</span> 
     </span>
     <span class='ocr_line' id='line_1_15' title="bbox 73 2059 1739 2146; baseline -0.001 -25"><span class='ocrx_word' id='word_1_145' title='bbox 73 2059 208 2146; x_wconf 72' lang='lat' dir='ltr'>ecclesie,</span> <span class='ocrx_word' id='word_1_146' title='bbox 240 2060 379 2123; x_wconf 90' lang='lat' dir='ltr'>salutem</span> <span class='ocrx_word' id='word_1_147' title='bbox 410 2070 444 2122; x_wconf 90' lang='lat' dir='ltr'>et</span> <span class='ocrx_word' id='word_1_148' title='bbox 473 2060 691 2142; x_wconf 88' lang='lat' dir='ltr'>apostolicam</span> <span class='ocrx_word' id='word_1_149' title='bbox 714 2061 989 2124; x_wconf 83' lang='lat' dir='ltr'>benedictionem.</span> <span class='ocrx_word' id='word_1_150' title='bbox 1041 2062 1104 2124; x_wconf 91' lang='lat' dir='ltr'>Pro</span> <span class='ocrx_word' id='word_1_151' title='bbox 1136 2061 1373 2136; x_wconf 88' lang='lat' dir='ltr'>controversia,</span> <span class='ocrx_word' id='word_1_152' title='bbox 1410 2080 1473 2146; x_wconf 74' lang='lat' dir='ltr'>que</span> <span class='ocrx_word' id='word_1_153' title='bbox 1505 2060 1589 2121; x_wconf 88' lang='lat' dir='ltr'>inter</span> <span class='ocrx_word' id='word_1_154' title='bbox 1617 2079 1677 2120; x_wconf 92' lang='lat' dir='ltr'>vos</span> <span class='ocrx_word' id='word_1_155' title='bbox 1705 2067 1739 2120; x_wconf 91' lang='lat' dir='ltr'>et</span> 
     </span>
     <span class='ocr_line' id='line_1_16' title="bbox 74 2147 1738 2230; baseline 0 -21"><span class='ocrx_word' id='word_1_156' title='bbox 74 2147 201 2211; x_wconf 89' lang='lat' dir='ltr'>dilectos</span> <span class='ocrx_word' id='word_1_157' title='bbox 223 2147 309 2212; x_wconf 85' lang='lat' dir='ltr'>filios</span> <span class='ocrx_word' id='word_1_158' title='bbox 332 2159 463 2212; x_wconf 90' lang='lat' dir='ltr'>nostros</span> <span class='ocrx_word' id='word_1_159' title='bbox 478 2149 516 2212; x_wconf 93' lang='lat' dir='ltr'>B.</span> <span class='ocrx_word' id='word_1_160' title='bbox 540 2150 697 2214; x_wconf 86' lang='lat' dir='ltr'>abbatem</span> <span class='ocrx_word' id='word_1_161' title='bbox 721 2160 755 2213; x_wconf 93' lang='lat' dir='ltr'>et</span> <span class='ocrx_word' id='word_1_162' title='bbox 776 2150 957 2213; x_wconf 90' lang='lat' dir='ltr'>monachos</span> <span class='ocrx_word' id='word_1_163' title='bbox 980 2151 1084 2213; x_wconf 90' lang='lat' dir='ltr'>sancti</span> <span class='ocrx_word' id='word_1_164' title='bbox 1101 2149 1276 2214; x_wconf 89' lang='lat' dir='ltr'>Gaudentii</span> <span class='ocrx_word' id='word_1_165' title='bbox 1299 2149 1484 2230; x_wconf 86' lang='lat' dir='ltr'>agitabatur</span> <span class='ocrx_word' id='word_1_166' title='bbox 1506 2168 1604 2229; x_wconf 90' lang='lat' dir='ltr'>super</span> <span class='ocrx_word' id='word_1_167' title='bbox 1626 2147 1738 2210; x_wconf 87' lang='lat' dir='ltr'>ultima</span> 
     </span>
     <span class='ocr_line' id='line_1_17' title="bbox 73 2237 1738 2322; baseline 0 -23"><span class='ocrx_word' id='word_1_168' title='bbox 73 2238 232 2301; x_wconf 86' lang='lat' dir='ltr'>voluntate</span> <span class='ocrx_word' id='word_1_169' title='bbox 263 2238 349 2301; x_wconf 87' lang='lat' dir='ltr'>Petri</span> <span class='ocrx_word' id='word_1_170' title='bbox 379 2237 510 2314; x_wconf 91' lang='lat' dir='ltr'>Leonis,</span> <span class='ocrx_word' id='word_1_171' title='bbox 544 2249 683 2321; x_wconf 85' lang='lat' dir='ltr'>utraque</span> <span class='ocrx_word' id='word_1_172' title='bbox 710 2261 786 2322; x_wconf 91' lang='lat' dir='ltr'>pars</span> <span class='ocrx_word' id='word_1_173' title='bbox 816 2247 929 2303; x_wconf 90' lang='lat' dir='ltr'>nostro</span> <span class='ocrx_word' id='word_1_174' title='bbox 960 2261 995 2302; x_wconf 94' lang='lat' dir='ltr'>se</span> <span class='ocrx_word' id='word_1_175' title='bbox 1019 2241 1210 2321; x_wconf 92' lang='lat' dir='ltr'>conspectui</span> <span class='ocrx_word' id='word_1_176' title='bbox 1241 2238 1442 2321; x_wconf 90' lang='lat' dir='ltr'>presentavit</span> <span class='ocrx_word' id='word_1_177' title='bbox 1471 2245 1504 2300; x_wconf 93' lang='lat' dir='ltr'>et</span> <span class='ocrx_word' id='word_1_178' title='bbox 1534 2238 1675 2300; x_wconf 83' lang='lat' dir='ltr'>rationes</span> <span class='ocrx_word' id='word_1_179' title='bbox 1705 2247 1738 2299; x_wconf 90' lang='lat' dir='ltr'>et</span> 
     </span>
     <span class='ocr_line' id='line_1_18' title="bbox 73 2324 1737 2411; baseline 0 -23"><span class='ocrx_word' id='word_1_180' title='bbox 73 2324 277 2408; x_wconf 85' lang='lat' dir='ltr'>allegationes</span> <span class='ocrx_word' id='word_1_181' title='bbox 307 2347 382 2390; x_wconf 89' lang='lat' dir='ltr'>suas</span> <span class='ocrx_word' id='word_1_182' title='bbox 412 2329 445 2390; x_wconf 92' lang='lat' dir='ltr'>in</span> <span class='ocrx_word' id='word_1_183' title='bbox 476 2330 642 2410; x_wconf 88' lang='lat' dir='ltr'>presentia</span> <span class='ocrx_word' id='word_1_184' title='bbox 672 2336 783 2392; x_wconf 88' lang='lat' dir='ltr'>nostra</span> <span class='ocrx_word' id='word_1_185' title='bbox 819 2339 852 2392; x_wconf 92' lang='lat' dir='ltr'>et</span> <span class='ocrx_word' id='word_1_186' title='bbox 891 2329 1024 2392; x_wconf 81' lang='lat' dir='ltr'>fratrum</span> <span class='ocrx_word' id='word_1_187' title='bbox 1061 2339 1246 2392; x_wconf 90' lang='lat' dir='ltr'>nostrorum</span> <span class='ocrx_word' id='word_1_188' title='bbox 1282 2349 1343 2411; x_wconf 92' lang='lat' dir='ltr'>per</span> <span class='ocrx_word' id='word_1_189' title='bbox 1380 2327 1518 2390; x_wconf 88' lang='lat' dir='ltr'>disertos</span> <span class='ocrx_word' id='word_1_190' title='bbox 1558 2326 1737 2389; x_wconf 87' lang='lat' dir='ltr'>advocatos</span> 
     </span>
     <span class='ocr_line' id='line_1_19' title="bbox 73 2415 1739 2499; baseline -0.001 -22"><span class='ocrx_word' id='word_1_191' title='bbox 73 2415 261 2480; x_wconf 86' lang='lat' dir='ltr'>sufficienter</span> <span class='ocrx_word' id='word_1_192' title='bbox 287 2418 449 2499; x_wconf 88' lang='lat' dir='ltr'>exposuit,</span> <span class='ocrx_word' id='word_1_193' title='bbox 481 2437 580 2499; x_wconf 90' lang='lat' dir='ltr'>super</span> <span class='ocrx_word' id='word_1_194' title='bbox 610 2418 729 2499; x_wconf 93' lang='lat' dir='ltr'>quibus</span> <span class='ocrx_word' id='word_1_195' title='bbox 758 2439 832 2480; x_wconf 92' lang='lat' dir='ltr'>cum</span> <span class='ocrx_word' id='word_1_196' title='bbox 864 2417 1015 2481; x_wconf 83' lang='lat' dir='ltr'>iratribus</span> <span class='ocrx_word' id='word_1_197' title='bbox 1045 2418 1165 2482; x_wconf 90' lang='lat' dir='ltr'>nostris</span> <span class='ocrx_word' id='word_1_198' title='bbox 1197 2418 1253 2481; x_wconf 91' lang='lat' dir='ltr'>diu</span> <span class='ocrx_word' id='word_1_199' title='bbox 1282 2417 1485 2480; x_wconf 91' lang='lat' dir='ltr'>contulimus.</span> <span class='ocrx_word' id='word_1_200' title='bbox 1530 2416 1618 2479; x_wconf 91' lang='lat' dir='ltr'>Visis</span> <span class='ocrx_word' id='word_1_201' title='bbox 1642 2415 1739 2496; x_wconf 92' lang='lat' dir='ltr'>igitur</span> 
     </span>
     <span class='ocr_line' id='line_1_20' title="bbox 72 2505 1737 2589; baseline 0.001 -24"><span class='ocrx_word' id='word_1_202' title='bbox 72 2505 100 2566; x_wconf 93' lang='lat' dir='ltr'>in</span> <span class='ocrx_word' id='word_1_203' title='bbox 129 2506 277 2587; x_wconf 87' lang='lat' dir='ltr'>predicta</span> <span class='ocrx_word' id='word_1_204' title='bbox 309 2508 531 2570; x_wconf 90' lang='lat' dir='ltr'>controversia</span> <span class='ocrx_word' id='word_1_205' title='bbox 568 2508 690 2570; x_wconf 91' lang='lat' dir='ltr'>meritis</span> <span class='ocrx_word' id='word_1_206' title='bbox 721 2508 885 2588; x_wconf 91' lang='lat' dir='ltr'>utriusque</span> <span class='ocrx_word' id='word_1_207' title='bbox 915 2507 1018 2589; x_wconf 87' lang='lat' dir='ltr'>partis</span> <span class='ocrx_word' id='word_1_208' title='bbox 1048 2515 1080 2570; x_wconf 93' lang='lat' dir='ltr'>et</span> <span class='ocrx_word' id='word_1_209' title='bbox 1110 2507 1255 2589; x_wconf 89' lang='lat' dir='ltr'>plenarie</span> <span class='ocrx_word' id='word_1_210' title='bbox 1285 2506 1441 2588; x_wconf 77' lang='lat' dir='ltr'>cognitiS,</span> <span class='ocrx_word' id='word_1_211' title='bbox 1475 2505 1632 2587; x_wconf 89' lang='lat' dir='ltr'>precipue</span> <span class='ocrx_word' id='word_1_212' title='bbox 1663 2525 1737 2567; x_wconf 92' lang='lat' dir='ltr'>cum</span> 
     </span>
     <span class='ocr_line' id='line_1_21' title="bbox 73 2593 1737 2678; baseline 0 -22"><span class='ocrx_word' id='word_1_213' title='bbox 73 2595 212 2658; x_wconf 90' lang='lat' dir='ltr'>meritum</span> <span class='ocrx_word' id='word_1_214' title='bbox 248 2615 347 2658; x_wconf 90' lang='lat' dir='ltr'>causa</span> <span class='ocrx_word' id='word_1_215' title='bbox 377 2615 419 2660; x_wconf 86' lang='lat' dir='ltr'>ex</span> <span class='ocrx_word' id='word_1_216' title='bbox 450 2607 543 2678; x_wconf 88' lang='lat' dir='ltr'>parte</span> <span class='ocrx_word' id='word_1_217' title='bbox 573 2595 809 2660; x_wconf 88' lang='lat' dir='ltr'>monachorum</span> <span class='ocrx_word' id='word_1_218' title='bbox 842 2597 990 2678; x_wconf 89' lang='lat' dir='ltr'>pondere</span> <span class='ocrx_word' id='word_1_219' title='bbox 1020 2607 1156 2673; x_wconf 85' lang='lat' dir='ltr'>careret,</span> <span class='ocrx_word' id='word_1_220' title='bbox 1187 2597 1388 2660; x_wconf 89' lang='lat' dir='ltr'>voluntatem</span> <span class='ocrx_word' id='word_1_221' title='bbox 1421 2595 1569 2658; x_wconf 90' lang='lat' dir='ltr'>ultimam</span> <span class='ocrx_word' id='word_1_222' title='bbox 1598 2593 1737 2675; x_wconf 90' lang='lat' dir='ltr'>predicti</span> 
     </span>
     <span class='ocr_line' id='line_1_22' title="bbox 72 2683 1737 2768; baseline 0 -24"><span class='ocrx_word' id='word_1_223' title='bbox 72 2683 182 2747; x_wconf 87' lang='lat' dir='ltr'>Leonis</span> <span class='ocrx_word' id='word_1_224' title='bbox 205 2694 311 2748; x_wconf 88' lang='lat' dir='ltr'>ratam</span> <span class='ocrx_word' id='word_1_225' title='bbox 334 2705 526 2767; x_wconf 90' lang='lat' dir='ltr'>permanere</span> <span class='ocrx_word' id='word_1_226' title='bbox 550 2695 583 2748; x_wconf 90' lang='lat' dir='ltr'>et</span> <span class='ocrx_word' id='word_1_227' title='bbox 606 2706 725 2768; x_wconf 90' lang='lat' dir='ltr'>corpus</span> <span class='ocrx_word' id='word_1_228' title='bbox 755 2686 823 2748; x_wconf 90' lang='lat' dir='ltr'>eius</span> <span class='ocrx_word' id='word_1_229' title='bbox 846 2685 941 2747; x_wconf 91' lang='lat' dir='ltr'>vobis</span> <span class='ocrx_word' id='word_1_230' title='bbox 970 2685 1183 2762; x_wconf 89' lang='lat' dir='ltr'>reddendum,</span> <span class='ocrx_word' id='word_1_231' title='bbox 1216 2686 1352 2748; x_wconf 91' lang='lat' dir='ltr'>consilio</span> <span class='ocrx_word' id='word_1_232' title='bbox 1384 2684 1518 2748; x_wconf 89' lang='lat' dir='ltr'>sratrum</span> <span class='ocrx_word' id='word_1_233' title='bbox 1550 2693 1737 2746; x_wconf 92' lang='lat' dir='ltr'>nostrorum</span> 
     </span>
     <span class='ocr_line' id='line_1_23' title="bbox 72 2771 1736 2857; baseline 0 -24"><span class='ocrx_word' id='word_1_234' title='bbox 72 2775 319 2850; x_wconf 81' lang='lat' dir='ltr'>communicatu,</span> <span class='ocrx_word' id='word_1_235' title='bbox 353 2775 565 2838; x_wconf 89' lang='lat' dir='ltr'>decernimus.</span> <span class='ocrx_word' id='word_1_236' title='bbox 617 2775 838 2857; x_wconf 92' lang='lat' dir='ltr'>Precipientes</span> <span class='ocrx_word' id='word_1_237' title='bbox 868 2774 981 2852; x_wconf 88' lang='lat' dir='ltr'>etiam,</span> <span class='ocrx_word' id='word_1_238' title='bbox 1022 2785 1057 2837; x_wconf 88' lang='lat' dir='ltr'>ut</span> <span class='ocrx_word' id='word_1_239' title='bbox 1087 2775 1254 2857; x_wconf 92' lang='lat' dir='ltr'>predictus</span> <span class='ocrx_word' id='word_1_240' title='bbox 1285 2772 1390 2837; x_wconf 89' lang='lat' dir='ltr'>abbas</span> <span class='ocrx_word' id='word_1_241' title='bbox 1421 2784 1454 2837; x_wconf 92' lang='lat' dir='ltr'>et</span> <span class='ocrx_word' id='word_1_242' title='bbox 1485 2771 1636 2835; x_wconf 89' lang='lat' dir='ltr'>monachi</span> <span class='ocrx_word' id='word_1_243' title='bbox 1669 2791 1736 2834; x_wconf 92' lang='lat' dir='ltr'>non</span> 
     </span>
     <span class='ocr_line' id='line_1_24' title="bbox 72 2861 1736 2945; baseline 0 -23"><span class='ocrx_word' id='word_1_244' title='bbox 72 2863 211 2940; x_wconf 89' lang='lat' dir='ltr'>audeant,</span> <span class='ocrx_word' id='word_1_245' title='bbox 244 2863 287 2926; x_wconf 93' lang='lat' dir='ltr'>de</span> <span class='ocrx_word' id='word_1_246' title='bbox 311 2873 421 2926; x_wconf 91' lang='lat' dir='ltr'>cetero</span> <span class='ocrx_word' id='word_1_247' title='bbox 446 2864 574 2926; x_wconf 90' lang='lat' dir='ltr'>mittere</span> <span class='ocrx_word' id='word_1_248' title='bbox 605 2863 722 2927; x_wconf 83' lang='lat' dir='ltr'>falcem</span> <span class='ocrx_word' id='word_1_249' title='bbox 753 2865 786 2928; x_wconf 91' lang='lat' dir='ltr'>in</span> <span class='ocrx_word' id='word_1_250' title='bbox 819 2863 959 2927; x_wconf 89' lang='lat' dir='ltr'>alienam</span> <span class='ocrx_word' id='word_1_251' title='bbox 992 2884 1140 2940; x_wconf 89' lang='lat' dir='ltr'>messem,</span> <span class='ocrx_word' id='word_1_252' title='bbox 1173 2885 1233 2927; x_wconf 92' lang='lat' dir='ltr'>nec</span> <span class='ocrx_word' id='word_1_253' title='bbox 1263 2873 1452 2945; x_wconf 89' lang='lat' dir='ltr'>presumant</span> <span class='ocrx_word' id='word_1_254' title='bbox 1475 2862 1564 2938; x_wconf 89' lang='lat' dir='ltr'>alios,</span> <span class='ocrx_word' id='word_1_255' title='bbox 1596 2861 1656 2924; x_wconf 92' lang='lat' dir='ltr'>nisi</span> <span class='ocrx_word' id='word_1_256' title='bbox 1681 2861 1736 2942; x_wconf 92' lang='lat' dir='ltr'>qui</span> 
     </span>
     <span class='ocr_line' id='line_1_25' title="bbox 71 2950 1735 3034; baseline -0.001 -22"><span class='ocrx_word' id='word_1_257' title='bbox 71 2970 101 3012; x_wconf 88' lang='lat' dir='ltr'>se</span> <span class='ocrx_word' id='word_1_258' title='bbox 116 2950 177 3014; x_wconf 92' lang='lat' dir='ltr'>illic</span> <span class='ocrx_word' id='word_1_259' title='bbox 191 2951 377 3015; x_wconf 90' lang='lat' dir='ltr'>devotionis</span> <span class='ocrx_word' id='word_1_260' title='bbox 393 2953 510 3016; x_wconf 92' lang='lat' dir='ltr'>intuitu</span> <span class='ocrx_word' id='word_1_261' title='bbox 527 2954 559 3016; x_wconf 94' lang='lat' dir='ltr'>in</span> <span class='ocrx_word' id='word_1_262' title='bbox 576 2953 689 3016; x_wconf 88' lang='lat' dir='ltr'>ultima</span> <span class='ocrx_word' id='word_1_263' title='bbox 702 2952 872 3016; x_wconf 90' lang='lat' dir='ltr'>voluntate</span> <span class='ocrx_word' id='word_1_264' title='bbox 887 2953 1016 3034; x_wconf 91' lang='lat' dir='ltr'>sepeliri</span> <span class='ocrx_word' id='word_1_265' title='bbox 1033 2953 1291 3029; x_wconf 89' lang='lat' dir='ltr'>deliberaverint,</span> <span class='ocrx_word' id='word_1_266' title='bbox 1309 2952 1351 3015; x_wconf 89' lang='lat' dir='ltr'>ad</span> <span class='ocrx_word' id='word_1_267' title='bbox 1367 2952 1566 3034; x_wconf 89' lang='lat' dir='ltr'>sepulturam</span> <span class='ocrx_word' id='word_1_268' title='bbox 1582 2953 1735 3032; x_wconf 89' lang='lat' dir='ltr'>recipere,</span> 
     </span>
     <span class='ocr_line' id='line_1_26' title="bbox 71 3039 1735 3124; baseline 0 -22"><span class='ocrx_word' id='word_1_269' title='bbox 71 3039 151 3103; x_wconf 89' lang='lat' dir='ltr'>salva</span> <span class='ocrx_word' id='word_1_270' title='bbox 179 3051 294 3104; x_wconf 91' lang='lat' dir='ltr'>tamen</span> <span class='ocrx_word' id='word_1_271' title='bbox 334 3042 367 3104; x_wconf 91' lang='lat' dir='ltr'>in</span> <span class='ocrx_word' id='word_1_272' title='bbox 396 3041 446 3105; x_wconf 92' lang='lat' dir='ltr'>his</span> <span class='ocrx_word' id='word_1_273' title='bbox 477 3041 598 3106; x_wconf 88' lang='lat' dir='ltr'>iustitia</span> <span class='ocrx_word' id='word_1_274' title='bbox 627 3043 770 3106; x_wconf 91' lang='lat' dir='ltr'>matricis</span> <span class='ocrx_word' id='word_1_275' title='bbox 801 3043 947 3106; x_wconf 89' lang='lat' dir='ltr'>ecclesie.</span> <span class='ocrx_word' id='word_1_276' title='bbox 978 3079 1022 3088; x_wconf 96' lang='lat'>—</span> <span class='ocrx_word' id='word_1_277' title='bbox 1051 3044 1128 3107; x_wconf 92' lang='lat' dir='ltr'>Dat.</span> <span class='ocrx_word' id='word_1_278' title='bbox 1159 3044 1267 3105; x_wconf 90' lang='lat' dir='ltr'>Rome</span> <span class='ocrx_word' id='word_1_279' title='bbox 1297 3042 1384 3124; x_wconf 90' lang='lat' dir='ltr'>apud</span> <span class='ocrx_word' id='word_1_280' title='bbox 1416 3051 1566 3104; x_wconf 88' lang='lat' dir='ltr'>sanctum</span> <span class='ocrx_word' id='word_1_281' title='bbox 1596 3041 1735 3115; x_wconf 90' lang='lat' dir='ltr'>Petrum,</span> 
     </span>
     <span class='ocr_line' id='line_1_27' title="bbox 72 3129 312 3194; baseline 0.008 -4"><span class='ocrx_word' id='word_1_282' title='bbox 72 3129 195 3194; x_wconf 86' lang='lat' dir='ltr'>nNon.</span> <span class='ocrx_word' id='word_1_283' title='bbox 220 3131 312 3194; x_wconf 90' lang='lat' dir='ltr'>Maii.</span> 
     </span>
    </p>
   </div>
   <div class='ocr_carea' id='block_1_8' title="bbox 71 3243 1736 3456">
    <p class='ocr_par' dir='ltr' id='par_1_8' title="bbox 71 3243 1736 3456">
     <span class='ocr_line' id='line_1_28' title="bbox 222 3243 773 3309; baseline 0 -15"><span class='ocrx_word' id='word_1_284' title='bbox 222 3244 267 3294; x_wconf 87' lang='lat' dir='ltr'>Or.</span> <span class='ocrx_word' id='word_1_285' title='bbox 287 3244 320 3294; x_wconf 83' lang='lat' dir='ltr'>im</span> <span class='ocrx_word' id='word_1_286' title='bbox 338 3243 453 3294; x_wconf 70' lang='lat' dir='ltr'>Archabio</span> <span class='ocrx_word' id='word_1_287' title='bbox 474 3244 607 3309; x_wconf 57' lang='lat' dir='ltr'>Caprtolare</span> <span class='ocrx_word' id='word_1_288' title='bbox 624 3261 654 3294; x_wconf 81' lang='lat' dir='ltr'>zu</span> <span class='ocrx_word' id='word_1_289' title='bbox 672 3244 773 3296; x_wconf 66' lang='lat' dir='ltr'>nimai.</span> 
     </span>
     <span class='ocr_line' id='line_1_29' title="bbox 220 3313 1736 3383; baseline 0 -19"><span class='ocrx_word' id='word_1_290' title='bbox 220 3316 292 3382; x_wconf 81' lang='lat' dir='ltr'>Perg.</span> <span class='ocrx_word' id='word_1_291' title='bbox 312 3315 372 3375; x_wconf 65' lang='lat' dir='ltr'>ital,</span> <span class='ocrx_word' id='word_1_292' title='bbox 397 3317 433 3366; x_wconf 81' lang='lat' dir='ltr'>br.</span> <span class='ocrx_word' id='word_1_293' title='bbox 453 3318 522 3378; x_wconf 78' lang='lat' dir='ltr'>O,22,</span> <span class='ocrx_word' id='word_1_294' title='bbox 546 3318 607 3383; x_wconf 69' lang='lat' dir='ltr'>laarg</span> <span class='ocrx_word' id='word_1_295' title='bbox 624 3317 692 3377; x_wconf 60' lang='lat'>023,</span> <span class='ocrx_word' id='word_1_296' title='bbox 720 3323 794 3366; x_wconf 75' lang='lat' dir='ltr'>unlen</span> <span class='ocrx_word' id='word_1_297' title='bbox 813 3332 833 3366; x_wconf 88' lang='lat' dir='ltr'>c.</span> <span class='ocrx_word' id='word_1_298' title='bbox 850 3317 913 3376; x_wconf 86' lang='lat'>0,03</span> <span class='ocrx_word' id='word_1_299' title='bbox 930 3316 1119 3383; x_wconf 77' lang='lat' dir='ltr'>urugescblagm‚</span> <span class='ocrx_word' id='word_1_300' title='bbox 1145 3316 1222 3365; x_wconf 76' lang='lat' dir='ltr'>durch</span> <span class='ocrx_word' id='word_1_301' title='bbox 1245 3315 1303 3365; x_wconf 79' lang='lat' dir='ltr'>zwer&#39;</span> <span class='ocrx_word' id='word_1_302' title='bbox 1318 3315 1411 3364; x_wconf 73' lang='lat' dir='ltr'>deher</span> <span class='ocrx_word' id='word_1_303' title='bbox 1429 3315 1487 3382; x_wconf 75' lang='lat' dir='ltr'>gelu</span> <span class='ocrx_word' id='word_1_304' title='bbox 1507 3315 1544 3366; x_wconf 80' lang='lat' dir='ltr'>dr&#39;c</span> <span class='ocrx_word' id='word_1_305' title='bbox 1557 3316 1623 3382; x_wconf 76' lang='lat' dir='ltr'>gelde</span> <span class='ocrx_word' id='word_1_306' title='bbox 1640 3313 1736 3364; x_wconf 81' lang='lat' dir='ltr'>Seidcn·</span> 
     </span>
     <span class='ocr_line' id='line_1_30' title="bbox 71 3384 779 3456; baseline 0.007 -23"><span class='ocrx_word' id='word_1_307' title='bbox 71 3384 158 3446; x_wconf 62' lang='grc' dir='ltr'><em>τάων,</em></span> <span class='ocrx_word' id='word_1_308' title='bbox 175 3403 263 3438; x_wconf 75' lang='lat' dir='ltr'>weron</span> <span class='ocrx_word' id='word_1_309' title='bbox 281 3388 326 3437; x_wconf 84' lang='lat' dir='ltr'>das</span> <span class='ocrx_word' id='word_1_310' title='bbox 343 3387 473 3454; x_wconf 64' lang='lat' dir='ltr'>Bleriiegel,</span> <span class='ocrx_word' id='word_1_311' title='bbox 492 3389 601 3456; x_wconf 77' lang='lat' dir='ltr'>Falumg</span> <span class='ocrx_word' id='word_1_312' title='bbox 617 3391 661 3439; x_wconf 83' lang='lat' dir='ltr'>der</span> <span class='ocrx_word' id='word_1_313' title='bbox 676 3389 779 3439; x_wconf 73' lang='lat' dir='ltr'>Breven.</span> 
     </span>
    </p>
   </div>
   <div class='ocr_carea' id='block_1_9' title="bbox 805 3671 991 3748">
    <p class='ocr_par' dir='ltr' id='par_1_9' title="bbox 805 3671 991 3748">
     <span class='ocr_line' id='line_1_31' title="bbox 805 3671 991 3748; baseline -0.011 0"><span class='ocrx_word' id='word_1_314' title='bbox 805 3671 872 3748; x_wconf 89' lang='lat' dir='ltr'>Nr.</span> <span class='ocrx_word' id='word_1_315' title='bbox 905 3675 991 3748; x_wconf 88' lang='lat'><strong><em>156.</em></strong></span> 
     </span>
    </p>
   </div>
   <div class='ocr_carea' id='block_1_10' title="bbox 18 3801 1741 4048">
    <p class='ocr_par' dir='ltr' id='par_1_10' title="bbox 18 3801 1741 4048">
     <span class='ocr_line' id='line_1_32' title="bbox 71 3801 1741 3887; baseline 0.002 -23"><span class='ocrx_word' id='word_1_316' title='bbox 71 3801 216 3868; x_wconf 86' lang='lat' dir='ltr'>Hadrian</span> <span class='ocrx_word' id='word_1_317' title='bbox 233 3803 258 3868; x_wconf 91' lang='lat' dir='ltr'><em>I</em></span> <span class='ocrx_word' id='word_1_318' title='bbox 264 3801 296 3867; x_wconf 92' lang='lat' dir='ltr'><em>V</em></span> <span class='ocrx_word' id='word_1_319' title='bbox 311 3803 463 3887; x_wconf 80' lang='lat' dir='ltr'>bestc&#39;itigt</span> <span class='ocrx_word' id='word_1_320' title='bbox 483 3804 556 3868; x_wconf 86' lang='lat' dir='ltr'>dem</span> <span class='ocrx_word' id='word_1_321' title='bbox 582 3803 661 3868; x_wconf 84' lang='lat' dir='ltr'>Abte</span> <span class='ocrx_word' id='word_1_322' title='bbox 684 3803 836 3869; x_wconf 83' lang='lat' dir='ltr'>Bertram</span> <span class='ocrx_word' id='word_1_323' title='bbox 860 3825 921 3868; x_wconf 84' lang='lat' dir='ltr'>von</span> <span class='ocrx_word' id='word_1_324' title='bbox 944 3803 1012 3868; x_wconf 85' lang='lat' dir='ltr'>San</span> <span class='ocrx_word' id='word_1_325' title='bbox 1035 3803 1168 3868; x_wconf 79' lang='lat' dir='ltr'>Marino</span> <span class='ocrx_word' id='word_1_326' title='bbox 1191 3802 1254 3886; x_wconf 88' lang='lat' dir='ltr'>(D.</span> <span class='ocrx_word' id='word_1_327' title='bbox 1280 3803 1402 3887; x_wconf 84' lang='lat' dir='ltr'>Pavia)</span> <span class='ocrx_word' id='word_1_328' title='bbox 1426 3803 1481 3868; x_wconf 84' lang='lat' dir='ltr'>die</span> <span class='ocrx_word' id='word_1_329' title='bbox 1503 3802 1741 3868; x_wconf 75' lang='lat' dir='ltr'>Besitzthic&#39;mer</span> 
     </span>
     <span class='ocr_line' id='line_1_33' title="bbox 18 3891 1738 3978; baseline 0.002 -26"><span class='ocrx_word' id='word_1_330' title='bbox 18 3907 19 3924; x_wconf 32' lang='lat' dir='ltr'>l</span> <span class='ocrx_word' id='word_1_331' title='bbox 70 3891 164 3958; x_wconf 77' lang='lat' dir='ltr'>reims</span> <span class='ocrx_word' id='word_1_332' title='bbox 188 3891 345 3974; x_wconf 84' lang='lat' dir='ltr'>Klosters,</span> <span class='ocrx_word' id='word_1_333' title='bbox 366 3893 500 3959; x_wconf 72' lang='lat' dir='ltr'>welches</span> <span class='ocrx_word' id='word_1_334' title='bbox 514 3915 553 3957; x_wconf 85' lang='lat' dir='ltr'>er</span> <span class='ocrx_word' id='word_1_335' title='bbox 567 3895 601 3957; x_wconf 84' lang='lat' dir='ltr'>in</span> <span class='ocrx_word' id='word_1_336' title='bbox 616 3894 846 3978; x_wconf 82' lang='lat' dir='ltr'>apostolisclzen</span> <span class='ocrx_word' id='word_1_337' title='bbox 862 3893 980 3958; x_wconf 77' lang='lat' dir='ltr'>Schuta</span> <span class='ocrx_word' id='word_1_338' title='bbox 1003 3895 1127 3973; x_wconf 84' lang='lat' dir='ltr'>nimmt,</span> <span class='ocrx_word' id='word_1_339' title='bbox 1149 3891 1412 3978; x_wconf 73' lang='lat' dir='ltr'>wafrirjc&#39;ilrrlz&#39;clr</span> <span class='ocrx_word' id='word_1_340' title='bbox 1433 3894 1485 3958; x_wconf 86' lang='lat' dir='ltr'>ein</span> <span class='ocrx_word' id='word_1_341' title='bbox 1501 3893 1682 3976; x_wconf 73' lang='lat' dir='ltr'>Byzanaier</span> <span class='ocrx_word' id='word_1_342' title='bbox 1695 3915 1738 3956; x_wconf 86' lang='lat' dir='ltr'>an</span> 
     </span>
     <span class='ocr_line' id='line_1_34' title="bbox 647 3981 1152 4048; baseline 0 0"><span class='ocrx_word' id='word_1_343' title='bbox 647 3983 702 4048; x_wconf 81' lang='lat' dir='ltr'>die</span> <span class='ocrx_word' id='word_1_344' title='bbox 727 3981 831 4046; x_wconf 81' lang='lat' dir='ltr'>Kurr&#39;e</span> <span class='ocrx_word' id='word_1_345' title='bbox 845 4004 885 4048; x_wconf 75' lang='lat' dir='ltr'>au</span> <span class='ocrx_word' id='word_1_346' title='bbox 905 3983 1084 4048; x_wconf 75' lang='lat' dir='ltr'>enrriclzten</span> <span class='ocrx_word' id='word_1_347' title='bbox 1101 3984 1152 4048; x_wconf 80' lang='lat' dir='ltr'>ist.</span> 
     </span>
    </p>
   </div>
   <div class='ocr_carea' id='block_1_11' title="bbox 415 4095 1381 4177">
    <p class='ocr_par' dir='ltr' id='par_1_11' title="bbox 415 4095 1381 4177">
     <span class='ocr_line' id='line_1_35' title="bbox 415 4095 1381 4177; baseline 0 -17"><span class='ocrx_word' id='word_1_348' title='bbox 415 4099 498 4160; x_wconf 88' lang='lat'><strong><em>1155</em></strong></span> <span class='ocrx_word' id='word_1_349' title='bbox 514 4095 597 4171; x_wconf 85' lang='lat' dir='ltr'>Juli</span> <span class='ocrx_word' id='word_1_350' title='bbox 609 4100 640 4160; x_wconf 78' lang='lat'>4.</span> <span class='ocrx_word' id='word_1_351' title='bbox 687 4097 897 4163; x_wconf 80' lang='lat' dir='ltr'>Territorium</span> <span class='ocrx_word' id='word_1_352' title='bbox 912 4119 973 4162; x_wconf 84' lang='lat' dir='ltr'>von</span> <span class='ocrx_word' id='word_1_353' title='bbox 997 4095 1109 4177; x_wconf 66' lang='lat' dir='ltr'>Tubuli,</span> <span class='ocrx_word' id='word_1_354' title='bbox 1133 4098 1231 4162; x_wconf 84' lang='lat' dir='ltr'>Ponte</span> <span class='ocrx_word' id='word_1_355' title='bbox 1246 4099 1381 4161; x_wconf 83' lang='lat' dir='ltr'>Lucano.</span> 
     </span>
    </p>
   </div>
   <div class='ocr_carea' id='block_1_12' title="bbox 71 4209 1738 5552">
    <p class='ocr_par' dir='ltr' id='par_1_12' title="bbox 71 4209 1738 5552">
     <span class='ocr_line' id='line_1_36' title="bbox 219 4209 1737 4295; baseline 0.001 -21"><span class='ocrx_word' id='word_1_356' title='bbox 219 4209 388 4276; x_wconf 86' lang='lat' dir='ltr'>Adrianus</span> <span class='ocrx_word' id='word_1_357' title='bbox 412 4213 594 4295; x_wconf 90' lang='lat' dir='ltr'>episcopus,</span> <span class='ocrx_word' id='word_1_358' title='bbox 619 4233 730 4278; x_wconf 91' lang='lat' dir='ltr'>servus</span> <span class='ocrx_word' id='word_1_359' title='bbox 753 4235 919 4278; x_wconf 90' lang='lat' dir='ltr'>servorum</span> <span class='ocrx_word' id='word_1_360' title='bbox 943 4215 1005 4291; x_wconf 90' lang='lat' dir='ltr'>dei,</span> <span class='ocrx_word' id='word_1_361' title='bbox 1030 4215 1151 4278; x_wconf 87' lang='lat' dir='ltr'>dilecto</span> <span class='ocrx_word' id='word_1_362' title='bbox 1180 4213 1245 4277; x_wconf 87' lang='lat' dir='ltr'>filio</span> <span class='ocrx_word' id='word_1_363' title='bbox 1268 4215 1459 4291; x_wconf 91' lang='lat' dir='ltr'>Bertraimo,</span> <span class='ocrx_word' id='word_1_364' title='bbox 1493 4216 1595 4278; x_wconf 89' lang='lat' dir='ltr'>sancti</span> <span class='ocrx_word' id='word_1_365' title='bbox 1620 4215 1737 4277; x_wconf 87' lang='lat' dir='ltr'>Marini</span> 
     </span>
     <span class='ocr_line' id='line_1_37' title="bbox 72 4297 1738 4389; baseline 0.003 -29"><span class='ocrx_word' id='word_1_366' title='bbox 72 4297 187 4377; x_wconf 85' lang='lat' dir='ltr'>abbati,</span> <span class='ocrx_word' id='word_1_367' title='bbox 221 4304 358 4384; x_wconf 91' lang='lat' dir='ltr'>eiusque</span> <span class='ocrx_word' id='word_1_368' title='bbox 388 4303 629 4366; x_wconf 91' lang='lat' dir='ltr'>successoribus</span> <span class='ocrx_word' id='word_1_369' title='bbox 660 4304 849 4386; x_wconf 89' lang='lat' dir='ltr'>regulariter</span> <span class='ocrx_word' id='word_1_370' title='bbox 878 4305 1122 4380; x_wconf 88' lang='lat' dir='ltr'>substituendis,</span> <span class='ocrx_word' id='word_1_371' title='bbox 1145 4317 1183 4367; x_wconf 78' lang='grc' dir='ltr'>ΙΝ</span> <span class='ocrx_word' id='word_1_372' title='bbox 1206 4315 1284 4367; x_wconf 84' lang='grc' dir='ltr'><strong>ΡΡΜ.</strong></span> <span class='ocrx_word' id='word_1_373' title='bbox 1308 4299 1377 4389; x_wconf 88' lang='grc' dir='ltr'>-Ι</span> <span class='ocrx_word' id='word_1_374' title='bbox 1404 4305 1606 4386; x_wconf 91' lang='lat' dir='ltr'>Religiosam</span> <span class='ocrx_word' id='word_1_375' title='bbox 1635 4305 1738 4366; x_wconf 91' lang='lat' dir='ltr'>vitam</span> 
     </span>
     <span class='ocr_line' id='line_1_38' title="bbox 72 4387 1738 4476; baseline 0.005 -28"><span class='ocrx_word' id='word_1_376' title='bbox 72 4387 258 4470; x_wconf 88' lang='lat' dir='ltr'>eligentibus</span> <span class='ocrx_word' id='word_1_377' title='bbox 281 4391 501 4474; x_wconf 89' lang='lat' dir='ltr'>apostolicum</span> <span class='ocrx_word' id='word_1_378' title='bbox 517 4393 672 4456; x_wconf 90' lang='lat' dir='ltr'>convenit</span> <span class='ocrx_word' id='word_1_379' title='bbox 687 4394 802 4458; x_wconf 89' lang='lat' dir='ltr'>adesse</span> <span class='ocrx_word' id='word_1_380' title='bbox 818 4395 1005 4476; x_wconf 91' lang='lat' dir='ltr'>presidium,</span> <span class='ocrx_word' id='word_1_381' title='bbox 1030 4415 1071 4457; x_wconf 91' lang='lat' dir='ltr'>ne</span> <span class='ocrx_word' id='word_1_382' title='bbox 1091 4394 1175 4457; x_wconf 86' lang='lat' dir='ltr'>sorte</span> <span class='ocrx_word' id='word_1_383' title='bbox 1191 4394 1361 4458; x_wconf 92' lang='lat' dir='ltr'>cuiuslibet</span> <span class='ocrx_word' id='word_1_384' title='bbox 1381 4395 1573 4458; x_wconf 90' lang='lat' dir='ltr'>temeritatis</span> <span class='ocrx_word' id='word_1_385' title='bbox 1594 4395 1738 4456; x_wconf 91' lang='lat' dir='ltr'>incursus</span> 
     </span>
     <span class='ocr_line' id='line_1_39' title="bbox 72 4477 1734 4565; baseline 0.004 -28"><span class='ocrx_word' id='word_1_386' title='bbox 72 4487 121 4539; x_wconf 91' lang='lat' dir='ltr'>aut</span> <span class='ocrx_word' id='word_1_387' title='bbox 134 4499 188 4543; x_wconf 92' lang='lat' dir='ltr'>eos</span> <span class='ocrx_word' id='word_1_388' title='bbox 205 4502 225 4543; x_wconf 91' lang='lat' dir='ltr'>a</span> <span class='ocrx_word' id='word_1_389' title='bbox 240 4481 416 4563; x_wconf 93' lang='lat' dir='ltr'>proposito</span> <span class='ocrx_word' id='word_1_390' title='bbox 438 4490 569 4544; x_wconf 90' lang='lat' dir='ltr'>revocet</span> <span class='ocrx_word' id='word_1_391' title='bbox 592 4491 647 4545; x_wconf 92' lang='lat' dir='ltr'>aut</span> <span class='ocrx_word' id='word_1_392' title='bbox 667 4482 775 4560; x_wconf 90' lang='lat' dir='ltr'>robur,</span> <span class='ocrx_word' id='word_1_393' title='bbox 800 4485 890 4564; x_wconf 93' lang='lat' dir='ltr'>quod</span> <span class='ocrx_word' id='word_1_394' title='bbox 907 4484 1001 4560; x_wconf 89' lang='lat' dir='ltr'>absit,</span> <span class='ocrx_word' id='word_1_395' title='bbox 1025 4503 1116 4546; x_wconf 89' lang='lat' dir='ltr'>sacre</span> <span class='ocrx_word' id='word_1_396' title='bbox 1131 4484 1297 4565; x_wconf 91' lang='lat' dir='ltr'>religionis</span> <span class='ocrx_word' id='word_1_397' title='bbox 1313 4485 1476 4565; x_wconf 77' lang='lat' dir='ltr'>infringat.</span> <span class='ocrx_word' id='word_1_398' title='bbox 1514 4485 1708 4565; x_wconf 88' lang='lat' dir='ltr'>Eapropter,</span> <span class='ocrx_word' id='word_1_399' title='bbox 1731 4477 1734 4564; x_wconf 72' lang='lat' dir='ltr'>l</span> 
     </span>
     <span class='ocr_line' id='line_1_40' title="bbox 73 4565 1737 4656; baseline 0.004 -29"><span class='ocrx_word' id='word_1_400' title='bbox 73 4565 179 4632; x_wconf 87' lang='lat' dir='ltr'>dilecte</span> <span class='ocrx_word' id='word_1_401' title='bbox 195 4571 227 4632; x_wconf 92' lang='lat' dir='ltr'>in</span> <span class='ocrx_word' id='word_1_402' title='bbox 246 4570 382 4633; x_wconf 91' lang='lat' dir='ltr'>domino</span> <span class='ocrx_word' id='word_1_403' title='bbox 399 4568 444 4632; x_wconf 87' lang='lat' dir='ltr'>tili</span> <span class='ocrx_word' id='word_1_404' title='bbox 460 4565 672 4656; x_wconf 86' lang='lat' dir='ltr'>Ber(traime)‚</span> <span class='ocrx_word' id='word_1_405' title='bbox 697 4572 757 4635; x_wconf 91' lang='lat' dir='ltr'>tuis</span> <span class='ocrx_word' id='word_1_406' title='bbox 777 4573 869 4636; x_wconf 90' lang='lat' dir='ltr'>iustis</span> <span class='ocrx_word' id='word_1_407' title='bbox 884 4573 1162 4655; x_wconf 92' lang='lat' dir='ltr'>postulationibus</span> <span class='ocrx_word' id='word_1_408' title='bbox 1177 4583 1304 4654; x_wconf 89' lang='lat' dir='ltr'>gratum</span> <span class='ocrx_word' id='word_1_409' title='bbox 1322 4573 1545 4654; x_wconf 91' lang='lat' dir='ltr'>impertientes</span> <span class='ocrx_word' id='word_1_410' title='bbox 1561 4591 1737 4646; x_wconf 89' lang='lat' dir='ltr'>assensum,</span> 
     </span>
     <span class='ocr_line' id='line_1_41' title="bbox 72 4657 1737 4745; baseline 0.002 -26"><span class='ocrx_word' id='word_1_411' title='bbox 72 4657 224 4734; x_wconf 83' lang='lat' dir='ltr'>prefatum</span> <span class='ocrx_word' id='word_1_412' title='bbox 249 4659 492 4734; x_wconf 85' lang='lat' dir='ltr'>monasterium,</span> <span class='ocrx_word' id='word_1_413' title='bbox 524 4661 615 4741; x_wconf 89' lang='lat' dir='ltr'>quod</span> <span class='ocrx_word' id='word_1_414' title='bbox 634 4657 662 4745; x_wconf 83' lang='lat' dir='ltr'>a)</span> <span class='ocrx_word' id='word_1_415' title='bbox 693 4663 735 4724; x_wconf 92' lang='lat' dir='ltr'>ad</span> <span class='ocrx_word' id='word_1_416' title='bbox 763 4662 811 4725; x_wconf 92' lang='lat' dir='ltr'>ius</span> <span class='ocrx_word' id='word_1_417' title='bbox 835 4669 868 4724; x_wconf 92' lang='lat' dir='ltr'>et</span> <span class='ocrx_word' id='word_1_418' title='bbox 892 4662 1126 4744; x_wconf 89' lang='lat' dir='ltr'>proprietatem</span> <span class='ocrx_word' id='word_1_419' title='bbox 1157 4661 1244 4725; x_wconf 91' lang='lat' dir='ltr'>beati</span> <span class='ocrx_word' id='word_1_420' title='bbox 1266 4663 1351 4724; x_wconf 90' lang='lat' dir='ltr'>Petri</span> <span class='ocrx_word' id='word_1_421' title='bbox 1375 4672 1526 4744; x_wconf 90' lang='lat' dir='ltr'>spectare</span> <span class='ocrx_word' id='word_1_422' title='bbox 1550 4661 1737 4737; x_wconf 89' lang='lat' dir='ltr'>dinoscitur,</span> 
     </span>
     <span class='ocr_line' id='line_1_42' title="bbox 71 4745 1737 4833; baseline 0.004 -28"><span class='ocrx_word' id='word_1_423' title='bbox 71 4745 124 4808; x_wconf 90' lang='lat' dir='ltr'>sub</span> <span class='ocrx_word' id='word_1_424' title='bbox 146 4749 293 4811; x_wconf 90' lang='lat' dir='ltr'>eiusdem</span> <span class='ocrx_word' id='word_1_425' title='bbox 315 4749 405 4811; x_wconf 86' lang='lat' dir='ltr'>beati</span> <span class='ocrx_word' id='word_1_426' title='bbox 428 4749 514 4811; x_wconf 93' lang='lat' dir='ltr'>Petri</span> <span class='ocrx_word' id='word_1_427' title='bbox 539 4758 572 4812; x_wconf 92' lang='lat' dir='ltr'>et</span> <span class='ocrx_word' id='word_1_428' title='bbox 594 4759 706 4813; x_wconf 88' lang='lat' dir='ltr'>nostra</span> <span class='ocrx_word' id='word_1_429' title='bbox 729 4753 935 4832; x_wconf 88' lang='lat' dir='ltr'>protectione</span> <span class='ocrx_word' id='word_1_430' title='bbox 958 4752 1152 4833; x_wconf 91' lang='lat' dir='ltr'>suscipimus</span> <span class='ocrx_word' id='word_1_431' title='bbox 1183 4761 1216 4814; x_wconf 91' lang='lat' dir='ltr'>et</span> <span class='ocrx_word' id='word_1_432' title='bbox 1243 4751 1402 4832; x_wconf 92' lang='lat' dir='ltr'>presentis</span> <span class='ocrx_word' id='word_1_433' title='bbox 1430 4752 1542 4833; x_wconf 92' lang='lat' dir='ltr'>scripti</span> <span class='ocrx_word' id='word_1_434' title='bbox 1567 4750 1737 4832; x_wconf 90' lang='lat' dir='ltr'>privilegio</span> 
     </span>
     <span class='ocr_line' id='line_1_43' title="bbox 73 4831 1737 4923; baseline 0.002 -26"><span class='ocrx_word' id='word_1_435' title='bbox 73 4831 337 4923; x_wconf 67' lang='lat' dir='ltr'>communilmus}</span> <span class='ocrx_word' id='word_1_436' title='bbox 383 4836 579 4914; x_wconf 88' lang='lat' dir='ltr'>Statuentes,</span> <span class='ocrx_word' id='word_1_437' title='bbox 610 4849 645 4902; x_wconf 92' lang='lat' dir='ltr'>ut</span> <span class='ocrx_word' id='word_1_438' title='bbox 669 4860 891 4922; x_wconf 91' lang='lat' dir='ltr'>quascumque</span> <span class='ocrx_word' id='word_1_439' title='bbox 915 4841 1148 4922; x_wconf 74' lang='lat' dir='ltr'>possessiones</span> <span class='ocrx_word' id='word_1_440' title='bbox 1174 4859 1379 4922; x_wconf 91' lang='lat' dir='ltr'>quecumque</span> <span class='ocrx_word' id='word_1_441' title='bbox 1402 4840 1492 4905; x_wconf 87' lang='lat' dir='ltr'>bona</span> <span class='ocrx_word' id='word_1_442' title='bbox 1514 4841 1602 4902; x_wconf 92' lang='lat' dir='ltr'>idem</span> <span class='ocrx_word' id='word_1_443' title='bbox 1626 4858 1737 4902; x_wconf 92' lang='lat' dir='ltr'>mona·</span> 
     </span>
     <span class='ocr_line' id='line_1_44' title="bbox 72 4927 1738 5012; baseline 0.005 -28"><span class='ocrx_word' id='word_1_444' title='bbox 72 4927 194 4990; x_wconf 89' lang='lat' dir='ltr'>sterium</span> <span class='ocrx_word' id='word_1_445' title='bbox 218 4928 252 4989; x_wconf 93' lang='lat' dir='ltr'>in</span> <span class='ocrx_word' id='word_1_446' title='bbox 276 4928 511 5008; x_wconf 88' lang='lat' dir='ltr'>presentiarum</span> <span class='ocrx_word' id='word_1_447' title='bbox 535 4928 617 4991; x_wconf 92' lang='lat' dir='ltr'>iuste</span> <span class='ocrx_word' id='word_1_448' title='bbox 650 4940 683 4991; x_wconf 94' lang='lat' dir='ltr'>et</span> <span class='ocrx_word' id='word_1_449' title='bbox 713 4931 870 4993; x_wconf 92' lang='lat' dir='ltr'>canonice</span> <span class='ocrx_word' id='word_1_450' title='bbox 900 4930 1058 5012; x_wconf 90' lang='lat' dir='ltr'>possidet,</span> <span class='ocrx_word' id='word_1_451' title='bbox 1092 4937 1147 4992; x_wconf 89' lang='lat' dir='ltr'>aut</span> <span class='ocrx_word' id='word_1_452' title='bbox 1176 4931 1209 4992; x_wconf 94' lang='lat' dir='ltr'>in</span> <span class='ocrx_word' id='word_1_453' title='bbox 1240 4928 1382 4992; x_wconf 81' lang='lat' dir='ltr'>futurum</span> <span class='ocrx_word' id='word_1_454' title='bbox 1413 4931 1626 4992; x_wconf 90' lang='lat' dir='ltr'>concessione</span> <span class='ocrx_word' id='word_1_455' title='bbox 1655 4949 1738 5011; x_wconf 93' lang='lat' dir='ltr'>pon-</span> 
     </span>
     <span class='ocr_line' id='line_1_45' title="bbox 72 5011 1737 5101; baseline 0.005 -29"><span class='ocrx_word' id='word_1_456' title='bbox 72 5011 193 5092; x_wconf 89' lang='lat' dir='ltr'>tificum,</span> <span class='ocrx_word' id='word_1_457' title='bbox 226 5017 400 5098; x_wconf 88' lang='lat' dir='ltr'>largitione</span> <span class='ocrx_word' id='word_1_458' title='bbox 423 5036 535 5098; x_wconf 87' lang='lat' dir='ltr'>regum</span> <span class='ocrx_word' id='word_1_459' title='bbox 557 5017 610 5080; x_wconf 90' lang='lat' dir='ltr'>vel</span> <span class='ocrx_word' id='word_1_460' title='bbox 633 5018 827 5101; x_wconf 91' lang='lat' dir='ltr'>principum,</span> <span class='ocrx_word' id='word_1_461' title='bbox 860 5018 1028 5082; x_wconf 87' lang='lat' dir='ltr'>oblatione</span> <span class='ocrx_word' id='word_1_462' title='bbox 1058 5018 1205 5082; x_wconf 89' lang='lat' dir='ltr'>fidelium</span> <span class='ocrx_word' id='word_1_463' title='bbox 1234 5039 1291 5081; x_wconf 89' lang='lat' dir='ltr'>seu</span> <span class='ocrx_word' id='word_1_464' title='bbox 1314 5018 1383 5081; x_wconf 90' lang='lat' dir='ltr'>aliis</span> <span class='ocrx_word' id='word_1_465' title='bbox 1412 5019 1503 5082; x_wconf 92' lang='lat' dir='ltr'>iustis</span> <span class='ocrx_word' id='word_1_466' title='bbox 1532 5019 1640 5082; x_wconf 91' lang='lat' dir='ltr'>modis</span> <span class='ocrx_word' id='word_1_467' title='bbox 1674 5019 1737 5081; x_wconf 91' lang='lat' dir='ltr'>deo</span> 
     </span>
     <span class='ocr_line' id='line_1_46' title="bbox 73 5105 1738 5190; baseline 0.004 -27"><span class='ocrx_word' id='word_1_468' title='bbox 73 5105 208 5184; x_wconf 92' lang='lat' dir='ltr'>propitio</span> <span class='ocrx_word' id='word_1_469' title='bbox 240 5107 364 5187; x_wconf 91' lang='lat' dir='ltr'>poterit</span> <span class='ocrx_word' id='word_1_470' title='bbox 390 5105 540 5188; x_wconf 89' lang='lat' dir='ltr'>adipisci,</span> <span class='ocrx_word' id='word_1_471' title='bbox 572 5106 665 5170; x_wconf 89' lang='lat' dir='ltr'>firma</span> <span class='ocrx_word' id='word_1_472' title='bbox 694 5109 753 5172; x_wconf 89' lang='lat' dir='ltr'>tibi</span> <span class='ocrx_word' id='word_1_473' title='bbox 784 5109 913 5190; x_wconf 88' lang='lat' dir='ltr'>tuisque</span> <span class='ocrx_word' id='word_1_474' title='bbox 945 5109 1186 5172; x_wconf 92' lang='lat' dir='ltr'>successoribus</span> <span class='ocrx_word' id='word_1_475' title='bbox 1217 5117 1251 5170; x_wconf 94' lang='lat' dir='ltr'>et</span> <span class='ocrx_word' id='word_1_476' title='bbox 1280 5107 1406 5171; x_wconf 91' lang='lat' dir='ltr'>illibata</span> <span class='ocrx_word' id='word_1_477' title='bbox 1433 5116 1655 5190; x_wconf 88' lang='lat' dir='ltr'>permaneant.</span> <span class='ocrx_word' id='word_1_478' title='bbox 1700 5108 1738 5170; x_wconf 94' lang='lat' dir='ltr'>ln</span> 
     </span>
     <span class='ocr_line' id='line_1_47' title="bbox 74 5191 1736 5282; baseline 0.002 -28"><span class='ocrx_word' id='word_1_479' title='bbox 74 5191 182 5270; x_wconf 90' lang='lat' dir='ltr'>quibus</span> <span class='ocrx_word' id='word_1_480' title='bbox 204 5193 268 5282; x_wconf 71' lang='lat' dir='ltr'>hee</span> <span class='ocrx_word' id='word_1_481' title='bbox 290 5196 432 5278; x_wconf 92' lang='lat' dir='ltr'>propriis</span> <span class='ocrx_word' id='word_1_482' title='bbox 456 5196 608 5258; x_wconf 88' lang='lat' dir='ltr'>duximus</span> <span class='ocrx_word' id='word_1_483' title='bbox 632 5198 847 5279; x_wconf 90' lang='lat' dir='ltr'>exprimenda</span> <span class='ocrx_word' id='word_1_484' title='bbox 869 5196 1053 5261; x_wconf 90' lang='lat' dir='ltr'>vocabulis:</span> <span class='ocrx_word' id='word_1_485' title='bbox 1088 5207 1207 5260; x_wconf 89' lang='lat' dir='ltr'>terram</span> <span class='ocrx_word' id='word_1_486' title='bbox 1230 5197 1271 5260; x_wconf 91' lang='lat' dir='ltr'>de</span> <span class='ocrx_word' id='word_1_487' title='bbox 1286 5193 1372 5274; x_wconf 89' lang='lat' dir='ltr'>Sala,</span> <span class='ocrx_word' id='word_1_488' title='bbox 1396 5207 1516 5261; x_wconf 88' lang='lat' dir='ltr'>terram</span> <span class='ocrx_word' id='word_1_489' title='bbox 1539 5197 1582 5261; x_wconf 91' lang='lat' dir='ltr'>de</span> <span class='ocrx_word' id='word_1_490' title='bbox 1597 5197 1736 5273; x_wconf 89' lang='lat' dir='ltr'>Vovera,</span> 
     </span>
     <span class='ocr_line' id='line_1_48' title="bbox 74 5284 1737 5364; baseline 0.005 -24"><span class='ocrx_word' id='word_1_491' title='bbox 74 5287 182 5346; x_wconf 87' lang='lat' dir='ltr'>terram</span> <span class='ocrx_word' id='word_1_492' title='bbox 205 5284 392 5362; x_wconf 87' lang='lat' dir='ltr'>Octabiani,</span> <span class='ocrx_word' id='word_1_493' title='bbox 423 5294 457 5348; x_wconf 91' lang='lat' dir='ltr'>et</span> <span class='ocrx_word' id='word_1_494' title='bbox 487 5285 603 5348; x_wconf 90' lang='lat' dir='ltr'>cellam</span> <span class='ocrx_word' id='word_1_495' title='bbox 626 5307 732 5364; x_wconf 90' lang='lat' dir='ltr'>unam,</span> <span class='ocrx_word' id='word_1_496' title='bbox 764 5295 884 5350; x_wconf 87' lang='lat' dir='ltr'>terram</span> <span class='ocrx_word' id='word_1_497' title='bbox 913 5287 956 5350; x_wconf 88' lang='lat' dir='ltr'>de</span> <span class='ocrx_word' id='word_1_498' title='bbox 978 5287 1162 5363; x_wconf 88' lang='lat' dir='ltr'>Vestarino,</span> <span class='ocrx_word' id='word_1_499' title='bbox 1193 5297 1313 5350; x_wconf 89' lang='lat' dir='ltr'>terram</span> <span class='ocrx_word' id='word_1_500' title='bbox 1340 5287 1382 5350; x_wconf 92' lang='lat' dir='ltr'>de</span> <span class='ocrx_word' id='word_1_501' title='bbox 1404 5285 1589 5361; x_wconf 82' lang='lat' dir='ltr'>Souriasco,</span> <span class='ocrx_word' id='word_1_502' title='bbox 1619 5295 1737 5348; x_wconf 90' lang='lat' dir='ltr'>terram</span> 
     </span>
     <span class='ocr_line' id='line_1_49' title="bbox 74 5368 1737 5460; baseline 0.005 -31"><span class='ocrx_word' id='word_1_503' title='bbox 74 5368 110 5430; x_wconf 90' lang='lat' dir='ltr'>de</span> <span class='ocrx_word' id='word_1_504' title='bbox 129 5371 232 5449; x_wconf 88' lang='lat' dir='ltr'>Valle,</span> <span class='ocrx_word' id='word_1_505' title='bbox 256 5383 375 5437; x_wconf 90' lang='lat' dir='ltr'>terram</span> <span class='ocrx_word' id='word_1_506' title='bbox 399 5375 440 5438; x_wconf 92' lang='lat' dir='ltr'>de</span> <span class='ocrx_word' id='word_1_507' title='bbox 463 5375 626 5438; x_wconf 89' lang='lat' dir='ltr'>Pecoriria</span> <span class='ocrx_word' id='word_1_508' title='bbox 643 5373 681 5460; x_wconf 86' lang='lat' dir='ltr'>b),</span> <span class='ocrx_word' id='word_1_509' title='bbox 706 5383 824 5439; x_wconf 88' lang='lat' dir='ltr'>terram</span> <span class='ocrx_word' id='word_1_510' title='bbox 848 5376 890 5440; x_wconf 91' lang='lat' dir='ltr'>de</span> <span class='ocrx_word' id='word_1_511' title='bbox 914 5375 1048 5452; x_wconf 88' lang='lat' dir='ltr'>Caselle,</span> <span class='ocrx_word' id='word_1_512' title='bbox 1072 5386 1192 5440; x_wconf 89' lang='lat' dir='ltr'>terram</span> <span class='ocrx_word' id='word_1_513' title='bbox 1215 5376 1257 5439; x_wconf 89' lang='lat' dir='ltr'>de</span> <span class='ocrx_word' id='word_1_514' title='bbox 1279 5376 1377 5451; x_wconf 89' lang='lat' dir='ltr'>Liuri,</span> <span class='ocrx_word' id='word_1_515' title='bbox 1401 5386 1435 5439; x_wconf 91' lang='lat' dir='ltr'>et</span> <span class='ocrx_word' id='word_1_516' title='bbox 1457 5377 1586 5439; x_wconf 89' lang='lat' dir='ltr'>tertiam</span> <span class='ocrx_word' id='word_1_517' title='bbox 1609 5385 1737 5456; x_wconf 89' lang='lat' dir='ltr'>partem</span> 
     </span>
     <span class='ocr_line' id='line_1_50' title="bbox 75 5455 1738 5552; baseline 0.003 -31"><span class='ocrx_word' id='word_1_518' title='bbox 75 5455 111 5520; x_wconf 91' lang='lat' dir='ltr'>de</span> <span class='ocrx_word' id='word_1_519' title='bbox 130 5459 299 5526; x_wconf 89' lang='lat' dir='ltr'>Lemenne</span> <span class='ocrx_word' id='word_1_520' title='bbox 320 5482 381 5545; x_wconf 92' lang='lat' dir='ltr'>per</span> <span class='ocrx_word' id='word_1_521' title='bbox 407 5472 565 5527; x_wconf 88' lang='lat' dir='ltr'>montana</span> <span class='ocrx_word' id='word_1_522' title='bbox 588 5474 622 5528; x_wconf 88' lang='lat' dir='ltr'>et</span> <span class='ocrx_word' id='word_1_523' title='bbox 644 5462 787 5546; x_wconf 90' lang='lat' dir='ltr'>planum,</span> <span class='ocrx_word' id='word_1_524' title='bbox 821 5464 977 5547; x_wconf 92' lang='lat' dir='ltr'>quicquid</span> <span class='ocrx_word' id='word_1_525' title='bbox 1001 5466 1033 5527; x_wconf 89' lang='lat' dir='ltr'>in</span> <span class='ocrx_word' id='word_1_526' title='bbox 1056 5464 1184 5528; x_wconf 90' lang='lat' dir='ltr'>duabus</span> <span class='ocrx_word' id='word_1_527' title='bbox 1211 5465 1290 5546; x_wconf 92' lang='lat' dir='ltr'>ripis</span> <span class='ocrx_word' id='word_1_528' title='bbox 1313 5465 1421 5538; x_wconf 83' lang='lat' dir='ltr'>Ticini</span> <span class='ocrx_word' id='word_1_529' title='bbox 1451 5467 1567 5529; x_wconf 90' lang='lat' dir='ltr'>eadem</span> <span class='ocrx_word' id='word_1_530' title='bbox 1599 5463 1738 5552; x_wconf 72' lang='lat' dir='ltr'>ecclesia</span> 
     </span>
    </p>
   </div>
   <div class='ocr_carea' id='block_1_13' title="bbox 18 5656 1736 5796">
    <p class='ocr_par' dir='ltr' id='par_1_13' title="bbox 18 5656 1736 5796">
     <span class='ocr_line' id='line_1_51' title="bbox 221 5656 1736 5728; baseline 0.003 -23"><span class='ocrx_word' id='word_1_531' title='bbox 221 5659 248 5724; x_wconf 83' lang='lat' dir='ltr'>a)</span> <span class='ocrx_word' id='word_1_532' title='bbox 267 5673 283 5706; x_wconf 96' lang='lat' dir='ltr'>o</span> <span class='ocrx_word' id='word_1_533' title='bbox 301 5656 354 5721; x_wconf 82' lang='lat' dir='ltr'>aus</span> <span class='ocrx_word' id='word_1_534' title='bbox 365 5657 450 5706; x_wconf 79' lang='lat' dir='ltr'>Rasur</span> <span class='ocrx_word' id='word_1_535' title='bbox 555 5657 582 5725; x_wconf 94' lang='lat' dir='ltr'>b)</span> <span class='ocrx_word' id='word_1_536' title='bbox 600 5658 621 5708; x_wconf 92' lang='lat' dir='ltr'>ir</span> <span class='ocrx_word' id='word_1_537' title='bbox 638 5659 690 5724; x_wconf 79' lang='lat' dir='ltr'>aus</span> <span class='ocrx_word' id='word_1_538' title='bbox 703 5661 794 5710; x_wconf 80' lang='lat' dir='ltr'>Ramr.</span> <span class='ocrx_word' id='word_1_539' title='bbox 815 5701 820 5705; x_wconf 96' lang='lat'>.</span> <span class='ocrx_word' id='word_1_540' title='bbox 884 5660 922 5728; x_wconf 78' lang='grc'>,1)</span> <span class='ocrx_word' id='word_1_541' title='bbox 940 5657 1065 5725; x_wconf 79' lang='lat' dir='ltr'>Absclm&#39;fl</span> <span class='ocrx_word' id='word_1_542' title='bbox 1084 5659 1141 5708; x_wconf 81' lang='lat' dir='ltr'>und</span> <span class='ocrx_word' id='word_1_543' title='bbox 1163 5659 1343 5726; x_wconf 72' lang='lat' dir='ltr'>aemerkungm</span> <span class='ocrx_word' id='word_1_544' title='bbox 1365 5659 1486 5711; x_wconf 69' lang='lat' dir='ltr'>vadante</span> <span class='ocrx_word' id='word_1_545' title='bbox 1508 5657 1546 5709; x_wconf 74' lang='lat' dir='ltr'>ich</span> <span class='ocrx_word' id='word_1_546' title='bbox 1563 5657 1648 5708; x_wconf 82' lang='lat' dir='ltr'>Herm</span> <span class='ocrx_word' id='word_1_547' title='bbox 1676 5657 1736 5709; x_wconf 79' lang='lat' dir='ltr'>Can.</span> 
     </span>
     <span class='ocr_line' id='line_1_52' title="bbox 18 5721 494 5796; baseline 0.025 -27"><span class='ocrx_word' id='word_1_548' title='bbox 18 5793 19 5796; x_wconf 8' lang='grc' dir='ltr'><strong>Ἴ</strong></span> <span class='ocrx_word' id='word_1_549' title='bbox 78 5721 175 5776; x_wconf 72' lang='lat' dir='ltr'>saum</span> <span class='ocrx_word' id='word_1_550' title='bbox 191 5727 332 5780; x_wconf 84' lang='lat' dir='ltr'>Nicolr&#39;ni</span> <span class='ocrx_word' id='word_1_551' title='bbox 346 5745 376 5780; x_wconf 76' lang='lat' dir='ltr'>uu</span> <span class='ocrx_word' id='word_1_552' title='bbox 392 5728 494 5781; x_wconf 80' lang='lat' dir='ltr'>Rinrim&#39;.</span> 
     </span>
    </p>
   </div>
   <div class='ocr_carea' id='block_1_14' title="bbox 0 0 2068 6356">
    <p class='ocr_par' dir='ltr' id='par_1_14' title="bbox 0 0 2068 6356">
     <span class='ocr_line' id='line_1_53' title="bbox 0 0 2068 6356; baseline 0 0"><span class='ocrx_word' id='word_1_553' title='bbox 0 0 2068 6356; x_wconf 95' lang='lat' dir='ltr'> </span> 
     </span>
    </p>
   </div>
  </div>
 </body>
</html>
