4126 6356
1652 291 1711 360 127

787 455 855 531 Nr.
884 461 970 533 120.

53 587 240 650 Anastasius
262 588 288 650 J
294 588 328 651 V
343 590 460 652 nimmt
480 589 535 650 die
559 586 833 669 Kellegiatkirclze
861 588 929 653 San
953 589 1097 654 lifartr'rro
1120 592 1160 654 dr·
1179 591 1259 656 Pisa
1282 595 1316 657 in
1338 594 1569 677 apostolr'sclren
1593 593 1712 658 Schutz

470 677 538 740 und
557 677 706 759 bestitigt
727 675 799 740 ihre
823 679 1054 743 Besr'tstlutmer
1076 681 1144 743 und
1165 681 1281 745 Rechte

613 815 697 873 1153
719 811 894 874 December
913 816 947 875 2.
994 815 1143 877 Lateran.

199 943 399 1007 Anastasius
424 945 616 1025 episcopus,
647 965 759 1008 servus
782 966 949 1009 servorum
974 948 1035 1022 dei,
1067 947 1191 1011 dilectis
1213 948 1286 1011 filiis
1309 947 1420 1022 Leoni,
1452 951 1551 1030 priori
1576 950 1711 1034 ecclesie

52 1032 140 1094 sancti
163 1032 302 1095 Martini
331 1034 374 1095 de
398 1032 561 1107 Guinzica,
593 1035 726 1114 eiusque
749 1035 908 1110 fratribus,
939 1046 1005 1098 tam
1030 1038 1237 1118 presentibus
1261 1057 1358 1117 quarn
1381 1038 1501 1111 futuris,
1532 1038 1710 1119 regularem

51 1123 137 1182 vitam
168 1123 340 1204 professis
372 1135 410 1185 ΙΝ
433 1135 510 1184 ΡΡΜ.
535 1157 578 1168 -
598 1121 603 1203 Ι
623 1123 716 1186 Iustis
740 1123 960 1205 religiosorum
983 1127 1151 1188 desideriis
1183 1128 1366 1189 consentire
1396 1146 1433 1188 ac
1463 1128 1711 1190 rationabilibus

52 1230 150 1272 eorum
183 1212 465 1292 postulationibus
492 1211 669 1274 clementer
690 1233 841 1288 annuere,
866 1214 1046 1299 apostolice
1075 1216 1170 1290 sedis
1202 1217 1261 1291 cui,
1293 1215 1449 1296 largiente
1479 1216 1623 1292 dominu,
1655 1218 1711 1279 de·

52 1301 209 1374 servimus,
245 1303 424 1363 auctoritas
456 1308 489 1362 et
519 1301 658 1384 fraterne
690 1303 831 1364 caritatis
851 1301 855 1382 Ι
877 1306 981 1366 unitas
1012 1324 1071 1366 nos
1102 1304 1257 1367 hortatur.
1311 1303 1508 1386 Eapropter,
1540 1306 1647 1368 dilecti
1679 1308 1711 1368 in

51 1389 173 1451 domino
197 1388 263 1464 filii,
289 1391 404 1452 vestris
427 1391 516 1451 iustis
539 1392 753 1471 petitionibus
777 1391 953 1454 clementer
976 1395 1152 1469 annuimus,
1176 1404 1209 1456 et
1230 1394 1500 1475 predecessorum
1516 1403 1710 1468 nostrorum,

52 1478 125 1555 bone
153 1481 317 1561 memorie
349 1478 555 1541 INNocENTH
575 1481 597 1559 ¹)
630 1488 663 1542 et
686 1480 788 1543 LUCII
806 1481 840 1560 ²),
869 1501 1069 1544 summorum
1101 1483 1310 1563 pontificum,
1341 1485 1486 1564 vestigiis
1517 1483 1710 1556 inherentes

52 1567 196 1646 prefatam
225 1571 333 1630 sancti
360 1569 488 1630 Martini
521 1567 700 1644 ecclesiam,
732 1571 764 1631 in
796 1588 860 1648 qua
890 1571 1000 1632 divino
1032 1573 1204 1653 mancipati
1238 1574 1315 1633 estis
1339 1572 1509 1653 obsequio,
1539 1572 1600 1634 sub
1623 1573 1710 1635 beati

51 1656 123 1717 Petri
145 1667 178 1718 et
201 1667 318 1719 nostra
348 1659 552 1739 protectione
583 1659 775 1739 suscipimus
806 1666 839 1720 et
866 1662 1025 1740 presentis
1054 1663 1166 1742 scripti
1190 1661 1359 1742 privilegio
1385 1660 1629 1723 communimus
1674 1661 1710 1722 ln

53 1745 148 1824 primis
171 1747 340 1825 siquidem
365 1755 552 1819 statuentes,
577 1756 613 1808 ut
636 1749 719 1809 ordo
743 1749 924 1822 canonicus
949 1753 1003 1828 qui
1027 1750 1206 1812 secundum
1231 1751 1318 1814 beati
1342 1749 1545 1812 AUGUSTINI
1568 1750 1710 1831 regulam

53 1833 158 1896 ibidem
191 1837 342 1898 noscitur
372 1837 544 1908 institutus,
576 1839 743 1917 perpetuis
774 1837 979 1917 temporibus
1010 1839 1043 1900 in
1075 1839 1190 1901 eadem
1220 1838 1358 1902 ecclesia
1381 1839 1612 1902 inviolabiliter
1635 1860 1710 1902 con·

53 1931 191 1984 servetur.
239 1921 459 2006 Queeumque
492 1926 589 1985 etiam
622 1925 717 2000 bona,
754 1945 975 2006 quascumque
1005 1931 1229 2008 possessiones
1262 1929 1378 1990 eadem
1409 1929 1546 1991 ecclesia
1577 1930 1609 1990 in
1639 1948 1711 2010 pre·

53 2011 211 2074 sentiarum
236 2015 326 2076 iuste
349 2021 381 2075 et
404 2015 559 2075 canonice
587 2014 734 2095 possidet
762 2025 818 2077 aut
846 2017 877 2076 in
906 2015 1047 2078 futurum
1072 2019 1281 2080 concessione
1305 2017 1504 2100 pontificum,
1538 2017 1711 2098 largitione

54 2119 150 2180 regum
173 2100 227 2164 vel
262 2104 457 2184 principum,
491 2101 658 2165 oblatione
682 2103 838 2177 fidelium,
871 2123 928 2166 seu
960 2105 1028 2167 aliis
1056 2107 1146 2168 iustis
1174 2108 1281 2169 modis
1313 2107 1377 2169 deo
1412 2106 1554 2188 propitio
1588 2109 1711 2187 poterit

54 2189 185 2270 adipisci,
218 2189 315 2253 firma
343 2191 436 2255 vobis
469 2192 648 2271 vestrisque
679 2193 921 2255 successoribus
954 2203 987 2256 et
1017 2194 1143 2257 illibata
1176 2203 1394 2276 permaneant.
1418 2196 1476 2257 .ln
1507 2195 1623 2275 quibus
1648 2194 1708 2257 hec

54 2280 176 2359 propriis
199 2280 358 2343 duximus
382 2281 597 2362 exprimenda
618 2282 796 2344 vocabulis:
823 2282 992 2345 ecclesiam
1010 2287 1112 2346 sancti
1130 2286 1231 2347 Marci
1249 2305 1322 2348 curn
1340 2284 1491 2346 omnibus
1508 2285 1710 2364 pertinentiis

54 2368 106 2428 suis
128 2377 160 2429 et
182 2377 289 2431 terras
312 2378 413 2452 atque
433 2370 666 2451 possessiones,
692 2391 772 2451 quas
796 2373 909 2434 Petrus
933 2373 975 2434 de
999 2381 1113 2435 sancto
1131 2371 1272 2436 Genesio
1297 2393 1370 2436 cum
1395 2393 1497 2434 uxore
1521 2393 1578 2435 sua
1602 2374 1709 2435 eidem

56 2456 175 2540 ecclesie
209 2461 347 2540 pietatis
377 2461 493 2521 intuitu
525 2458 652 2523 obtulit.
698 2459 772 2522 Hoc
805 2464 902 2523 etiarn
926 2462 1117 2536 adicientes,
1156 2471 1191 2524 ut
1221 2466 1418 2543 quicumque
1450 2461 1532 2523 infra
1564 2462 1709 2524 eiusdem

55 2547 122 2606 sacri
144 2545 206 2609 loci
230 2549 402 2623 ambitum,
426 2557 622 2629 suggerente
637 2549 780 2623 diabolo,
806 2545 948 2634 fu[rtu]m
973 2551 1087 2613 fecerit
1102 2559 1157 2614 aut
1180 2551 1276 2614 alicui
1292 2550 1478 2614 violentiam
1495 2551 1546 2613 vel
1563 2552 1706 2632 rapinam

57 2633 193 2710 intulerit,
225 2657 401 2718 quousque
429 2637 524 2699 vobis
556 2646 588 2698 et
619 2637 754 2721 ecclesie
786 2639 829 2700 de
860 2647 1049 2719 perpetrata
1080 2643 1224 2720 nequitia
1255 2639 1461 2713 satisfecerit,
1491 2638 1706 2703 anathematis

56 2723 165 2785 vinculo
194 2726 389 2802 innodetur,
423 2736 456 2789 et
486 2728 642 2806 quoniam
674 2730 771 2789 etiam
801 2728 980 2790 secundum
1013 2728 1169 2792 humanas
1200 2730 1289 2811 leges
1320 2738 1528 2792 sacrosancta
1570 2729 1707 2791 ecclesia

58 2813 188 2874 omnibus
218 2815 415 2896 generaliter
438 2815 539 2877 debet
563 2835 634 2877 esse
658 2816 826 2897 refugium,
850 2816 945 2878 simili
975 2818 1075 2881 modo
1105 2821 1282 2892 sancimus,
1315 2827 1349 2880 ut
1380 2821 1578 2897 quicumque
1610 2839 1707 2880 causa

57 2899 150 2962 salutis
177 2913 317 2985 propter
347 2903 481 2983 aliquod
506 2906 715 2966 commissum
749 2925 784 2966 se
813 2905 855 2966 ad
889 2907 1030 2968 eundem
1061 2907 1166 2971 locum
1191 2907 1380 2982 contulerit,
1413 2907 1521 2968 donec
1553 2909 1643 2988 prior
1674 2915 1707 2968 et

57 2986 153 3052 fratres
167 2991 277 3073 ipsum
293 2993 335 3055 ad
351 2995 510 3055 iusticiam
534 2991 823 3077 presentaveri(n)t,
847 3015 867 3055 a
890 2997 1018 3057 nemine
1041 2995 1247 3059 abstrahatur
1269 3006 1325 3059 aut
1347 2997 1505 3058 lesionem
1530 3003 1586 3057 aut
1609 2996 1707 3058 detri-

58 3089 183 3142 mentum
214 3082 353 3162 aliquod
386 3084 536 3163 patiatur.
582 3082 795 3145 Prohibemus
826 3085 971 3164 insuper,
1006 3093 1041 3146 ut
1072 3085 1149 3147 nulli
1183 3107 1336 3168 umquam
1369 3087 1599 3147 canonicorum
1631 3093 1708 3167 post

58 3162 158 3230 factam
182 3172 420 3250 professionem
444 3171 570 3250 absque
592 3171 695 3234 libera
710 3173 825 3252 prioris
840 3180 873 3234 et
889 3173 1021 3234 fratrum
1038 3174 1166 3237 licentia
1182 3175 1351 3237 ecclesiam
1367 3182 1507 3236 vestram
1525 3174 1707 3253 relinquere

58 3253 148 3338 lefled
163 3260 259 3323 aliurn
271 3261 381 3323 locum
398 3261 492 3323 liceat
504 3263 707 3343 pertransire,
724 3281 783 3323 nec
799 3261 916 3340 aliquis
933 3264 1173 3344 episcoporum,
1189 3264 1353 3337 abbatum,
1369 3266 1514 3345 priorum
1532 3263 1583 3324 vel
1600 3263 1706 3343 aliqua

58 3361 178 3422 persona
202 3368 279 3413 eum
308 3353 447 3413 retinere
479 3358 653 3431 presumat,
685 3358 737 3420 set¹
764 3358 919 3431 tanquam
950 3371 1007 3430 sue
1038 3353 1249 3433 professionis
1280 3354 1499 3435 prevaricator
1530 3354 1637 3415 redire
1665 3353 1705 3414 ad

59 3431 147 3498 locum
179 3441 351 3522 proprium
383 3438 605 3521 compellatur.
657 3439 741 3502 Sane
771 3439 921 3501 laborum
952 3449 1148 3514 vestrorum,
1184 3463 1266 3524 quos
1300 3441 1438 3524 propriis
1472 3441 1619 3503 manibus
1652 3450 1708 3503 aut

58 3526 223 3605 sumptibus
247 3529 364 3604 colitis
394 3531 462 3591 sive
494 3530 535 3591 de
559 3529 761 3590 nutrimentis
783 3536 965 3591 vestrorum
992 3529 1179 3594 animalium
1202 3531 1307 3593 nullus
1336 3534 1468 3593 omnino
1499 3530 1633 3592 clericus
1656 3531 1707 3593 vel

58 3608 141 3674 laicus
162 3617 308 3680 decimas
332 3639 352 3680 a
372 3618 468 3680 vobis
490 3625 656 3698 presumat
679 3618 817 3699 exigere.
863 3615 1068 3700 Sepulturam
1094 3639 1226 3701 quoque
1255 3622 1356 3701 ipsius
1380 3617 1442 3682 loci
1475 3618 1610 3680 liberam
1635 3638 1707 3681 esse

59 3705 259 3784 concedimus,
285 3717 321 3769 ut
344 3727 456 3769 eorum
481 3709 647 3769 devotioni
672 3716 705 3768 et
728 3714 874 3792 extreme
897 3708 1064 3783 voluntati,
1088 3711 1143 3787 qui
1166 3729 1202 3772 se
1225 3709 1289 3771 illic
1304 3707 1435 3788 sepeliri
1451 3706 1706 3782 deliberaverint,

60 3789 107 3850 uisi
133 3793 214 3858 forte
247 3797 524 3859 excommunicati
555 3797 628 3870 sint,
658 3795 763 3858 nullus
794 3797 931 3858 obsistat
971 3797 1059 3860 salva
1092 3807 1202 3860 tamen
1232 3799 1357 3861 iusticia
1389 3797 1531 3858 matricis
1563 3795 1707 3880 ecclesie.

60 3874 182 3945 Clericos
205 3905 285 3948 vero
309 3888 378 3948 sive
399 3885 498 3948 laicos
522 3884 651 3958 liberos,
675 3884 861 3948 seculariter
876 3885 1029 3961 viventes,
1053 3887 1094 3948 ad
1111 3888 1356 3949 conversionem
1372 3885 1567 3967 suscipiendi
1583 3885 1707 3964 absque

61 3965 172 4034 alcuius
202 3976 462 4038 contradictione
495 3972 679 4036 facultatem
710 3973 846 4036 liberam
876 3974 1033 4038 habeatis.
1087 3975 1273 4038 inhibemus
1305 3977 1420 4048 etiam,
1451 3984 1487 4036 ut
1518 3975 1597 4037 nulli
1627 3973 1706 4036 infra

61 4060 244 4134 parrochiam
257 4072 399 4127 vestram
412 4063 581 4126 ecclesiam
597 4064 649 4125 vel
665 4062 825 4145 capellam
846 4064 972 4143 absque
988 4072 1096 4127 vestro
1112 4085 1243 4127 assensu
1260 4060 1484 4148 construafn)t;
1508 4082 1567 4124 vos
1589 4071 1706 4139 autem,

61 4145 172 4212 sicum
208 4173 342 4216 assensu
374 4154 481 4216 Pisani
519 4151 756 4234 archiepiscopi
788 4152 938 4215 edificare
968 4154 1150 4228 volueritiS,
1190 4154 1295 4216 nullus
1327 4152 1509 4236 prohibeat.
1551 4150 1707 4215 Mansuro

62 4245 190 4311 preterea
204 4244 236 4304 in
252 4251 447 4325 perpetuum
464 4243 597 4304 decreto
614 4241 741 4323 penitus
757 4240 980 4323 prohibemus
1005 4251 1040 4306 ut
1056 4244 1173 4306 nemini
1193 4243 1312 4318 abbati,
1336 4242 1499 4305 monacho
1520 4241 1571 4304 vel
1588 4241 1706 4304 clerico

61 4318 147 4402 liceat,
174 4330 269 4394 alicui
303 4329 590 4413 parrochianorum
614 4339 804 4406 vestrorum,
835 4331 931 4393 vobis
954 4332 1147 4408 inconsultis,
1180 4332 1390 4415 penitentiam
1415 4332 1508 4406 dare,
1539 4330 1598 4392 nisi
1622 4331 1707 4394 forte

62 4409 184 4480 intanta
207 4422 400 4484 necessitate
423 4421 523 4494 fuerit,
548 4420 638 4502 quod
662 4420 702 4481 ad
718 4440 779 4482 vos
802 4440 966 4483 recurrere
983 4421 1113 4484 minime
1138 4422 1249 4501 possit.
1294 4421 1518 4483 Interdicimus
1540 4422 1648 4494 etiam,
1673 4429 1707 4482 ut

62 4500 125 4565 nulli
145 4506 252 4572 abbati
268 4511 322 4573 vel
343 4508 505 4573 monacho
519 4511 587 4572 sive
603 4508 720 4572 clerico
737 4509 786 4570 fas
802 4510 850 4584 sit,
874 4510 966 4572 vobis
981 4511 1204 4592 ignorantibus
1221 4510 1507 4592 parrochianorum
1524 4517 1705 4572 vestrorum

63 4587 180 4669 aliquem
207 4598 238 4659 in
271 4599 457 4662 infirmitate
487 4596 680 4660 monachum
712 4598 819 4662 facere
842 4598 893 4662 vel
922 4599 1015 4661 vobis
1047 4608 1080 4662 et
1111 4600 1245 4684 ecclesie
1273 4608 1393 4682 vestre,
1425 4618 1522 4680 quem
1551 4597 1705 4680 spirituali

63 4677 130 4756 cibo,
143 4685 217 4749 dum
232 4691 365 4764 viveret,
381 4691 464 4750 sicut
478 4697 621 4750 vestrum
639 4687 887 4768 parrochianum
904 4688 1055 4764 nutristis,
1070 4689 1101 4750 in
1120 4698 1224 4752 morte
1244 4690 1303 4750 nisi
1320 4686 1407 4751 salva
1423 4688 1545 4750 iusticia
1561 4688 1706 4749 eiusdem

64 4769 176 4858 ecclesie
205 4778 418 4859 subripiendo
449 4777 585 4839 auferre.
633 4774 786 4839 Obeunte
809 4798 888 4840 vero
910 4786 951 4851 te,
984 4799 1067 4842 nunc
1098 4780 1243 4841 eiusdem
1267 4776 1329 4840 loci
1352 4781 1469 4858 priore,
1502 4776 1552 4838 vel
1577 4785 1705 4839 tuorum

64 4859 190 4934 quolibet
219 4885 454 4940 successorum,
484 4866 588 4928 nullus
613 4866 657 4928 ibi
689 4866 833 4944 qualibet
862 4870 1073 4948 surreptionis
1100 4869 1219 4930 astutia
1242 4888 1299 4930 seu
1323 4864 1474 4928 violentia
1498 4875 1706 4947 preponatur,

64 4955 103 5007 set
121 4948 207 5014 liceat
236 4955 340 5029 vobis
370 4957 534 5018 communi
567 4954 703 5017 consilio
733 4955 783 5016 vel
816 4960 916 5036 partis
948 4956 1070 5019 consilii
1098 4957 1230 5019 sanioris
1261 4956 1439 5019 secundum
1471 4955 1523 5016 dei
1554 4957 1705 5016 timorem

64 5041 90 5092 et
109 5037 186 5103 beati
208 5043 383 5125 Augustini
411 5043 555 5126 regulam
578 5044 703 5123 absque
734 5043 828 5106 ullius
859 5045 1115 5108 contradictione
1145 5047 1285 5129 priorem
1319 5044 1448 5126 eligere.
1494 5043 1706 5106 Decernimus

65 5140 136 5203 ergo,
163 5139 195 5193 ut
225 5132 303 5195 nulli
333 5135 465 5196 omnino
489 5133 657 5196 hominurn
690 5133 794 5207 liceat,
826 5135 985 5215 prefatam
1010 5135 1179 5198 ecclesiam
1206 5184 1211 5197 .
1237 5184 1243 5197 .
1269 5185 1274 5197 .
1300 5135 1443 5196 minuere
1470 5141 1526 5194 aut
1548 5131 1707 5214 aliquibus

65 5203 293 5306 [vexationibus
316 5222 452 5304 fatigare
481 5243 536 5285 seu
566 5222 729 5284 indebitas
762 5225 950 5286 exactiones
979 5233 1035 5286 aut
1057 5226 1205 5306 angarias
1228 5222 1280 5287 vel
1310 5243 1425 5304 pravas
1454 5221 1706 5284 consuetudines

66 5300 207 5384 inducere,
238 5319 289 5374 set
318 5314 428 5375 omnia
457 5312 612 5392 integra.
638 5311 809 5373 ..usibus
844 5314 1040 5375 omnimodis
1071 5314 1255 5395 profutura,
1292 5311 1382 5374 salva
1412 5312 1498 5373 sedis
1529 5310 1706 5394 apostolice

66 5396 230 5488 auctoritate
246 5408 280 5462 et
295 5401 400 5464 Pisani
416 5399 653 5482 archiepiscopi
670 5400 823 5462 canonica
839 5403 972 5464 iusticia.
1012 5400 1046 5464 Si
1062 5422 1127 5482 qua
1143 5404 1241 5484 igitur
1262 5449 1269 5462 .
1295 5447 1302 5462 .
1326 5449 1332 5462 .
1357 5401 1488 5464 Cunctis
1503 5410 1611 5462 autern
1638 5447 1643 5460 .
1668 5447 1675 5460 .
1701 5448 1706 5461 .

66 5485 212 5550 inveniant.
257 5488 376 5553 Amen.
400 5527 443 5536 —
466 5491 556 5553 A·m.
579 5525 623 5534 -
646 5487 764 5551 Amen.
788 5525 832 5533 -

203 5651 225 5716 1)
250 5607 311 5696 Uele.
330 5663 384 5697 vom
401 5607 512 5698 *ao-Mai
530 5651 603 5699 1135.
678 5651 705 5716 2)
728 5649 789 5699 Urk.
808 5665 861 5698 vom
883 5651 916 5700 10
933 5649 990 5699 Mai
1008 5653 1083 5700 1144.
