4126 6366
1688 339 1753 408 329

68 505 217 574 dictione
241 503 389 592 qualibet
411 506 559 576 retinere.
606 504 690 577 Cum
720 519 829 576 autem
863 511 1016 597 generale
1049 513 1254 578 interdictum
1287 524 1373 579 terre
1396 513 1500 591 inerit,
1531 515 1628 579 liceat
1651 517 1753 592 vobis,

68 601 186 664 clausis
210 603 323 676 ianuis,
354 622 419 665 non
444 602 580 684 pulsatis
604 603 779 685 campanis,
811 604 953 668 exclusis
977 605 1268 668 excommunicatis
1299 613 1332 668 et
1356 606 1545 680 interdictis,
1576 627 1754 689 suppressa

68 710 153 754 voce
176 691 289 754 divina
313 690 423 753 officia
438 691 615 755 celebrare.
654 690 819 774 Antiquas
841 701 991 776 preterea
1007 702 1041 756 et
1056 693 1263 757 rationabiles
1288 695 1541 758 consuetudines
1566 697 1754 759 monasterii

68 781 180 857 vestri,
203 778 363 844 hactenus
379 780 580 857 observatas,
604 781 772 845 libertates
788 784 888 846 etiam
903 792 937 846 et
952 783 1182 858 immunitates,
1206 782 1299 847 vobis
1315 783 1466 858 indultas,
1490 792 1577 848 ratas
1592 783 1753 848 habemus

69 878 104 934 et
128 889 185 934 eas
208 869 325 932 futuris
354 870 562 952 temporibus
593 871 732 936 illibatas
764 891 897 936 manere
926 892 1106 936 censemus.
1152 869 1209 935 Ad
1233 870 1295 935 hec
1326 873 1519 936 auctoritate
1551 877 1753 956 presentium

69 959 248 1023 districtius
270 958 465 1033 inhibemus,
489 980 531 1024 ne
553 960 670 1042 aliquis
694 958 790 1024 vobis
812 961 865 1025 vel
888 961 1034 1026 ecclesiis
1048 963 1165 1026 vestris
1188 981 1289 1024 novas
1305 981 1363 1025 sen
1384 962 1546 1026 indebitas
1562 965 1753 1028 exactiones

69 1051 222 1132 imponat
243 1058 300 1112 aut
323 1068 383 1131 per
404 1048 518 1124 tallias,
541 1052 800 1132 procurationes,
828 1053 1040 1126 visitationes,
1072 1051 1233 1115 adiutoria
1255 1050 1308 1113 vel
1331 1051 1530 1134 albergarias
1552 1053 1753 1135 imponendo

70 1139 190 1202 iniuste
213 1140 448 1202 monasterium
472 1147 615 1202 vestrum
640 1139 693 1202 vel
717 1139 869 1205 ecclesias
892 1148 1017 1204 vestras
1039 1150 1096 1203 aut
1119 1160 1279 1222 personas
1301 1161 1437 1222 gravare
1461 1150 1635 1224 presumat.
1682 1140 1753 1206 Sta·

70 1229 193 1292 tuimus
208 1247 351 1308 quoque,
367 1235 404 1292 ut
418 1227 495 1292 nulli
512 1230 544 1292 in
563 1229 796 1292 monasterium
812 1239 957 1294 vestrum
974 1229 1137 1293 interdicti
1153 1237 1209 1293 aut
1225 1231 1257 1293 in
1275 1249 1431 1312 personas
1447 1232 1516 1294 eius
1531 1233 1753 1315 suspensionis

70 1317 123 1381 vel
148 1319 502 1381 excommunicationis
531 1319 725 1383 sententiam
753 1319 878 1402 absque
909 1319 1080 1383 manifesta
1104 1326 1137 1382 et
1168 1319 1351 1382 rationabili
1376 1339 1489 1394 causa,
1519 1323 1753 1383 ammonitione

71 1409 242 1490 premissa,
273 1406 370 1470 liceat
393 1406 613 1490 promulgare,
644 1408 703 1471 nisi
732 1407 805 1471 talis
828 1408 925 1473 suerit
947 1409 1060 1490 culpa,
1091 1428 1157 1490 que
1188 1411 1426 1472 ammonitione
1457 1429 1523 1472 non
1546 1419 1651 1492 egeat.
1697 1407 1753 1472 Ad

71 1495 134 1560 hec
157 1497 406 1571 correctionem,
431 1497 672 1561 ordinationem
698 1503 731 1559 et
754 1496 1002 1580 dispositionem
1027 1501 1128 1580 ipsius
1153 1497 1338 1561 monasterii
1362 1505 1395 1560 et
1419 1499 1562 1560 omnium
1587 1500 1629 1561 ad
1646 1501 1753 1581 ipsum

72 1585 308 1650 monasterium
328 1584 357 1672 a)
380 1587 424 1649 de
448 1584 616 1650 Candiana
636 1585 658 1673 ¹)
682 1587 924 1669 pertinentium,
955 1589 1136 1650 secundum
1160 1589 1251 1669 quod
1276 1585 1338 1651 hec
1361 1587 1454 1650 vobis
1478 1607 1538 1669 per
1560 1589 1753 1651 sententiam

70 1674 288 1750 diffinitivam,
304 1695 370 1757 que
385 1694 484 1756 super
500 1694 607 1754 causa,
622 1696 687 1758 que
703 1678 787 1739 inter
802 1696 861 1738 vos
874 1664 911 1740 et
922 1677 1143 1740 venerabilem
1160 1677 1293 1739 fratrem
1307 1684 1454 1738 nostrum
1473 1675 1502 1762 b)
1526 1673 1753 1762 .G(erardum),

73 1764 265 1828 Paduanum
289 1765 482 1848 episcopum
499 1765 534 1843 ¹),
563 1766 606 1827 de
629 1766 718 1828 dicto
744 1768 942 1830 monasterio
967 1765 1183 1830 Candianensi
1208 1766 1328 1829 diutius
1351 1766 1473 1846 agitata
1496 1774 1546 1828 est
1570 1772 1603 1828 et
1625 1767 1754 1830 abone

72 1856 311 1918 recordationis
342 1855 492 1937 Papiensi
525 1861 559 1918 et
593 1853 828 1918 Placentinensi
849 1853 876 1941 c)
899 1856 1063 1938 episcopis
1094 1863 1127 1918 et
1157 1854 1278 1917 dilecto
1310 1854 1378 1918 filio
1426 1856 1480 1929 .Β.,
1514 1855 1621 1918 electo
1651 1858 1754 1919 sancti

72 1942 265 2027 Sepulchri,
295 1942 361 2008 lata
388 1962 462 2007 esse
492 1943 691 2021 dinoscitur,
723 1964 878 2007 concessa
910 1952 999 2018 sunt,
1030 1944 1133 2006 felicis
1157 1944 1392 2007 recordationis
1416 1942 1634 2008 ALEXANDRI
1658 1963 1754 2027 pape,

73 2035 320 2115 predecessoris
343 2036 454 2110 nostri,
479 2033 620 2115 vestigiis
650 2033 842 2108 inherentes,
874 2033 941 2108 tibi,
971 2032 1016 2095 fili
1039 2033 1151 2109 abbas,
1184 2041 1217 2096 et
1239 2032 1481 2096 successoribus
1503 2037 1567 2096 tuis
1587 2032 1616 2118 d)
1639 2041 1672 2096 et
1696 2053 1755 2116 per

73 2143 133 2187 vos
155 2123 264 2185 eidem
289 2125 490 2186 monasterio
514 2123 667 2186 duximus
699 2125 825 2205 integre
856 2125 1051 2186 auctoritate
1080 2122 1263 2204 apostolica
1293 2121 1527 2185 confirmanda.
1574 2122 1755 2187 Statuimus

73 2220 233 2294 preterea,
258 2219 293 2274 ut
316 2212 398 2276 inira
418 2211 446 2297 θ)
470 2211 658 2294 parrochias
683 2213 871 2276 monasterii
895 2220 929 2275 et
953 2211 1161 2275 ecclesiarum
1185 2220 1365 2275 vestrarum
1390 2210 1493 2274 nullus
1517 2211 1686 2275 ecclesiam
1703 2212 1754 2275 vel

73 2302 252 2365 oratorium
275 2303 344 2365 sine
367 2321 501 2365 assensu
518 2303 666 2384 episcopi
683 2309 717 2363 et
732 2311 843 2365 vestro
860 2301 1011 2366 edificare
1027 2310 1203 2382 presumat,
1228 2300 1321 2363 salvis
1338 2301 1513 2382 privilegiis
1529 2301 1753 2365 Romanorum

74 2389 276 2474 pontificum.
323 2389 532 2474 Sepulturam
556 2409 691 2470 quoque
714 2393 816 2473 ipsius
838 2392 901 2454 loci
925 2390 1061 2454 liberam
1086 2409 1158 2454 esse
1181 2391 1395 2465 decernimus,
1427 2398 1608 2466 uteorum,
1639 2391 1754 2470 quise

72 2481 138 2544 illic
160 2481 293 2562 sepeliri
316 2481 575 2554 deliberaverint
598 2480 767 2542 devotioni
790 2489 823 2544 et
846 2489 994 2552 extreme
1017 2479 1184 2554 voluntati,
1211 2480 1271 2542 nisi
1293 2479 1380 2542 sorte
1403 2480 1678 2542 excommunicati
1700 2479 1753 2542 vel

73 2571 236 2634 interdicti
258 2573 333 2647 sint,
365 2568 468 2632 nullus
501 2569 657 2645 obsistat,
687 2568 776 2632 salva
808 2571 929 2633 iustitia
959 2568 1073 2632 ilarum
1104 2568 1331 2643 ecclesiarum,
1364 2569 1527 2651 aquibus
1551 2579 1752 2632 mortuorum

73 2679 216 2743 corpora
239 2668 457 2723 assumuntur.
504 2656 658 2722 Obeunte
680 2678 760 2721 vero
783 2667 826 2735 te,
854 2680 939 2722 nunc
963 2660 1111 2722 eiusdem
1135 2658 1198 2721 loci
1223 2658 1352 2734 abbate,
1376 2657 1428 2720 vel
1450 2668 1580 2722 tuorum
1605 2659 1755 2740 quolibet

72 2769 310 2826 successorum,
334 2749 441 2812 nullus
464 2749 510 2812 ibi
535 2749 684 2828 qualibet
707 2749 919 2830 surreptionis
942 2750 1061 2811 astutia
1083 2767 1141 2810 seu
1161 2748 1314 2811 violentia
1338 2758 1547 2830 preponatur,
1572 2749 1631 2811 nisi
1654 2766 1752 2827 quem

73 2838 190 2902 iratres
213 2840 378 2902 communi
402 2857 564 2902 consensu
588 2838 640 2900 vel
665 2836 800 2900 fratrum
826 2840 930 2900 maior
945 2858 1020 2920 pars
1037 2836 1162 2900 consilii
1178 2839 1317 2900 sanioris
1333 2838 1513 2900 secundum
1530 2839 1584 2901 dei
1600 2839 1752 2900 timorem

73 2936 106 2992 et
128 2929 219 2992 beati
243 2929 415 2993 Benedicti
438 2926 585 3010 regulam
610 2928 813 3010 providerint
837 2925 1032 3008 eligendum,
1064 2926 1122 3000 cui,
1153 2927 1181 2988 si
1212 2928 1389 3008 episcopus
1421 2925 1678 2989 confirmationis
1701 2925 1753 2988 vel

72 3017 314 3082 benedictionis
338 3037 463 3094 munus,
486 3017 632 3081 secundo
657 3025 692 3085 et
712 3018 810 3079 tertio
834 3016 1015 3096 requisitus,
1040 3016 1119 3078 dare
1143 3015 1305 3079 distulerit
1327 3015 1378 3078 vel
1401 3017 1627 3089 iuramentum,
1653 3015 1751 3078 fidem

69 3127 128 3170 seu
153 3107 277 3188 aliquid
301 3107 389 3171 aliud
412 3106 603 3190 requisierit,
634 3106 723 3185 quod
747 3101 931 3191 h[acten]us
954 3126 1019 3168 non
1043 3105 1103 3168 fuit
1126 3103 1315 3179 exhibitum,
1348 3103 1575 3168 nichilominus
1606 3106 1754 3168 ammini-

69 3197 198 3260 strandi
224 3197 344 3260 utiliter
367 3217 417 3261 res
442 3191 602 3282 ec[clesie]
626 3194 748 3260 habeat
771 3202 970 3278 potestatem
995 3201 1029 3256 et
1052 3194 1229 3275 recipiendi
1258 3192 1539 3258 confirmationem
1573 3214 1630 3257 seu
1654 3194 1754 3257 bene·

68 3287 250 3350 dictionem
283 3306 302 3349 a
333 3286 590 3369 metropolitano
620 3305 695 3360 suo,
726 3287 753 3348 si
785 3292 862 3366 post
894 3285 1014 3347 dictam
1047 3285 1308 3364 requisitionem,
1339 3285 1430 3365 quod
1455 3287 1593 3366 petitur,
1624 3284 1754 3346 duxerit

69 3377 314 3458 denegandum.
361 3376 574 3440 Decernimus
597 3394 686 3455 ergo,
711 3383 746 3436 ut
769 3373 844 3437 nulli
867 3372 1002 3436 omnino
1024 3371 1194 3436 hominum
1211 3372 1315 3449 liceat,
1339 3373 1502 3455 prelatum
1520 3376 1752 3436 monasterium

68 3472 227 3528 temere.
253 3515 260 3528 .
285 3515 291 3528 .
315 3465 406 3529 salva
428 3466 517 3528 sedis
540 3463 722 3547 apostolice
746 3465 940 3526 auctoritate
964 3471 998 3524 et
1022 3463 1189 3524 diocesani
1220 3463 1369 3546 episcopi
1400 3463 1510 3526 debita
1542 3464 1671 3524 iustitia.
1718 3460 1753 3525 Si

69 3573 168 3634 qua.
194 3601 202 3616 .
225 3603 232 3617 .
258 3553 454 3618 Cunctis..
480 3602 486 3616 .
513 3603 519 3616 .
546 3555 720 3617 inveniant.
766 3553 886 3615 Amen.
911 3549 999 3613 A·m.
1024 3549 1143 3614 Amen.

288 3645 342 3722 (R)
366 3643 440 3726 Ego
463 3643 616 3708 Urbanus
640 3641 802 3705 catholice
825 3640 965 3703 ecclesie
988 3640 1164 3722 episcopus
1187 3659 1228 3702 ss.
1251 3636 1315 3724 (M)

287 3733 307 3813 †
330 3731 404 3816 Ego
426 3732 587 3796 Henricus
610 3730 810 3795 Albanensis
834 3731 1009 3811 episcopus
1032 3750 1072 3791 ss.
1096 3725 1143 3815 (1)

287 3819 308 3906 †
331 3821 407 3906 Epo
430 3821 643 3885 Theobaldus
667 3821 853 3883 Hostiensis
876 3827 909 3882 et
932 3816 1145 3881 Velletrensis
1168 3819 1346 3899 episcopus
1370 3835 1412 3878 ss.
1435 3812 1482 3902 (3)

286 3947 330 3958 -
353 3911 374 3994 †
396 3912 470 3994 Ego
493 3909 653 3975 lohannes
677 3909 840 3992 presbiter
859 3907 882 3993 s)
907 3907 1080 3971 cardinalis
1102 3907 1149 3969 tit.
1173 3908 1275 3969 sancti
1301 3905 1402 3968 Marci
1426 3925 1468 3968 ss.

285 4003 306 4080 †
329 4001 403 4084 Ego
426 4001 596 4064 Laborans
620 4000 781 4081 presbiter
803 3996 977 4062 cardinalis
1001 4004 1113 4060 sancte
1140 3997 1243 4059 Marie
1266 3994 1488 4057 transtiberim
1512 3995 1558 4058 tit
1576 3993 1693 4058 Calixti
1710 4015 1751 4059 ss.

286 4090 307 4176 †
331 4091 405 4174 Ego
428 4089 605 4154 Pandulfus
628 4089 789 4172 presbiter
812 4085 982 4151 cardinalis
1005 4087 1052 4150 tit.
1076 4099 1126 4149 ΧΠ
1150 4083 1392 4167 Apostolorum
1415 4103 1456 4146 ss.

286 4178 307 4265 †
330 4181 403 4263 Ego
427 4179 568 4243 Albinus
592 4178 754 4260 presbiter
776 4177 948 4240 cardinalis
969 4177 1018 4238 tit.
1041 4186 1154 4238 sancte
1178 4174 1290 4239 Crucis
1313 4175 1346 4236 in
1369 4173 1544 4237 Ierusalem
1567 4195 1608 4237 ss.

285 4271 307 4350 †
329 4268 402 4352 Ego
419 4270 537 4332 Melior
552 4267 714 4351 presbiter
729 4265 899 4330 cardinalis
915 4274 1100 4328 sanctorum
1118 4262 1268 4326 Iohannis
1288 4271 1322 4326 et
1339 4262 1429 4326 Pauli
1445 4264 1491 4326 tit.
1508 4262 1694 4345 Pagmachii
1711 4283 1752 4324 ss.

286 4357 306 4443 †
330 4359 403 4442 Ego
427 4358 614 4422 Adelardus
637 4357 683 4420 tit.
707 4358 811 4419 sancti
836 4354 981 4419 Marcelli
1006 4354 1168 4436 presbiter
1191 4352 1361 4415 cardinalis
1384 4373 1426 4416 ss.

287 4485 327 4496 -
351 4448 372 4531 †
395 4449 468 4530 Ego
493 4447 668 4511 Gratianus
690 4455 876 4508 sanctorum
901 4444 1022 4509 Cosme
1046 4452 1079 4505 et
1102 4443 1255 4505 Damiani
1278 4442 1437 4505 diaconus
1460 4441 1631 4504 cardinalis
1655 4459 1696 4503 ss.

285 4536 307 4623 i
330 4535 403 4620 Ego
428 4536 598 4602 Soffredus
621 4544 733 4598 sancte
757 4534 861 4598 Marie
883 4535 914 4597 in
937 4532 1000 4596 Via
1023 4533 1089 4595 lata
1111 4533 1269 4594 diaconus
1293 4530 1468 4593 cardinalis
1492 4549 1533 4592 ss.

283 4628 304 4711 †
327 4629 401 4710 Ego
424 4627 604 4691 Rollandus
627 4635 740 4688 sancte
763 4625 867 4687 Marie
891 4625 923 4686 in
947 4624 1076 4686 Porticu
1101 4622 1260 4684 diaconus
1282 4620 1456 4683 cardinalis
1479 4639 1521 4682 ss.

285 4719 305 4800 †
328 4719 403 4800 Ego
426 4717 540 4780 Petrus
563 4716 665 4778 sancti
690 4711 841 4776 Nicholai
865 4714 897 4776 in
921 4731 1052 4775 carcere
1075 4709 1226 4773 Tulliano
1250 4710 1407 4772 diaconus
1431 4707 1607 4771 cardinalis
1631 4727 1671 4770 ss.

283 4805 305 4888 †
328 4807 401 4890 Ego
425 4805 584 4869 Radulfus
607 4802 709 4866 sancti
733 4800 865 4884 Georgii
887 4803 929 4864 ad
952 4800 1070 4864 Velum
1096 4818 1229 4861 aureum
1254 4799 1411 4862 diaconus
1435 4796 1607 4860 cardinalis
1630 4817 1671 4859 ss

231 4894 308 4960 Dat.
332 4894 475 4972 Verone,
507 4914 567 4977 per
590 4912 721 4955 manum
745 4890 886 4968 Alberti,
917 4898 1030 4953 sancte
1052 4889 1201 4952 Romane
1225 4887 1362 4951 ecclesie
1385 4887 1558 4970 presbiteri
1582 4883 1751 4950 cardinalis

67 4997 103 5051 et
116 4986 309 5052 cancellarii.
349 4999 401 5050 1111
415 4986 493 5049 Idus
508 4983 643 5066 Aprilis.
681 4981 863 5045 Indictione
879 4983 983 5044 tertia
1019 4980 1256 5042 Incamationis
1272 4977 1438 5042 dominice
1453 4998 1539 5040 anno
1556 4985 1750 5039 Mchxva

67 5076 285 5142 Pontificatus
308 5094 388 5139 vero
412 5074 526 5138 domni
549 5070 690 5135 URBANI
714 5091 770 5153 pp.
794 5071 879 5134 tertii
903 5090 989 5133 anno
1013 5069 1132 5152 primo.
1157 5102 1201 5113 —

234 5192 286 5252 On,
304 5190 451 5257 begiaubgre
470 5187 595 5253 Abschn'st
611 5203 667 5237 vom
688 5186 769 5250 Jahn
790 5188 860 5235 1440
878 5185 934 5234 md
948 5184 1078 5248 Absclmft,
1096 5183 1130 5232 im
1147 5182 1261 5232 Archivio
1279 5179 1306 5229 dr'
1323 5180 1390 5230 Stolo
1406 5197 1437 5230 zu
1455 5179 1568 5230 Modum.

233 5264 302 5330 Perg.
322 5263 383 5324 ital,
401 5263 437 5312 br.
457 5264 525 5322 0,66,
543 5263 604 5325 lang
621 5261 709 5319 offae,
727 5263 803 5308 untm
820 5257 881 5318 0,oa
899 5255 1089 5322 umgesclrlagen,
1117 5254 1196 5303 durch
1215 5259 1230 5303 2
1251 5253 1342 5303 liciter
1355 5255 1412 5318 geht
1429 5252 1467 5301 die
1484 5251 1638 5302 duritelrotlte
1657 5251 1752 5300 Sedim-

66 5337 168 5395 schmr,
188 5351 273 5386 wovon
291 5335 328 5385 ein
346 5334 433 5384 linires
451 5331 527 5382 sunl
544 5332 658 5388 crhadrn,
688 5329 813 5395 Bleisiegel
836 5331 952 5388 verlorm,
979 5327 1089 5392 Fallung
1112 5326 1155 5375 der
1172 5325 1270 5374 Brdlm.
1311 5323 1446 5388 Umschnfl
1463 5323 1534 5386 fehlt,
1553 5323 1681 5390 Danirmg
1697 5337 1752 5372 vom

67 5407 323 5473 Kmm'pncaniber,
343 5408 366 5457 A
384 5407 478 5456 Alberts
503 5405 686 5470 nachgetragen.
725 5402 773 5451 Die
800 5401 895 5467 ngm
919 5399 1044 5450 rieilweise
1068 5413 1116 5447 von
1141 5395 1318 5448 verscir'edmer
1340 5394 1421 5445 Hand
1442 5395 1498 5445 und
1514 5395 1601 5453 Dinia
1626 5394 1672 5443 das
1694 5395 1752 5460 Ego

230 5612 256 5676 a)
273 5611 411 5662 monasteri
429 5611 483 5673 auf
495 5611 579 5658 Rarur
649 5605 677 5671 b)
696 5619 744 5654 von
762 5619 809 5652 ros
826 5619 861 5654 arr
879 5605 932 5669 auf
943 5606 1029 5653 Ram
1100 5603 1124 5671 c)
1143 5617 1189 5652 vor
1209 5602 1256 5652 den
1279 5597 1360 5650 beiden
1379 5599 1399 5648 P
1419 5600 1457 5650 ein
1483 5601 1564 5648 Rmem
1582 5597 1751 5662 freiquussm,

69 5685 182 5752 offendar
190 5684 246 5748 su'r
262 5683 300 5733 die
317 5682 524 5732 Nammim'lialm
602 5675 632 5744 d)
651 5679 659 5726 i
677 5677 731 5742 auf
743 5677 828 5725 Rasur
898 5683 923 5733 e)
937 5691 953 5724 n
966 5677 1018 5741 aus
1031 5677 1116 5724 Rancr
1187 5673 1199 5722 i
1202 5689 1206 5727 i
1219 5675 1300 5724 linter
1309 5673 1435 5736 presbiter
1446 5674 1537 5720 Rasur.
1559 5711 1579 5714 -
1630 5683 1665 5734 ,ιιι
1680 5671 1753 5719 nicht

68 5755 137 5807 mehr
154 5755 288 5806 aistemd
302 5753 411 5820 (Airmm
428 5755 472 5804 der
485 5753 594 5820 gler'clre).
668 5761 695 5816 α)
718 5747 840 5809 Gertard,
860 5747 964 5812 Br'sclros
976 5763 1025 5798 von
1045 5747 1141 5806 Pndrro,
1161 5746 1341 5796 ires-1213.

120 5865 140 5893 v.
156 5848 447 5900 Pilngkfflsrttunn‘,
463 5849 520 5890 Acta
534 5848 575 5888 m.
1514 5828 1548 5876 42
