4142 6366
1677 321 1735 385 30¹
1853 375 1854 378 Ἴ

814 485 881 560 Nr.
903 489 993 561 332.

57 611 183 680 Lucan
194 613 262 680 III
272 614 424 680 berichtet
436 617 509 680 dem
521 615 736 697 Erebiscltose
757 617 904 682 Wilhelm
919 639 980 682 von
991 619 1167 698 Monreale,
1182 620 1260 684 dass
1275 622 1337 685 den
1351 619 1559 704 zukrinstigen
1572 567 1740 704 bernym

331 726 392 769 von
413 703 552 771 Catanen
567 706 657 771 nicht
669 707 762 771 mehr
776 708 838 772 das
853 707 1000 773 Pallium
1015 707 1176 774 verlielten
1191 711 1322 775 werden
1336 711 1417 774 salle
1432 712 1470 792 ¹).

665 826 751 888 1183
767 824 915 890 Februar
927 828 958 889 4.
997 825 1137 891 Velletri,

224 939 344 1003 Lucius
359 939 543 1021 episcopus,
567 960 678 1005 servus
693 962 861 1005 servorum
878 942 940 1018 dei,
962 941 1141 1006 venerabili
1158 942 1246 1006 fratri
1263 941 1451 1019 wilhelmo,
1475 943 1599 1007 Montis
1622 945 1739 1028 regalis

55 1026 324 1111 archiepiscopo,
340 1030 479 1093 salutem
494 1040 529 1093 et
543 1031 760 1112 apostolicam
777 1031 1053 1096 benedictionem.
1090 1033 1239 1095 iniuncta
1254 1031 1352 1096 uobis
1367 1032 1514 1095 omnium
1530 1032 1739 1098 ecclesiarum
1831 1041 1834 1048 '

54 1117 252 1181 sollicitudo
275 1139 336 1182 nos
360 1129 537 1196 ammonet,
567 1120 613 1183 sic
644 1120 686 1184 de
717 1121 845 1184 illarum
875 1132 962 1185 statu
992 1140 1102 1184 curam
1132 1141 1260 1203 gerere,
1291 1131 1343 1198 ut,
1374 1121 1502 1185 sublata
1533 1122 1579 1185 eis
1609 1124 1740 1204 penitus

55 1209 200 1270 materia
223 1209 409 1290 iurgiorum,
435 1208 559 1271 nullum
574 1229 702 1274 sumere
718 1210 863 1274 debeant
886 1221 919 1274 et
935 1211 1131 1292 emergentis
1147 1211 1311 1274 discordie
1326 1210 1482 1274 scandalo
1499 1210 1738 1276 detrimentum.

55 1297 260 1379 Eapropter,
285 1318 326 1361 ne
349 1299 524 1362 occasione
546 1299 646 1380 pallii,
671 1301 761 1363 cuius
784 1321 877 1364 usum
902 1301 944 1363 de
966 1300 1174 1382 indulgencia
1197 1300 1284 1364 sedis
1308 1300 1490 1382 apostolice
1514 1297 1739 1367 Cathaniensis

55 1386 239 1468 episcopus
261 1387 376 1450 solitus
399 1398 449 1451 est
471 1387 602 1464 habere,
632 1389 715 1453 inter
737 1389 922 1471 predictam
944 1389 1115 1453 ecclesiam
1139 1390 1262 1452 Montis
1286 1389 1411 1471 regalis,
1444 1390 1494 1452 cui
1520 1388 1583 1452 deo
1607 1402 1739 1455 auctore

54 1495 195 1558 preesse
224 1476 435 1558 dignosceris,
468 1487 501 1540 et
524 1475 776 1542 Cathaniensem
801 1481 996 1562 episcopum
1028 1478 1171 1561 quelibet
1204 1479 1361 1542 dissentio
1393 1479 1505 1542 suturis
1535 1481 1740 1562 temporibus

55 1565 193 1641 oriatur,
226 1565 410 1648 apostolica
431 1568 603 1630 sanctione
626 1568 831 1632 decernimus
855 1579 888 1632 et
916 1578 984 1631 tam
1008 1569 1078 1645 tibi,
1108 1588 1206 1651 quam
1230 1567 1472 1632 successoribus
1495 1569 1566 1644 tuis,
1598 1571 1739 1651 presenti

54 1655 187 1737 pagina
209 1655 449 1732 confirmamus,
474 1666 510 1719 ut
532 1667 610 1738 post
633 1658 761 1720 obitum
783 1658 980 1722 venerabilis
1003 1658 1108 1722 fratris
1125 1657 1236 1732 nostri,
1260 1656 1486 1722 Cathaniensis
1502 1658 1658 1740 episcopi,
1683 1660 1739 1740 qui

54 1765 148 1806 nunc
172 1745 206 1807 in
230 1744 346 1809 eadem
371 1747 533 1809 ministrat
549 1746 685 1810 ecclesia
702 1744 735 1831 ²),
759 1768 964 1811 successores
980 1747 1048 1810 eius
1065 1747 1107 1810 ab
1128 1769 1187 1810 usu
1204 1745 1293 1829 pallii
1311 1747 1454 1809 debeant
1471 1747 1593 1810 amodo
1609 1749 1739 1830 penitus

54 1834 237 1898 abstinere.
281 1834 497 1899 Decernimus
520 1855 616 1918 ergo,
646 1847 681 1899 ut
711 1836 790 1899 nulli
821 1838 957 1900 omnino
989 1835 1160 1899 hominum
1189 1837 1294 1912 liceat,
1325 1833 1411 1898 hanc
1441 1835 1596 1918 paginam
1629 1847 1740 1901 nostre

54 1925 307 1988 constitutionis
329 1924 503 2006 infringere
525 1926 577 1988 vel
601 1926 629 1989 ei
654 1946 733 1989 ausu
756 1927 929 1990 temerario
953 1927 1122 1989 contraire.
1168 1925 1202 1990 Si
1227 1927 1299 2007 quis
1322 1934 1433 1988 autem
1455 1924 1520 1987 hoc
1543 1936 1740 2009 attemptare

54 2013 311 2096 presumpserit,
343 2014 605 2097 indignationem
629 2016 867 2098 omnipotentis
891 2015 943 2079 dei
968 2025 1001 2077 et
1023 2015 1195 2079 beatorum
1217 2015 1303 2079 Petri
1327 2023 1361 2078 et
1381 2014 1481 2091 Pauli,
1514 2016 1739 2097 apostolorum

54 2103 137 2180 eius,
163 2123 201 2166 se
224 2105 352 2167 noverit
374 2105 585 2168 incursurum.
608 2141 651 2177 -,
675 2107 751 2168 Dat.
774 2104 920 2181 Velletri,
943 2117 969 2167 11
991 2101 1107 2168 Nonas
1130 2105 1226 2169 Febr.

222 2217 348 2282 Abschv‘si
362 2233 418 2268 vom
437 2222 471 2268 14
492 2219 586 2283 Jahrb,
604 2219 645 2269 des
667 2220 725 2271 cod.
749 2220 800 2270 Vas.
821 2219 892 2270 3880
905 2226 933 2284 p.
951 2219 1008 2280 tel,
1027 2219 1054 2267 in
1071 2217 1115 2268 der
1132 2217 1195 2268 Bibl.
1221 2215 1337 2268 Vaticana
1354 2233 1385 2266 nt
1401 2219 1471 2268 Rom.

808 2503 874 2580 Nr.
899 2508 989 2581 333.

56 2635 184 2700 Lucius
200 2634 267 2700 III
277 2634 429 2720 bestittigt
448 2638 518 2701 und
530 2637 627 2718 fixirt
644 2637 719 2701 dem
742 2636 956 2718 Ernbisckofe
986 2635 1137 2701 Wilhelm
1159 2657 1219 2702 von
1241 2635 1408 2702 Moureale
1428 2636 1483 2702 dt'e
1506 2635 1743 2702 Besitrtbrimer

648 2727 722 2790 und
734 2727 850 2792 Rechte
863 2729 971 2792 seiner
985 2724 1109 2792 Kz'rche
1121 2725 1155 2815 ⁸).

664 2845 749 2907 1183
766 2840 913 2908 Febmar
926 2845 956 2908 5.
996 2842 1137 2909 Velletri.

222 2957 342 3022 Lucius
358 2958 543 3040 episcopus,
564 2979 676 3024 servus
691 2980 857 3024 servorum
875 2962 937 3037 dei,
951 2961 1131 3024 venerabili
1148 2960 1238 3024 fratri
1254 2955 1466 3043 W(ilhelmo),
1489 2958 1739 3042 archiepiscopo

57 3047 187 3111 Montis
218 3048 350 3129 regalis,
383 3049 518 3131 eiusque
548 3051 791 3113 successoribus
829 3051 987 3115 canonice
1018 3050 1241 3127 instituendis,
1273 3051 1306 3112 in
1338 3059 1542 3131 perpetuum.
1590 3047 1674 3112 Cum
1697 3069 1740 3112 ex

55 3137 209 3200 iniuncto
231 3137 328 3200 uobis
352 3158 372 3200 a
395 3137 459 3200 deo
482 3139 688 3219 apostolatus
711 3139 822 3203 officio
845 3141 1012 3204 universos
1035 3139 1185 3203 homines
1212 3139 1256 3202 ad
1279 3139 1380 3201 divini
1411 3138 1514 3202 cultus
1538 3139 1739 3214 instanciam,

57 3237 222 3308 quantum
245 3227 350 3308 gratia
373 3227 553 3304 donaverit,
578 3229 734 3293 creatoris
756 3241 789 3294 et
813 3230 966 3311 exemplo
991 3239 1024 3292 et
1038 3229 1141 3292 verbo
1157 3228 1312 3292 inducere
1327 3237 1505 3304 teneamur,
1529 3235 1562 3291 et
1578 3228 1740 3291 desiden'a

55 3316 194 3398 pietatis
218 3315 372 3396 pastorali
395 3317 505 3380 studio
528 3337 734 3400 promovere,
759 3339 823 3400 que
847 3341 866 3382 a
889 3320 1019 3401 regibus
1036 3317 1146 3382 Sicilie
1165 3319 1193 3396 ²)
1217 3318 1261 3381 ad
1284 3327 1495 3398 augmentum
1512 3317 1621 3380 divine
1635 3318 1739 3400 glorie

55 3405 268 3488 salutemque
291 3404 436 3469 fidelium
455 3426 516 3488 pro
540 3409 726 3472 reverencia
750 3409 929 3473 divinitatis
952 3417 1099 3490 aguntur,
1123 3416 1217 3470 tanto
1240 3407 1435 3489 propensius
1456 3406 1641 3489 apostolico
1664 3427 1740 3489 pro·

55 3496 153 3578 sequi
183 3496 295 3559 favore
326 3495 494 3572 debemus,
527 3503 561 3560 et
589 3497 652 3560 illis
682 3498 917 3580 promovendis
948 3507 982 3560 et
1012 3496 1244 3560 conservandis
1276 3497 1439 3572 insistere,
1470 3507 1595 3578 quanto
1628 3497 1740 3559 exeis

57 3586 187 3649 cercius
202 3595 236 3648 et
251 3586 338 3648 salus
353 3586 506 3667 provenit
521 3585 703 3650 animarum
719 3597 752 3650 et
766 3588 893 3650 virtutis
911 3586 1006 3649 datur
1021 3586 1219 3668 exemplum.
1258 3586 1332 3649 Hac
1348 3586 1460 3667 itaque
1476 3585 1740 3649 consideratione

57 3676 163 3750 ducti,
185 3676 366 3758 gloriosum
383 3695 421 3737 ac
437 3674 652 3738 memorabile
669 3697 761 3758 opus,
779 3677 869 3760 quod
885 3677 1072 3740 karissimus
1089 3676 1122 3738 in
1138 3673 1268 3738 Christo
1285 3674 1368 3736 filius
1384 3684 1497 3737 noster
1511 3669 1739 3760 W(ilhelmus),

55 3766 192 3830 illustris
216 3764 325 3830 Sicilie
348 3785 415 3840 rex,
448 3765 548 3828 divini
574 3767 694 3829 amoris
717 3767 793 3849 igne
815 3787 998 3842 succensus,
1030 3765 1072 3828 de
1095 3765 1272 3827 commissa
1294 3763 1355 3826 tibi
1379 3763 1518 3826 ecclesia
1541 3765 1584 3826 ad
1607 3763 1740 3826 laudem

56 3856 241 3920 divinitatis
265 3864 299 3917 et
319 3853 459 3936 gloriam
481 3873 521 3917 ac
544 3855 729 3936 proiectum
751 3855 867 3937 populi
884 3854 1058 3920 Christiani
1075 3864 1108 3916 et
1131 3853 1259 3916 celestis
1283 3852 1504 3916 retributionis
1527 3862 1740 3934 augmentum

57 3945 176 4009 iecisse
201 3943 391 4016 dinoscitur,
414 3943 703 4007 commendatione
726 3944 840 4007 debita
869 3955 902 4007 et
935 3945 1046 4006 lavore
1075 3943 1261 4025 apostolico
1292 3952 1547 4024 prosequentes,
1577 3941 1740 4005 beneficia

56 4037 134 4110 eius,
160 4046 231 4097 tam
247 4033 281 4097 in
296 4033 569 4115 possessionibus,
594 4051 693 4112 quam
709 4033 742 4095 in
758 4033 939 4096 honoribus
955 4042 989 4096 et
1004 4032 1253 4095 inmunitatibus
1269 4052 1308 4094 ac
1327 4029 1540 4108 libertatibus,
1566 4029 1740 4113 magnifica

57 4124 168 4187 eidem
198 4122 275 4185 loco
305 4121 499 4185 liberalitate
529 4121 692 4204 depensis,
725 4123 809 4186 sicut
839 4123 872 4184 in
903 4122 1089 4204 privilegio,
1123 4121 1213 4202 quod
1243 4120 1333 4184 bulla
1363 4121 1432 4184 eius
1463 4121 1651 4202 insignitum
1680 4129 1739 4196 est,

58 4214 255 4287 continetur,
287 4211 481 4274 auctoritate
512 4212 696 4293 apostolica
725 4211 917 4274 roboramus
950 4222 983 4274 et
1010 4210 1105 4273 firma
1128 4221 1161 4273 et
1193 4209 1321 4273 illibata
1343 4210 1511 4292 perpetuis
1534 4209 1739 4292 temporibus

58 4302 267 4366 decernimus
290 4319 493 4382 permanere.
540 4301 577 4362 In
602 4299 720 4382 quibus
744 4321 794 4376 ea,
827 4321 891 4382 que
914 4300 1030 4364 subtus
1052 4300 1175 4381 scn'pta
1197 4309 1280 4375 sunt,
1304 4300 1506 4362 decrevimus
1530 4299 1738 4364 annotanda:

57 4399 203 4456 castrum
226 4391 331 4453 sancti
354 4389 425 4464 lati,
448 4399 481 4452 et
504 4399 647 4453 castrum
670 4389 853 4464 Corilionis,
877 4399 912 4452 et
934 4389 1104 4452 castellum
1127 4387 1335 4464 Kalatatrasi,
1360 4399 1393 4452 et
1416 4387 1585 4452 castellum
1607 4387 1739 4452 Bathal·

57 4481 126 4544 larii
145 4499 223 4544 cum
246 4479 399 4542 omnibus
422 4479 610 4543 tenimentis
635 4489 668 4542 et
690 4479 900 4561 pertinenciis
924 4498 1046 4554 eorum,
1071 4487 1139 4541 tam
1163 4479 1195 4540 in
1221 4477 1385 4554 demanio,
1410 4498 1510 4559 quam
1534 4479 1567 4540 in
1590 4478 1739 4554 servicio,

56 4571 241 4634 secundum
266 4568 441 4632 divisiones
464 4588 586 4644 eorum,
619 4589 683 4650 que
705 4570 915 4632 continentur
938 4569 971 4630 in
994 4567 1166 4650 privilegio
1189 4567 1290 4649 regio,
1320 4567 1440 4630 exinde
1463 4566 1551 4630 sacto
1575 4575 1609 4630 et
1631 4566 1739 4649 sigillo

57 4660 197 4734 munito,
229 4658 263 4721 in
288 4657 405 4740 quibus
430 4658 619 4720 demanium
642 4658 776 4739 quidem
807 4657 908 4721 libere
938 4667 972 4721 et
999 4656 1125 4739 absque
1156 4657 1245 4719 omni
1278 4655 1370 4719 dedit
1400 4656 1574 4719 exactione
1601 4657 1738 4720 servicii.

56 4749 206 4812 Adiecto
230 4747 337 4822 etiam,
362 4746 502 4828 quodsi
527 4748 709 4828 contigerit,
739 4748 882 4830 aliquem
905 4746 1067 4810 baronum
1090 4745 1312 4828 predictorum
1336 4745 1545 4808 castellorum
1568 4744 1737 4822 decedere,

57 4837 148 4901 nullo
172 4835 295 4900 herede
318 4836 441 4911 relicto,
467 4837 522 4917 qui
547 4837 589 4899 de
612 4837 680 4899 iure
703 4857 742 4899 ac
765 4838 852 4919 regie
876 4836 964 4899 curie
988 4835 1109 4898 debeat
1132 4835 1367 4898 constitutione
1386 4834 1570 4911 succedere,
1595 4835 1738 4908 feudum,

57 4927 149 5010 quod
174 4925 258 4990 baro
281 4925 353 5008 ipse
375 4925 524 5001 tenuerit,
550 4925 592 4989 ab
617 4926 754 4990 ecclesia
776 4927 810 4988 in
834 4924 1021 4989 demanium
1041 4924 1142 5005 ipsius
1158 4933 1423 5006 potestatemque
1440 4923 1608 5002 deveniat;
1631 4923 1738 4986 casale

57 5027 219 5099 preterea,
254 5015 344 5096 quod
368 5015 486 5078 dicitur
507 5015 657 5092 Bulchar,
690 5015 781 5078 iuxta
804 5010 969 5100 ea(n)dem
993 5013 1165 5076 ecclesiam
1189 5013 1410 5089 constitutum,
1444 5033 1519 5076 cum
1542 5012 1738 5076 molendinis

58 5113 90 5168 et
111 5104 271 5169 omnibus
294 5105 498 5186 pertinentiis
520 5105 596 5182 suis,
629 5111 663 5167 et
684 5105 925 5180 molendinum,
955 5104 1046 5185 quod
1069 5103 1184 5166 subtus
1207 5101 1314 5183 ipsam
1343 5102 1515 5166 ecclesiam
1538 5103 1666 5167 noviter
1688 5112 1739 5167 est

58 5203 293 5270 constructum,
317 5213 391 5256 cum
414 5194 570 5256 universis
594 5193 803 5276 pertinenciis
825 5194 900 5267 suis,
924 5193 1078 5257 ecclesias
1101 5202 1251 5274 preterea
1273 5201 1386 5255 sancte
1401 5193 1555 5255 Kuriacie
1578 5201 1612 5256 et
1633 5192 1737 5256 sancti

58 5280 208 5347 Silvestri
237 5301 312 5346 cum
333 5283 446 5359 vineis,
477 5283 657 5360 caminetis,
688 5284 790 5364 aquis,
822 5283 985 5347 casalibus
1014 5291 1048 5346 et
1070 5281 1223 5345 omnibus
1246 5281 1435 5346 tenimentis
1465 5288 1498 5344 et
1529 5281 1738 5364 pertinenciis

58 5393 180 5438 earum.
225 5371 262 5436 ln
285 5372 438 5436 Messana
460 5373 592 5436 civitate
615 5372 787 5436 ecclesiam
809 5373 914 5436 sancti
938 5372 1117 5437 Clementis
1140 5391 1216 5434 cum
1238 5370 1391 5434 omnibus
1413 5371 1602 5435 tenimentis
1618 5380 1651 5435 et
1665 5389 1736 5453 per·

220 5513 246 5575 a)
265 5511 364 5578 regibus
382 5517 408 5562 et
425 5511 579 5577 principibus
604 5511 690 5576 seculi,
718 5511 754 5562 lei
769 5513 822 5561 Del
840 5511 948 5561 Graidice.
967 5513 1057 5574 -.1)
1082 5510 1159 5576 Vergl.
1186 5507 1225 5557 die
1253 5507 1372 5559 Urkunde
1395 5523 1450 5559 vom
1476 5511 1509 5559 19
1535 5509 1631 5559 October
1658 5509 1735 5562 1188.

59 5587 85 5650 ι)
103 5585 199 5644 Robert,
218 5584 323 5650 Bt'scllof
335 5599 384 5633 von
407 5584 519 5648 Catonia,
539 5586 664 5656 1171--ι,Ι
680 5584 754 5634 1184.
774 5584 824 5634 Scit
836 5584 904 5634 1168
921 5598 977 5632 war
992 5581 1095 5632 Catarn'a
1111 5587 1188 5632 uenat
1204 5581 1261 5632 mad
1275 5581 1353 5632 durch
1370 5581 1416 5630 das
1430 5579 1538 5630 Pallritm
1555 5579 1736 5646 angneiclnet,

59 5671 81 5703 es
100 5657 191 5706 mdc
208 5656 278 5705 darm
296 5655 535 5723 Suffraganbr'stlwm
552 5671 601 5708 vm
619 5654 749 5706 Mourede.
825 5658 852 5722 3)
877 5655 956 5720 Vergl.
983 5651 1062 5720 Jaffe',
1085 5655 1141 5720 [δεῖ.
1167 5652 1237 5703 9534
1260 5667 1316 5703 vom
1339 5652 1446 5719 glutem
1472 5653 1538 5718 Tage
1561 5654 1616 5704 mad
1630 5653 1667 5708 die
1689 5653 1737 5704 Ur·

60 5727 138 5778 kunde
156 5744 213 5778 vm
235 5731 266 5776 15
288 5729 392 5793 Jnrmar
412 5731 487 5779 117⁶.
512 5729 591 5793 Vergl.
608 5728 748 5778 Nachmrt.
