4090 6358
313 333 356 405 34

312 520 347 574 ut
385 510 460 574 nulli
492 513 626 574 omnino
664 507 835 576 hominum
869 507 980 590 liceat,
1015 518 1159 578 vestrum
1191 507 1363 596 collegium
1395 519 1519 578 temere
1551 509 1743 597 perturbare
1773 517 1830 577 aut
1862 518 1977 578 vesbas

311 603 537 684 possessiones
567 600 694 664 auferre
724 602 776 665 vel
806 602 934 666 ablatas
966 605 1117 680 retinere,
1156 604 1300 667 minuere
1330 623 1388 666 seu
1419 604 1620 686 quibuslibet
1650 604 1808 667 molestiis
1841 603 1977 686 fatigare,

310 692 370 754 sed
395 691 505 754 omnia
527 690 621 753 vobis
643 690 768 774 integra
783 700 1024 768 conserventur,
1047 695 1163 756 vestris
1186 693 1296 756 usibus
1311 693 1490 776 profutura,
1513 693 1605 757 salvo
1625 695 1695 757 iure
1708 701 1820 756 sancte
1835 693 1979 757 Romane
2043 735 2044 748 ,

311 780 448 844 ecclesie
480 787 513 842 et
535 777 752 844 Ariminensis
782 782 931 864 episcopi
961 782 1074 846 debita
1103 783 1292 846 reverentia.
1338 779 1372 845 Si
1408 785 1481 865 quis
1513 785 1628 866 igitur,
1655 779 1751 846 huius
1774 791 1887 846 nostre
1910 803 1979 846 con·
2043 833 2044 836 ,

310 871 489 933 stitutionis
520 871 673 951 paginam
704 872 822 947 sciens,
855 879 969 934 contra
1000 892 1072 935 eam
1104 881 1227 935 temere
1259 873 1370 934 venire
1400 875 1627 956 temptaverit,
1665 873 1812 936 secundo
1846 875 1979 936 tertiove
2043 892 2044 927 3

310 957 564 1041 com(m)onitus,
587 959 612 1021 si
628 981 694 1023 non
710 969 836 1024 reatum
852 981 946 1024 suum
970 981 1113 1044 congrua
1135 961 1354 1025 satisfactione
1377 963 1567 1039 correxerit,
1590 963 1765 1045 potestatis
1787 961 1979 1043 honorisque

309 1049 358 1110 sui
381 1049 540 1131 dignitate
564 1057 682 1125 careat,
705 1070 863 1132 reumque
878 1070 914 1113 se
930 1051 1041 1114 divino
1058 1051 1171 1114 iuditio
1188 1053 1330 1114 existere
1346 1051 1389 1114 de
1404 1060 1594 1135 perpetrata
1608 1053 1781 1134 iniquitate
1796 1061 1979 1134 cognoscat,

308 1146 409 1220 atque
445 1139 477 1199 in
507 1145 658 1202 extremo
686 1141 838 1203 examine
868 1141 1015 1202 districte
1046 1140 1161 1204 ultioni
1190 1141 1366 1204 subiaceat
1412 1141 1689 1206 Conservantibus
1716 1149 1826 1204 autem
1854 1141 1897 1204 sit
1920 1163 1980 1224 pax

307 1227 432 1290 domini
456 1230 558 1290 nostri
581 1227 655 1291 Iesu
680 1227 811 1305 Christi,
842 1237 1003 1311 quatenus
1028 1238 1061 1292 et
1084 1228 1137 1292 hic
1160 1230 1300 1294 fructum
1332 1231 1420 1294 bone
1450 1233 1589 1295 actionis
1612 1232 1809 1314 percipiant,
1839 1238 1872 1293 et
1896 1232 1978 1313 apud

308 1318 492 1380 districtum
515 1316 653 1381 iudicem
678 1319 803 1401 premia
826 1327 940 1407 eterne
960 1320 1053 1402 pacis
1075 1321 1252 1383 inveniant.
1297 1319 1418 1384 Amen.
1441 1320 1562 1384 Amen.
1586 1319 1706 1384 Amen.

522 1405 580 1486 (R)
603 1407 677 1490 Ego
701 1407 910 1471 Innocentius
934 1407 1097 1498 catholice
1121 1409 1257 1498 ecclesie
1281 1409 1457 1493 episcopus
1480 1429 1522 1472 ss.
1548 1409 1611 1490 (M)

522 1493 542 1580 †
565 1497 639 1578 Ego
662 1496 847 1560 Wilielmus
870 1496 1078 1561 Prenestinus
1102 1499 1278 1581 episcopus
1301 1519 1344 1561 ss.

522 1583 542 1668 †
566 1584 638 1669 Ego
662 1586 769 1650 Lucas
792 1587 955 1670 presbiter
978 1587 1150 1651 cardinalis
1173 1591 1220 1651 tit.
1244 1596 1431 1652 sanctorum
1453 1585 1605 1652 Iohannis
1629 1595 1662 1651 et
1686 1586 1774 1651 Pauli
1797 1607 1840 1652 ss.

523 1672 543 1756 †
566 1675 639 1758 Ego
664 1673 841 1759 Gregorius
864 1676 1021 1740 diaconus
1045 1677 1218 1741 cardinalis
1241 1685 1430 1742 sanctorum
1455 1674 1561 1761 Sergii
1586 1686 1620 1740 et
1642 1676 1742 1741 Bachi
1765 1697 1807 1740 ss.

521 1760 541 1847 †
564 1762 637 1847 Ego
661 1765 872 1848 Crysogonus
895 1768 1054 1830 diaconus
1078 1766 1250 1831 cardinalis
1273 1775 1385 1830 sancte
1409 1764 1513 1855 Marie
1536 1769 1569 1830 in
1592 1766 1722 1830 Porticu
1746 1787 1788 1828 ss

467 1856 556 1917 Data
579 1853 668 1932 Pisis,
693 1875 752 1937 per
770 1876 907 1919 manum
930 1854 1113 1934 AtMERIOE,
1135 1866 1247 1921 sancte
1270 1856 1421 1920 Romane
1443 1855 1580 1920 ecclesie
1604 1857 1733 1920 diaconi
1756 1856 1930 1920 cardinalis
1952 1865 1981 1919 et

307 1943 495 2008 cancellarii.
542 1941 647 2008 Nonis
671 1943 877 2008 Novembris.
924 1945 1108 2010 indictione
1131 1961 1204 2010 xm.
1250 1947 1487 2012 Incamatiouis
1511 1948 1677 2010 dominice
1701 1967 1788 2010 anno
1811 1960 1979 2010 mcxxxvt

308 2034 520 2098 Pontificatus
544 2053 622 2097 vero
647 2035 761 2097 domni
784 2034 965 2098 innocentii
989 2034 1052 2098 ΡΡ.
1075 2050 1100 2098 11
1124 2057 1211 2099 anno
1234 2051 1281 2100 vl.
1329 2028 1332 2041 '

471 2149 514 2198 Or.
533 2147 566 2197 im
584 2148 697 2198 Archivr'o
719 2149 852 2213 capitolare
870 2165 899 2198 sn
916 2148 1017 2198 Rimim'.
1737 2164 1739 2168 ·

468 2221 538 2286 Perg.
562 2221 624 2280 rint,
642 2221 678 2271 br.
702 2223 770 2282 0,45,
796 2222 857 2287 lang
873 2223 942 2282 o,61,
966 2229 1041 2270 nnten
1060 2222 1121 2281 0,04
1146 2221 1341 2287 umgesclrlagen,
1366 2221 1444 2270 durch
1468 2222 1522 2272 ἄνεί
1537 2223 1630 2273 Lr'r'clraer
1647 2222 1705 2289 geht
1727 2222 1777 2272 eine
1801 2222 1979 2281 Seidennhnnr,

307 2293 380 2342 deren
397 2293 526 2357 Bler'sr'egel
539 2294 648 2342 verloren
665 2293 736 2354 (noch
753 2293 787 2341 im
810 2293 907 2359 vorr'gen
929 2292 1113 2358 Jahrlmnderte
1131 2293 1256 2360 erhalten),
1282 2293 1391 2359 Falhmg
1407 2295 1451 2343 der
1466 2295 1563 2345 Bullm.
1602 2297 1649 2346 Die
1670 2293 1861 2360 Untersclm'stm
1878 2294 1981 2343 schcinen

306 2380 354 2414 orn
371 2365 550 2414 verschiedmm
567 2363 673 2414 Hdndm
690 2363 862 2416 nemnvhren.

1063 2545 1131 2622 Nr.
1161 2549 1224 2622 40.

309 2697 465 2762 Innocens
480 2695 525 2759 II
542 2695 695 2778 bestritigt
715 2696 789 2759 dem
806 2695 1155 2849 ProJZsteBolnuslromo
1173 2717 1238 2798 'uon
1252 2695 1366 2849 I-{antha
1382 2696 1497 2872 J1l)[arin
1518 2697 1552 2761 in
1568 2696 1675 2760 Feura
1692 2693 1751 2778 (D.
1770 2693 1916 2780 Rimim')
1932 2692 1983 2758 die

898 2795 993 2850 esttrt
1015 2792 1108 2850 rimer
1127 2807 1235 2850 semer
1286 2788 1376 2850 irre
1423 2836 1429 2849 .

923 2921 1007 2982 1135
1023 2919 1207 2983 November
1219 2921 1249 2982 5.
1280 2919 1369 2984 Pisa.

466 3053 674 3117 Innocentius
691 3056 875 3143 episcopus,
899 3074 1010 3118 servus
1033 3075 1202 3119 servorum
1227 3054 1288 3130 dei,
1313 3053 1433 3116 dilecto
1450 3053 1516 3116 filio
1533 3061 1645 3116 nostro
1665 3051 1696 3134 a)
1720 3052 1857 3116 ecclesie
1872 3060 1982 3115 sancte

308 3142 469 3208 Columbe
491 3143 709 3206 Ariminensis
732 3143 954 3207 Bonohomini
978 3145 1118 3208 diacono
1142 3152 1175 3207 et
1197 3153 1309 3207 sancte
1333 3145 1437 3207 Marie
1465 3145 1497 3205 in
1521 3142 1627 3206 Feura
1656 3144 1828 3225 preposito
1851 3143 1982 3224 suisque

307 3233 548 3297 successoribus
572 3235 604 3296 in
629 3245 705 3294 PPM.
724 3269 763 3279 -
786 3229 790 3318 Ι
813 3229 914 3295 offitii
937 3236 1040 3297 nostri
1064 3254 1124 3297 nos
1148 3232 1297 3297 hortatur
1320 3234 1505 3308 auctoritas,
1530 3232 1739 3296 ecclesiarum
1762 3231 1858 3294 saluti
1883 3241 1982 3313 atque
2041 3256 2042 3261 ¹

307 3322 442 3398 utilitati,
457 3324 593 3385 domino
609 3329 820 3404 cooperante,
836 3325 1027 3405 prospicere
1043 3331 1076 3386 et
1088 3343 1200 3386 earum
1216 3323 1369 3385 ministris
1385 3322 1558 3385 salubriter
1572 3321 1756 3404 providere.
1787 3321 1982 3404 Eapropter,

307 3411 425 3475 dilecte
453 3413 484 3474 in
508 3412 643 3475 domino
673 3412 728 3486 fili,
762 3411 1016 3494 postulationem
1047 3422 1188 3476 vestram
1220 3413 1334 3476 debita
1364 3412 1564 3493 benignitate
1594 3413 1790 3494 suscipimus
1822 3418 1855 3472 et
1886 3411 1982 3498 beate

307 3501 412 3564 Marie
428 3501 629 3578 aecclesiam,
654 3501 695 3564 ab
713 3503 879 3584 episcopis
895 3501 1157 3567 Ariminensibus
1173 3493 1373 3577 co'ncessam,
1397 3501 1580 3584 apostolice
1595 3502 1684 3564 sedis
1700 3499 1869 3583 privilegio
1894 3519 1983 3562 com·
2040 3521 2043 3534 ⁴

307 3592 477 3654 munimus.
523 3589 721 3666 StatuenteS,
746 3599 781 3653 ut
803 3592 961 3667 universa,
986 3592 1124 3671 quaein
1148 3593 1385 3674 presentiarum
1403 3590 1518 3654 eadem
1537 3590 1682 3666 ecclesia,
1706 3591 1736 3652 in
1754 3589 1855 3673 plebe
1878 3591 1982 3652 sancti
2042 3607 2043 3610 ’

306 3681 451 3743 Lauditii
475 3681 545 3757 sita,
569 3682 653 3743 iuste
669 3689 703 3743 et
718 3683 876 3743 canonice
891 3682 1051 3762 possidet,
1073 3682 1177 3744 autin
1194 3679 1335 3744 futurum
1352 3683 1564 3744 concessione
1586 3679 1788 3763 pontificum,
1813 3678 1983 3761 largitione
2040 3685 2042 3736 ἱ

307 3771 501 3852 principum,
525 3768 694 3832 oblatione
717 3769 863 3832 fidelium
886 3789 944 3832 seu
968 3769 1036 3832 aliis
1059 3771 1151 3833 iustis
1175 3771 1297 3846 modis,
1329 3777 1496 3852 prestante
1520 3769 1663 3844 domino,
1691 3770 1815 3850 poteris
1838 3768 1982 3850 adipisci,
2039 3827 2042 3834 .

306 3858 398 3922 firma
421 3859 517 3922 vobis
539 3861 573 3921 in
597 3867 794 3940 perpetuum
818 3867 851 3921 et
874 3857 997 3922 illibata
1028 3866 1241 3941 permaneant
1273 3879 1348 3922 cum
1381 3861 1464 3922 casis
1496 3867 1529 3921 et
1560 3859 1717 3934 casalinis,
1749 3860 1837 3932 ortis,
1870 3859 1981 3933 vineis,
2040 3885 2041 3888 ¹

306 3951 408 4022 terris,
432 3948 555 4030 campis
571 3949 665 4011 cultis
681 3957 715 4010 et
730 3946 865 4023 incultis,
888 3947 985 4024 silvis,
1008 3948 1189 4031 paludibus,
1213 3948 1357 4024 lacubus,
1381 3950 1503 4023 castris,
1528 3949 1673 4012 curtibus
1689 3957 1811 4010 etcum
1829 3947 1982 4010 omnibus

305 4037 348 4100 ad
372 4038 513 4100 eandem
537 4037 707 4100 ecclesiam
731 4037 977 4119 pertinentibus,
1000 4038 1172 4101 ecclesiam
1196 4055 1329 4120 quoque
1351 4039 1456 4100 sancti
1479 4038 1569 4101 Pauli
1594 4046 1628 4100 et
1650 4044 1837 4100 sanctorum
1862 4034 1982 4098 Cosme

306 4135 340 4189 et
362 4129 525 4203 Damiani,
549 4127 579 4189 in
603 4134 711 4189 castro
735 4134 847 4189 monte
863 4125 952 4189 Flori
969 4127 1000 4189 in
1025 4126 1124 4208 plebe
1146 4129 1249 4190 sancti
1266 4125 1428 4190 Columbe
1445 4125 1559 4189 inferni
1581 4129 1653 4203 sita,
1677 4145 1750 4188 cum
1775 4127 1982 4209 paramentis,

306 4216 405 4290 libris,
437 4218 521 4278 casis
552 4223 585 4279 et
617 4217 706 4288 ortis,
738 4216 848 4290 vineis,
879 4217 981 4291 terris,
1011 4215 1107 4292 silvis,
1139 4216 1373 4280 cumdecimis
1401 4224 1434 4279 et
1466 4217 1616 4299 primitiis
1647 4223 1681 4279 et
1713 4235 1786 4277 cum
1819 4215 1917 4278 bonis
1950 4222 1983 4277 et
2040 4211 2041 4214 ’

305 4305 549 4368 rationabilibus
580 4304 869 4368 consuetudinibus
900 4313 934 4367 et
963 4325 1038 4368 cum
1070 4306 1223 4369 omnibus
1246 4306 1288 4368 ad
1320 4305 1502 4388 predictam
1534 4305 1706 4370 ecclesiam
1734 4304 1981 4387 pertinentibus.

305 4395 458 4458 Preterea
480 4393 712 4457 confirmamus
739 4395 799 4458 tibi
829 4393 1003 4457 ecclesiam
1035 4395 1138 4458 sancti
1160 4394 1281 4458 Leonis
1312 4396 1344 4457 in
1373 4396 1473 4478 plebe
1504 4397 1606 4458 sancti
1628 4393 1794 4457 Laurentii
1824 4396 1857 4456 in
1880 4395 1981 4457 Berto

304 4487 409 4560 sitam,
434 4490 467 4546 et
490 4483 569 4547 alias
593 4483 755 4559 ecclesias,
780 4503 861 4564 quas
885 4504 969 4546 nunc
992 4482 1095 4547 habes
1110 4487 1163 4548 vel
1186 4485 1217 4546 in
1239 4493 1336 4548 antea
1351 4486 1420 4548 iure
1436 4485 1609 4567 adquirere
1625 4486 1780 4567 potueris,
1802 4483 1834 4546 in
1850 4483 1982 4563 quibus·

305 4593 446 4653 cumque
461 4572 568 4635 fundis
590 4593 662 4636 esse
677 4581 854 4636 noscuntur
882 4593 955 4636 cum
972 4573 1216 4638 rationabilibus
1237 4575 1538 4650 consuetudinibus,
1562 4595 1636 4637 cum
1652 4572 1751 4649 libris,
1774 4573 1980 4656 paramentis,

305 4664 449 4739 decimis,
480 4663 644 4745 primiciis,
677 4661 897 4725 oblationibus
929 4671 962 4726 et
984 4663 1218 4726 visitationibus
1249 4663 1465 4739 infirmorum,
1497 4665 1645 4727 vivorum
1676 4683 1734 4726 seu
1766 4671 1980 4738 mortuorum,

305 4759 338 4815 et
366 4751 435 4815 aliis
468 4751 619 4814 omnibus
651 4751 774 4814 eisdem
810 4751 953 4814 ecclesiis
985 4753 1239 4834 pertinentibus,
1279 4772 1343 4835 que
1383 4755 1492 4816 omnia
1529 4753 1742 4836 disponendi,
1781 4752 1919 4834 regendi
1951 4759 1982 4815 et

305 4841 473 4904 ordinandi
496 4840 684 4904 facultatem
699 4849 799 4920 atque
814 4841 976 4904 licentiam
993 4840 1126 4918 habeas,
1149 4844 1240 4922 quod
1256 4843 1300 4906 ab
1316 4841 1516 4905 Ariminensi
1533 4845 1694 4924 episcopo
1710 4842 1771 4905 tibi
1787 4859 1980 4906 concessum

304 4949 376 4993 esse
394 4932 617 5011 cognoscitur,
642 4932 690 4993 ius
715 4950 847 5011 quoque
864 4938 897 4992 et
914 4931 1122 4994 rationabiles
1139 4933 1400 5006 consuetudines,
1423 4951 1504 5011 quas
1527 4932 1558 4994 in
1575 4932 1645 4995 aliis
1662 4932 1809 4996 ecclesiis
1824 4930 1981 4995 hactenus

303 5019 445 5083 habuisti
473 5029 507 5082 et
535 5039 620 5082 nunc
652 5018 769 5094 habes,
801 5020 895 5083 vobis
926 5017 1154 5083 nichilominus
1185 5021 1425 5084 confirmamus.
1471 5021 1686 5085 Decemimus
1718 5041 1806 5104 ergo,
1839 5029 1875 5083 ut
1906 5021 1981 5084 nulli

304 5111 438 5172 omnino
462 5107 640 5184 hominum,
671 5107 872 5186 clericorum,
903 5111 1146 5192 episcoporum,
1180 5110 1506 5192 metropolitanorum
1538 5131 1596 5174 seu
1627 5110 1785 5173 laicorum
1808 5110 1915 5186 liceat,
1949 5118 1981 5174 te

302 5197 354 5262 vel
377 5207 433 5261 tua
464 5198 656 5280 perturbare
686 5206 743 5261 aut
764 5207 890 5262 vestras
914 5201 1140 5281 possessiones
1169 5198 1295 5262 auferre
1318 5198 1370 5262 vel
1403 5198 1529 5263 ablatas
1562 5201 1714 5276 retinere,
1747 5201 1892 5264 minuere
1923 5220 1980 5263 seu

303 5287 502 5368 quibuslibet
525 5286 680 5351 molestiis
703 5287 847 5371 fatigare,
871 5289 930 5352 sed
954 5295 989 5351 te
1011 5297 1044 5351 et
1060 5289 1169 5350 omnia
1192 5289 1223 5352 in
1243 5286 1396 5374 nostra(s)
1421 5290 1643 5353 transferimus
1665 5291 1830 5366 tuitiones,
1855 5297 1889 5352 et
1912 5291 1981 5353 iura

303 5385 336 5440 et
359 5380 469 5440 omnia
492 5379 618 5459 integra
640 5378 699 5440 tibi
723 5386 963 5452 conserventur,
987 5378 1049 5440 tuis
1077 5378 1188 5441 usibus
1212 5376 1392 5460 profutura.
1438 5377 1473 5442 Si
1498 5380 1569 5462 quis
1592 5381 1698 5463 igitur,
1721 5377 1816 5442 huius
1847 5387 1980 5443 nostrae

301 5467 541 5530 constitutionis
573 5467 724 5549 paginam
749 5466 888 5552 (sciens),
913 5473 1028 5530 contra
1051 5486 1124 5530 eam
1147 5475 1272 5532 temere
1295 5469 1405 5531 venire
1427 5471 1645 5553 temptaverit,
1672 5468 1817 5532 secundo
1841 5470 1980 5532 tertiove

461 5663 486 5728 a)
505 5676 553 5710 von
577 5663 681 5712 andem
704 5663 786 5712 Dinte.
807 5701 859 5708 -ffl
878 5667 914 5730 .r)
943 5661 991 5711 Die
1019 5661 1144 5726 Absclm'st
1168 5663 1225 5711 und
1246 5663 1428 5730 Bemerkrrngen
1454 5665 1575 5714 verdanke
1600 5665 1638 5714 ich
1665 5663 1750 5714 Herm
1780 5663 1840 5714 Cart.
1874 5665 1980 5714 Gaetnrrr

302 5732 344 5782 Ni
350 5733 432 5782 reoli
438 5732 473 5782 ni
487 5750 517 5781 nn
535 5732 635 5784 Rimr'nr'.
657 5762 687 5772 -
714 5735 786 5784 Cirirt
807 5731 896 5784 Toninr'
912 5733 993 5784 Storia
1012 5735 1040 5782 di
1057 5733 1154 5784 Rimim'
1171 5735 1240 5800 Hp.
1260 5737 1322 5786 419.
