4090 6358
1727 367 1749 438 9

67 535 186 604 omnia
216 535 381 620 membra,
416 550 450 608 et
482 539 538 626 qui
569 559 670 608 unum
702 537 886 608 membrum
909 539 1018 609 leserit
1047 539 1100 608 vel
1131 541 1246 609 iuverit
1269 543 1378 610 ledere
1407 544 1459 608 vel
1490 545 1608 620 iuvare,
1641 554 1748 609 totum

66 651 192 713 corpus
215 632 389 696 videretur.
427 633 594 716 Quicquid
622 635 891 698 corroboratione
921 635 1079 698 libertatis
1103 645 1136 699 et
1169 635 1370 700 auctoritatis
1404 634 1604 716 proibitione
1632 634 1749 698 beatus

66 721 261 784 Barnardus
291 731 326 786 et
355 718 488 806 Sergius
518 744 608 806 papa
627 721 656 808 ²)
687 734 721 788 et
752 725 850 788 ceteri
883 724 1088 787 edificatores
1119 725 1306 788 monasterii
1338 725 1438 807 digne
1468 735 1502 788 et
1524 723 1646 788 utiliter
1662 723 1692 805 b)
1715 726 1748 787 in

57 811 194 874 *eodem
227 810 303 875 loco
338 821 529 890 statuerunt,
565 813 662 877 anulo
686 813 763 877 fidei
796 813 1114 878 corroborationisve
1148 814 1415 897 redintegramus.
1460 815 1505 877 Et
1535 815 1562 877 si
1597 814 1676 896 quid
1706 814 1749 877 ad

67 899 270 964 hutilitatem
294 901 376 978 loci,
408 903 500 984 quod
532 903 647 966 adesse
671 903 807 980 debeat,
832 903 944 980 deluit,
976 912 1087 966 nostra
1117 903 1301 986 apostolica
1327 925 1462 967 censura
1484 905 1674 986 supradicto
1699 923 1749 991 ce·

68 989 177 1053 nobio
209 1011 321 1054 coram
352 992 504 1074 synodali
536 1001 700 1056 conventu
730 993 764 1055 in
793 1013 887 1056 sacro
918 992 1042 1075 palatio
1071 993 1283 1056 Lateranensi
1317 994 1563 1057 auctorizamus.
1609 989 1645 1054 Si
1677 995 1749 1074 quis

66 1099 151 1143 vero
175 1079 369 1144 clericorum
391 1081 615 1163 laicorumque
645 1082 679 1145 in
712 1092 784 1146 tota
815 1081 996 1146 hereditate
1026 1081 1127 1164 ipsius
1157 1082 1221 1145 loci
1251 1083 1372 1146 malam
1401 1082 1447 1145 ibi
1478 1082 1749 1145 consuetudinem

68 1169 204 1233 obtinet
233 1169 286 1233 vel
316 1171 473 1253 deinceps
495 1171 686 1248 obtinuerit,
718 1171 778 1234 nisi
809 1171 995 1234 voluntario
1025 1170 1119 1235 libitu
1151 1171 1282 1234 abbatis
1310 1183 1345 1235 et
1375 1173 1444 1235 eius
1475 1172 1748 1254 congregationis,

68 1259 164 1334 sciat,
187 1277 268 1322 sea
298 1259 409 1346 celesti
433 1260 639 1324 Hierusalem
661 1271 850 1342 separatum
872 1271 906 1325 et
935 1261 1029 1349 penis
1060 1260 1271 1324 infernalibus
1302 1259 1466 1325 insolubili
1497 1281 1583 1324 nexu
1612 1262 1750 1323 carceris

69 1349 271 1411 innodatum
286 1358 320 1412 et
342 1369 418 1412 cum
440 1349 763 1431 blasphematoribus
786 1350 838 1413 dei
862 1371 897 1414 se
913 1351 1016 1413 teneri
1038 1352 1192 1426 iunctum,
1216 1371 1384 1432 nunquam
1400 1349 1528 1438 celestis
1551 1351 1750 1425 hereditatis,

69 1437 133 1500 nisi
158 1437 338 1519 resipuerit,
362 1439 567 1520 participem.
598 1438 633 1503 Si
658 1440 730 1520 quis
753 1447 862 1503 autem
887 1440 996 1503 locum
1012 1439 1120 1521 ipsum
1143 1439 1303 1504 adiuverit
1318 1451 1352 1504 et
1371 1440 1474 1503 malas
1497 1439 1750 1503 consuetudines

69 1527 151 1590 inde
174 1527 396 1604 eradicaverit,
427 1528 660 1592 benedictione
689 1529 873 1611 apostolica
904 1549 1042 1611 regnum
1072 1528 1215 1616 celorum
1247 1525 1428 1615 cons[equi]
1453 1538 1628 1605 mereatur,
1660 1530 1751 1592 adiu·

69 1627 173 1680 vante
202 1617 315 1698 regina
345 1617 506 1705 celorum,
537 1619 570 1680 in
594 1618 684 1681 cuius
715 1618 928 1701 religiositate
950 1618 1084 1681 honoris
1107 1627 1239 1682 notatus
1272 1619 1362 1683 locus
1384 1628 1524 1683 statutus
1553 1617 1694 1681 habetur
1717 1628 1750 1680 et

70 1706 176 1768 beato
198 1705 305 1782 Petro,
338 1706 482 1788 paradisi
505 1706 685 1789 clavigero,
717 1708 778 1772 sub
801 1709 891 1772 cuius
914 1709 1094 1771 munimine
1116 1708 1266 1772 subditus
1290 1708 1392 1772 tutela
1414 1708 1579 1772 servitutis
1602 1707 1749 1770 habetur.

70 1793 108 1858 Si
132 1795 213 1877 quid
246 1796 344 1877 igitur
373 1795 590 1860 anathematis
621 1817 778 1878 umquam
808 1799 968 1875 sustinuit,
999 1797 1208 1862 absolutione
1238 1798 1291 1861 dei
1314 1797 1553 1880 omnipotentis
1582 1805 1616 1859 et
1646 1797 1750 1860 sancti

69 1884 159 1947 Petri
191 1893 225 1948 et
254 1894 368 1948 nostro
399 1886 584 1968 apostolico
614 1887 789 1950 commissu
820 1887 989 1952 absolutus
1025 1907 1124 1969 supra
1154 1897 1353 1952 memoratus
1387 1887 1479 1951 locus
1507 1884 1751 1949 Ambroniacus

70 1993 149 2036 cum
179 1974 333 2038 omnibus
356 1975 559 2057 appendiciis
586 1985 619 2039 et
641 1973 883 2041 habitatoribus
905 1977 980 2053 suis,
1012 1977 1103 2039 omni
1132 1976 1311 2040 sterelitate
1340 1976 1541 2059 peccaminis
1574 1975 1750 2052 subtracta,

71 2063 299 2128 fructuositate
328 2063 569 2128 benedictionis
600 2075 634 2129 et
667 2063 898 2155 habundancie
931 2065 1052 2149 perfrui
1087 2076 1249 2130 mereatur
1283 2067 1345 2131 sub
1379 2066 1565 2130 redditione
1601 2084 1716 2128 census
1743 2065 1747 2150 l

71 2153 212 2216 duarum
235 2153 390 2218 librarum
414 2174 488 2242 cere
511 2155 687 2236 quotannis
710 2175 802 2220 more
826 2156 1079 2222 constitutionis.

288 2243 345 2322 (R)
1229 2243 1324 2326 (M·‚·)

235 2328 277 2412 -l-
293 2333 371 2396 Dat.
387 2347 414 2396 11
436 2332 490 2396 Kl.
513 2331 635 2410 Maias,
670 2353 730 2415 per
760 2354 875 2398 manus
908 2333 1012 2410 Petri,
1048 2333 1194 2412 diaconi,
1228 2334 1471 2399 bibliothecarii
1502 2344 1535 2399 et
1567 2334 1750 2399 cancellarii

70 2431 187 2508 sancte
210 2422 392 2511 apostolice
414 2422 510 2487 sedis.
555 2421 657 2486 Anno
681 2423 794 2486 domni
816 2424 939 2488 Leonis
962 2423 1040 2486 noni
1063 2425 1175 2488 PaPae
1189 2437 1224 2487 11.
1269 2423 1454 2488 indictione
1468 2438 1516 2487 111.
1533 2460 1577 2471 —

238 2535 280 2586 Or.
300 2535 327 2586 in
344 2537 390 2586 den
407 2536 522 2587 Archives
541 2535 766 2602 De'partementales
783 2537 811 2586 de
827 2537 897 2588 l'Ar'n
914 2553 944 2586 eu
962 2537 1053 2604 Bourg.

237 2607 307 2674 Perg.
324 2609 361 2659 dr.
380 2609 466 2669 0,308,
484 2611 545 2674 lang
561 2611 645 2669 0,605,
663 2617 738 2660 unirer
756 2607 824 2658 nube
839 2609 1027 2676 umgeschlagm,
1055 2609 1121 2660 wohl
1135 2609 1212 2658 durch
1230 2608 1288 2658 arvei
1306 2609 1399 2659 Laeter
1416 2609 1487 2659 neben
1504 2609 1621 2660 einander
1634 2611 1697 2678 ging
1713 2611 1751 2660 eiu

73 2679 290 2745 stegmmtband,
312 2695 398 2730 voven
422 2679 483 2729 necle
506 2680 544 2730 ein
562 2680 695 2730 Ste'tckchen
717 2681 744 2730 in
767 2681 842 2730 mrem
864 2681 942 2732 Loche
965 2681 1043 2731 steclet.
1080 2681 1188 2747 Faltrmg
1205 2681 1250 2730 der
1266 2681 1350 2748 Ldnge
1374 2681 1437 2731 nach
1461 2683 1519 2730 ewee'
1535 2685 1597 2744 naal,
1622 2683 1691 2732 dame
1709 2683 1753 2732 der

72 2751 156 2816 Stre'y‘
168 2751 279 2803 decimae.
315 2753 364 2802 Die
381 2752 519 2802 meahare
542 2752 598 2801 und
621 2752 659 2801 die
681 2752 779 2803 Nomen
801 2753 846 2802 der
867 2761 944 2803 ersten
963 2752 1025 2803 Zeile
1049 2753 1125 2819 urgere
1143 2751 1290 2818 Mryieskehe.
1327 2753 1377 2802 Die
1394 2753 1491 2818 Schn'st
1513 2755 1553 2803 des
1570 2754 1753 2818 Hareptkdepers

72 2823 105 2872 ist
120 2828 278 2890 vergriisserte
293 2823 439 2889 frdnb'sclee
456 2823 686 2890 secla-Spanum
707 2824 745 2874 die
768 2826 877 2874 veraeve
894 2825 956 2875 Zeile
972 2825 1003 2876 ist
1019 2841 1071 2874 nur
1086 2841 1117 2874 eu
1134 2824 1192 2874 ewee'
1207 2823 1359 2885 Drittlm'len,
1383 2825 1421 2874 die
1443 2827 1516 2875 letete'
1529 2842 1581 2875 nur
1602 2843 1648 2876 rur
1663 2826 1753 2890 Hd‘lste

67 2893 170 2962 gtffllt,
188 2895 236 2946 den
252 2894 326 2962 iibrr'g
337 2897 475 2963 gelassenen
492 2897 575 2944 Raram
593 2895 693 2946 uehmen
710 2898 774 2945 Rota
791 2896 848 2945 und
863 2895 1032 2963 ddomgramm
1050 2895 1097 2947 eiu.
1131 2895 1229 2946 Erstere
1246 2895 1295 2946 Nr.
1315 2899 1331 2945 4
1348 2897 1396 2956 Ale,
1421 2896 1479 2946 doch
1498 2897 1525 2946 in
1543 2897 1587 2946 der
1602 2899 1681 2946 Roeete
1698 2897 1755 2946 und

71 2967 99 3016 in
122 2967 169 3016 den
192 2966 445 3034 Ameerbree'tenmgm
467 2967 534 3016 naht
554 2967 701 3034 mgfitllt,
726 2967 903 3018 Durcdneesser
926 2969 996 3030 0,08,
1023 2967 1090 3034 Reieg
1112 2982 1163 3018 mer
1180 2968 1277 3028 0,007‚·
1300 2967 1366 3017 dicht
1388 2967 1465 3018 rechtr
1489 2969 1593 3018 daeeebm
1618 2968 1664 3018 dos
1681 2968 1750 3018 Mon.

71 3039 109 3090 ὂν.
127 3039 215 3099 0,043,
232 3039 293 3089 koch
310 3041 381 3100 0,06,
399 3039 549 3105 doppellinrg,
567 3039 601 3088 t'm
618 3039 646 3090 B
659 3039 716 3088 und
730 3039 777 3089 den
793 3040 947 3107 Ausldufem
964 3037 1053 3106 einiger
1067 3039 1162 3090 Bastar
1178 3045 1252 3090 elavos
1268 3039 1374 3091 veraa'ert.
1410 3039 1516 3089 Koenmo
1534 3040 1583 3090 Nr.
1601 3041 1626 3100 5,
1644 3041 1684 3088 die
1701 3040 1754 3088 dree'

71 3110 310 3178 Ker'lkreimmmgen
326 3110 397 3161 leiclet
412 3111 476 3160 nacla
492 3111 556 3161 lheks
573 3111 683 3161 wee'send.
719 3111 768 3162 De'e
785 3111 838 3161 dree'
854 3111 955 3162 ΖιίιΙιιη
964 3111 1052 3176 fiillen
1070 3113 1156 3172 0,195,
1175 3111 1220 3161 das
1236 3111 1343 3160 lmmma
1360 3109 1421 3160 steht
1438 3113 1517 3172 0,016
1533 3127 1582 3161 von
1599 3113 1643 3161 der
1659 3111 1752 3160 rechten

72 3182 164 3232 Konta.
199 3183 249 3233 Die
273 3183 403 3249 Datineng
425 3183 493 3232 weist
516 3182 555 3232 die
574 3181 732 3233 Petrus-Zeia
755 3183 809 3249 ares.
845 3182 883 3232 Er
905 3184 937 3233 iet
960 3184 1012 3249 ores
1025 3183 1113 3234 Lim'en
1134 3181 1290 3249 geschn'eben,
1315 3182 1352 3232 die
1375 3183 1410 3232 bis
1431 3200 1476 3234 seer
1498 3185 1578 3234 letaten
1602 3182 1753 3233 Datueeeaeile

67 3253 155 3320 gehen,
174 3255 234 3304 doch
251 3254 282 3304 ist
298 3255 337 3304 die
353 3255 483 3320 Datinmg
501 3254 607 3304 eienelt'cle
631 3253 691 3304 ohne
707 3253 840 3304 Rie'ckse'clet
855 3255 908 3320 auf
920 3255 1033 3305 dr'eselben
1056 3254 1212 3322 eietgetragen.
1233 3283 1265 3292 -
1286 3254 1385 3304 Soaoohl
1404 3254 1544 3316 inhaltlich,
1570 3255 1615 3304 wie
1637 3254 1700 3304 arech
1718 3254 1751 3303 im

70 3327 204 3376 Amsmn
220 3327 288 3376 wer'st
309 3326 347 3377 die
368 3326 485 3376 Urhmde
507 3326 620 3376 maiales
640 3325 839 3393 Ungewdhnlr'clee
854 3328 910 3393 aeef,
935 3326 994 3376 doch
1011 3341 1079 3392 wege
1100 3326 1138 3376 icle
1161 3327 1235 3387 nicht,
1260 3326 1293 3377 sie
1316 3329 1354 3376 als
1371 3326 1565 3394 Sckeinorrginal
1586 3344 1615 3376 ru
1633 3327 1751 3387 erklr'e'ren,

70 3397 133 3448 olm
149 3399 187 3448 die
207 3397 335 3465 Urschn'ft
349 3397 490 3448 muermht
505 3415 536 3448 eu
552 3397 635 3448 huben.

830 3681 897 3758 Nr.
931 3685 990 3758 10.

72 3815 238 3883 Ne'kolaus
259 3816 304 3881 II
325 3815 480 3902 bestiitigt
503 3814 577 3880 dem
596 3813 676 3880 Abte
702 3814 835 3878 Pontius
860 3835 921 3878 von
944 3811 1139 3897 SteAr‘gnon
1157 3811 1333 3878 d'Orleians
1358 3813 1414 3877 die
1428 3813 1666 3880 Bese‘tztlee'e'mer
1685 3815 1755 3880 und

710 3903 828 3968 Rechte
841 3903 945 3968 seines
962 3901 1115 3969 Klosters.

733 4023 815 4084 1061
831 4019 908 4084 Mai
921 4021 951 4083 4.
999 4018 1091 4084 Rom.

236 4158 393 4222 Nicolaus
403 4157 588 4240 episcopus,
601 4175 713 4219 servus
725 4174 892 4219 servorum
904 4154 966 4232 dei,
983 4154 1194 4219 dilectissimo
1207 4155 1274 4219 filio
1283 4154 1416 4231 Ponci0,
1430 4153 1544 4219 abbati
1556 4154 1752 4217 venerabilis

74 4249 266 4313 monasterii
289 4247 496 4322 Anianensis,
529 4245 619 4327 quod
652 4253 701 4308 est
730 4243 901 4308 fundatum
925 4254 1025 4326 atque
1047 4256 1209 4309 sacratum
1233 4246 1266 4309 in
1289 4245 1417 4308 honore
1445 4245 1549 4308 sancti
1573 4243 1752 4308 Salvatoris

75 4339 203 4403 domini
226 4338 328 4402 nostri
351 4338 423 4401 Iesu
446 4333 566 4401 Christi
589 4354 628 4398 ac
651 4343 831 4416 perpetuae
854 4333 907 4397 dei
930 4333 1096 4416 genitricis
1118 4354 1249 4416 semper
1270 4335 1403 4417 virginis
1428 4333 1552 4396 Mariae
1581 4334 1752 4415 sanctique

74 4427 248 4492 Michaelis
270 4447 332 4491 nec
354 4446 422 4490 non
445 4425 578 4509 gloriosi
594 4423 691 4501 Petri,
715 4421 942 4505 apostolorum
964 4423 1130 4506 principis,
1153 4443 1210 4486 seu
1235 4424 1372 4487 aliorum
1396 4433 1593 4500 sanctorum,
1618 4423 1752 4505 eiusque

74 4518 319 4582 successoribus
340 4517 480 4581 salutem
505 4524 538 4578 et
561 4512 779 4596 apostolicam
800 4511 1076 4577 benedictionem.
1124 4511 1287 4577 Convenit
1309 4512 1494 4594 apostolico
1525 4512 1751 4588 moderamini,

74 4608 133 4690 pia
156 4607 313 4689 religione
336 4605 537 4689 pollentibus
559 4601 714 4668 benivola
729 4601 887 4666 charitate
902 4621 1087 4667 succurrere
1105 4610 1140 4666 et
1154 4602 1361 4685 poscentium
1376 4601 1463 4664 votis
1477 4601 1570 4683 pium
1585 4601 1752 4682 impertire

74 4716 254 4773 assensum,
277 4696 354 4778 quia
369 4696 458 4778 apud
474 4693 681 4759 conditorem
696 4691 844 4754 omnium
859 4691 956 4756 nobis
978 4692 1187 4774 potissimum
1210 4693 1378 4774 reponitur
1399 4691 1591 4773 praemium,
1613 4691 1640 4753 si
1655 4711 1751 4755 vene·

76 4785 194 4848 rabilia
209 4785 291 4862 loca,
307 4785 534 4868 religiosorum
548 4782 691 4846 virorum
707 4781 886 4845 devotione
902 4791 1096 4859 constructa,
1120 4792 1232 4846 nostra
1247 4780 1430 4862 apostolica
1445 4781 1619 4843 autoritate
1635 4780 1753 4844 luerint

75 4874 291 4939 corroborata
320 4885 420 4956 atque
449 4871 492 4936 ad
522 4870 692 4936 meliorem
724 4880 845 4934 statum
875 4870 1042 4953 perducta.
1095 4870 1204 4954 Igitur,
1244 4871 1322 4952 quia
1355 4880 1412 4933 tua
1442 4869 1574 4933 dilectio
1605 4879 1771 4933 nostram·

74 4963 269 5047 suppliciter
290 4963 480 5046 expostulat
503 4961 719 5036 clementiam,
751 4969 911 5042 quatenus
942 4960 1126 5042 apostolico
1149 4960 1321 5043 privilegio
1345 4959 1565 5024 concedamus
1588 4969 1622 5022 et
1644 4979 1752 5022 corro-

74 5054 232 5119 boremus
260 5053 321 5118 tibi
350 5053 480 5135 tuisque
508 5049 751 5115 successoribus
781 5050 1015 5113 monasterium
1038 5049 1228 5113 Anianense
1259 5049 1439 5113 secundum
1470 5057 1617 5111 tenorem
1653 5058 1753 5130 atque

74 5143 344 5227 astipulationem
367 5142 485 5226 regalis
508 5139 678 5224 privilegii,
710 5139 801 5220 quod
829 5139 937 5202 eidem
960 5139 1035 5202 loco
1060 5139 1237 5204 clementer
1260 5139 1440 5202 dinoscitur
1469 5136 1567 5201 luisse
1590 5137 1752 5201 indultum

73 5255 94 5299 a
124 5235 203 5318 piae
232 5234 411 5297 memoriae
433 5231 570 5308 Karolo,
600 5231 802 5292 Francorum
832 5247 909 5310 rege
936 5227 1228 5311 Romanorumque
1258 5228 1401 5310 patriti0,
1432 5236 1465 5290 et
1483 5227 1514 5305 c)
1539 5246 1558 5288 a
1580 5226 1752 5289 Ludovico

73 5325 186 5400 etiam,
214 5323 299 5386 illius
322 5321 399 5399 filio,
429 5331 505 5385 tuae
529 5317 722 5383 fraternitati
746 5337 789 5380 ex
811 5318 921 5380 animo
946 5316 1101 5394 faventes,
1134 5317 1291 5400 quicquid
1321 5317 1437 5399 regalis
1466 5315 1689 5380 munificentia
1718 5316 1752 5378 in
1838 5351 1840 5358 ,

72 5411 342 5497 possessionibus
381 5423 605 5492 terrarumque
638 5406 813 5483 reditibus,
856 5406 963 5483 silvis,
997 5407 1143 5489 pascuis,
1178 5407 1272 5470 cultis
1306 5417 1340 5471 et
1373 5406 1517 5483 incultis,
1554 5425 1753 5487 aquarumve

72 5503 277 5583 decursibus,
300 5501 433 5564 marinis
455 5498 607 5582 stagneis,
631 5495 869 5577 fluviorumque
891 5495 1138 5578 piscationibus,
1162 5495 1371 5560 ecclesiarum
1387 5515 1462 5558 cum
1481 5495 1547 5558 suis
1562 5494 1753 5559 adiacentiis

72 5591 350 5676 delegationibus,
381 5591 787 5673 ingenuomm'servorum
815 5605 874 5649 seu
905 5585 1061 5649 colonum
1093 5587 1335 5669 propagatione
1367 5595 1467 5666 atque
1498 5585 1643 5648 incolatu
1673 5585 1752 5646 olim

238 5787 263 5853 a)
282 5781 394 5836 rather
410 5787 495 5836 Raster
565 5786 593 5856 b)
610 5798 656 5832 vor
671 5797 686 5832 u
704 5779 736 5830 ist
752 5779 790 5831 ein
807 5780 823 5830 h
841 5780 974 5847 wegradirt
1043 5781 1067 5848 c)
1086 5796 1138 5830 nur
1155 5780 1181 5830 in
1200 5782 1230 5830 B.

130 5893 149 5924 v.
163 5881 455 5934 Priuer-fluerunt,
470 5883 527 5924 dete
540 5882 582 5922 111.
1527 5868 1542 5905 ²
