4126 6356
1699 355 1739 422 95

61 525 262 588 canonicam
293 525 393 590 sancti
417 526 585 593 Michaelis
615 529 658 593 de
682 527 850 605 Grosseto,
874 527 1047 593 ecclesiam
1078 537 1191 593 sancte
1214 527 1316 592 Marie
1348 528 1391 591 de
1415 527 1537 604 Dotali,
1570 528 1741 592 ecclesiam

60 615 172 678 sancti
203 611 330 678 Stelani
362 616 405 680 de
435 617 584 700 Pignete,
617 619 788 684 ecclesiam
820 621 925 682 sancti
947 620 1034 682 Petri
1064 619 1098 683 in
1123 618 1239 695 Cellis‚
1271 617 1443 682 ecclesiam
1477 621 1582 682 sancti
1608 617 1743 705 Andree

60 703 109 768 de
132 702 328 786 Arguliano,
358 708 589 772 monasterium
612 717 724 774 sancte
747 708 913 771 Trinitatis
936 708 980 771 de
1003 707 1119 772 Monte
1143 707 1243 773 Calvo
1267 728 1339 771 cum
1364 707 1515 771 omnibus
1538 709 1743 791 pertinentiis

59 794 149 869 suis,
191 795 426 858 monasterium
456 798 559 861 sancti
588 797 667 862 lusti
697 801 730 862 in
761 797 990 874 Rentennano,
1021 798 1253 862 monasterium
1290 805 1404 860 sancte
1434 797 1536 861 Marie
1566 798 1609 861 de
1640 796 1743 874 Colle,

61 883 226 963 quicquid
257 885 335 946 iuris
366 882 495 949 habetis
524 887 555 950 in
588 887 724 952 ecclesia
752 887 855 951 sancti
886 885 1018 950 Martini
1049 889 1092 951 de
1125 884 1268 968 Quarto,
1307 888 1462 969 quicquid
1503 888 1580 951 iuris
1614 886 1743 950 habetis

60 973 97 1036 in
122 971 264 1036 ecclesia
289 976 392 1038 sancti
415 975 575 1059 Stephani
605 977 648 1040 de
671 979 847 1042 Bnrscano.
896 975 1048 1040 Preterea
1078 975 1225 1040 laborum
1258 983 1455 1051 vestrorum,
1487 997 1570 1058 quos
1603 976 1743 1059 propriis

61 1061 221 1126 manibus
243 1070 299 1126 aut
320 1064 505 1146 sumptibus
529 1066 651 1144 colitis,
675 1067 779 1131 nullus
803 1088 822 1130 a
852 1065 947 1129 vobis
978 1066 1124 1130 decimas
1154 1066 1285 1147 exigere
1308 1072 1483 1148 presumat.
1529 1065 1743 1129 Decernimus

62 1171 163 1234 ergo,
195 1160 231 1214 ut
261 1151 337 1216 nulli
370 1155 504 1218 omnino
533 1153 701 1220 hominum
733 1156 843 1232 liceat,
873 1155 1036 1239 prefatum
1068 1155 1178 1220 locum
1209 1163 1334 1218 temere
1366 1154 1556 1237 perturbare
1588 1162 1644 1217 aut
1673 1156 1743 1217 eius

61 1242 298 1324 possessiones
320 1241 449 1307 auferre
476 1244 528 1308 vel
555 1245 682 1310 ablatas
705 1247 856 1321 retinere,
890 1246 1034 1308 minuere
1063 1265 1120 1309 seu
1151 1244 1314 1325 aliquibus
1337 1244 1565 1307 vexationibus
1597 1244 1743 1326 fatigare,

60 1331 125 1394 sed
155 1332 269 1394 omnia
298 1332 424 1414 integra
453 1344 685 1399 conservantur
715 1335 901 1399 ancillarum
926 1332 1054 1410 Christi,
1086 1355 1146 1418 pro
1168 1355 1305 1417 quarum
1337 1333 1574 1416 gubernatione
1604 1341 1639 1396 et
1668 1333 1744 1396 sub·

60 1419 266 1484 stentatione
289 1440 447 1486 concessa
468 1433 551 1500 sunt,
576 1425 687 1489 usibus
705 1424 907 1489 omnimodis
931 1424 1110 1506 profutura,
1134 1422 1224 1487 salva
1242 1423 1328 1486 sedis
1348 1422 1529 1506 apostolice
1549 1421 1743 1486 auctoritate

61 1517 98 1572 et
122 1511 377 1574 diocesanorum
401 1514 633 1597 episcoporum
658 1517 817 1579 canonica
840 1513 966 1578 iustitia.
1012 1511 1136 1596 Siqua
1166 1515 1263 1595 igitur
1291 1514 1323 1575 in
1353 1512 1495 1575 futurum
1525 1511 1744 1575 ecclesiastica

60 1599 265 1664 secularisve
288 1619 439 1682 persona,
462 1601 547 1667 hanc
570 1613 682 1669 nostre
705 1604 943 1669 constitutionis
960 1605 1113 1686 paginam
1136 1605 1252 1678 sciens,
1274 1609 1389 1666 contra
1409 1621 1480 1665 eam
1496 1607 1621 1665 temere
1635 1603 1745 1664 venire

61 1690 295 1772 temptaverit,
326 1691 472 1755 secundo
503 1695 644 1758 tertiove
674 1693 890 1770 commonita,
928 1694 956 1755 si
986 1713 1052 1757 non
1081 1691 1305 1756 satisfactione
1337 1711 1479 1773 congrua
1512 1691 1743 1766 emendaverit,

61 1781 244 1861 potestatis
267 1777 466 1863 honorisque
488 1785 538 1846 sui
565 1784 725 1866 dignitate
754 1792 863 1848 careat
893 1801 1050 1864 reamque
1081 1803 1117 1845 se
1148 1782 1258 1845 divino
1288 1780 1409 1844 iudicio
1439 1779 1580 1844 existere
1607 1781 1649 1843 de
1672 1800 1745 1863 per=

61 1875 197 1950 petrata
220 1869 392 1949 iniquitate
415 1880 605 1954 cognoscat,
628 1881 662 1938 et
684 1895 703 1937 a
725 1873 943 1937 sacratissimo
966 1892 1107 1954 corpore
1130 1878 1164 1935 et
1191 1871 1347 1954 sanguine
1371 1871 1423 1933 dei
1446 1890 1466 1933 e
1488 1869 1613 1933 domini
1641 1870 1745 1933 nostri

60 1956 139 2020 Iesu
164 1955 284 2021 Christi
311 1957 509 2035 alienafiat,
540 1970 640 2043 atque
662 1962 695 2025 in
718 1971 868 2026 extremo
896 1964 1049 2025 examine
1071 1962 1218 2024 districte
1248 1959 1361 2023 ultioni
1392 1959 1568 2023 subiaceat.
1614 1958 1745 2023 Cunctis

61 2055 187 2122 autem,
212 2045 321 2110 eidem
343 2045 418 2112 loco
440 2069 500 2113 sua
521 2051 590 2115 iura
612 2053 826 2128 servantibus,
849 2054 891 2115 sit
914 2072 982 2135 pax
1005 2051 1129 2114 domini
1157 2050 1258 2114 nostri
1280 2049 1353 2112 Iesu
1377 2047 1509 2124 Christi,
1539 2049 1688 2130 quatinus
1712 2055 1745 2110 et

61 2135 119 2199 hic
150 2136 276 2200 fructus
307 2136 395 2201 bone
426 2139 564 2204 actionis
595 2144 778 2226 percipiant
807 2149 842 2206 et
871 2141 960 2225 apud
987 2141 1171 2205 districtum
1200 2140 1342 2204 iudicem
1370 2139 1494 2222 premia
1518 2146 1630 2202 eterne
1653 2139 1745 2221 pacis

63 2227 243 2290 inveniant
287 2224 407 2290 Amen.
431 2227 553 2294 Amen.
580 2230 699 2296 Amen.

282 2315 340 2395 (R)
363 2318 437 2400 Ego
460 2320 624 2402 Eugenius
647 2318 810 2385 catholice
833 2319 970 2409 ecclesie
993 2319 1169 2403 episcopus
1192 2338 1234 2382 ss.
1257 2316 1321 2398 (M)

283 2403 303 2487 †
325 2407 399 2489 Ego
422 2407 596 2474 Hubaldus
619 2410 783 2494 presbiter
805 2410 978 2474 cardinalis
1000 2412 1048 2472 tit.
1072 2411 1174 2473 sancti
1197 2405 1351 2471 Iohannis
1373 2426 1416 2469 ss.

281 2494 303 2577 †
326 2494 399 2579 Ego
423 2495 533 2562 Guido
556 2500 718 2582 presbiter
740 2499 912 2564 cardinalis
934 2501 983 2564 tit
1006 2508 1194 2562 sanctorum
1218 2495 1384 2561 Laurentii
1409 2501 1442 2559 et
1465 2494 1603 2558 Damasi
1626 2512 1668 2554 ss.

283 2671 304 2755 †
326 2673 400 2757 Ego
423 2675 523 2740 Iulius
547 2679 708 2760 presbiter
731 2678 902 2743 cardinalis
924 2681 973 2742 tit.
996 2679 1099 2740 sancti
1123 2674 1268 2740 Marcelli
1290 2695 1333 2737 ss.

283 2764 305 2840 †
327 2762 401 2846 Ego
424 2765 535 2830 Guido
559 2768 720 2850 presbiter
743 2767 914 2832 cardinalis
936 2767 985 2831 tit.
1007 2768 1151 2830 Pastoris
1173 2787 1215 2829 ss.

282 2850 303 2934 †
325 2851 399 2936 Ego
423 2849 518 2940 [Otto
542 2857 699 2921 diaconus
722 2854 907 2944 cardinalis]
930 2859 1033 2922 sancti
1057 2854 1190 2938 Georgii
1213 2855 1256 2920 ad
1279 2851 1400 2917 Velum
1424 2869 1557 2913 aureum
1580 2868 1622 2912 ss.

231 2940 354 3006 Datum
378 2940 488 3020 Senis,
520 2965 579 3028 per
610 2968 725 3010 manus
749 2946 918 3024 Guidonis,
947 2953 1060 3034 sancte
1083 2946 1232 3034 Romane
1255 2940 1391 3030 ecclesie
1414 2941 1544 3003 diaconi
1573 2935 1744 3001 cardinalis

66 3027 261 3092 cancellarii.
306 3048 344 3092 111
366 3031 421 3096 Kl.
446 3035 650 3100 Decembris.
696 3037 879 3101 Indictione
902 3051 961 3100 ΧΠ.
1006 3035 1240 3098 Incarnationis
1267 3032 1432 3120 dominice
1464 3050 1550 3093 anno
1574 3039 1744 3090 uextvm.

66 3115 282 3182 Pontificatus
305 3141 384 3186 vero
407 3122 522 3188 domni
546 3127 684 3210 Eugenii
707 3127 768 3190 ΡΡ.
791 3144 829 3190 111
853 3147 939 3191 anno
963 3131 1090 3208 quarto.

229 3233 354 3300 Abscinfl
375 3237 417 3287 der
437 3237 494 3289 Cod.
513 3239 545 3290 E.
564 3241 609 3290 IX.
632 3244 665 3292 16
678 3249 705 3307 p.
725 3243 768 3303 30,
793 3243 837 3292 der
860 3242 923 3293 Bibl.
950 3241 1063 3291 lirbblr'ca
1089 3255 1118 3289 su
1141 3238 1230 3300 Simas
1257 3237 1313 3288 und
1336 3237 1376 3286 des
1401 3235 1458 3285 Cod.
1485 3232 1563 3284 Marc.
1582 3233 1613 3282 L.
1633 3231 1677 3282 IX.
1697 3230 1746 3281 138

61 3309 91 3366 p·
110 3304 172 3364 128,
191 3303 218 3354 in
235 3307 280 3356 der
296 3307 359 3358 Br'bl.
379 3308 511 3362 Marciam
528 3328 558 3362 su
582 3314 685 3380 Venedr'g
697 3313 726 3382 ¹).

826 3536 894 3612 Nr.
925 3539 987 3612 93.

67 3657 185 3742 Eugen
208 3659 276 3724 III
292 3661 410 3727 m'mmt
438 3663 493 3730 die
523 3665 798 3750 Kollegy'atkirclze
826 3689 887 3732 von
921 3667 1010 3732 Colle
1033 3666 1091 3749 (D.
1125 3663 1285 3748 Volterra)
1310 3661 1345 3725 in
1374 3657 1606 3742 apostolischen
1629 3656 1748 3722 Schuts

67 3748 140 3813 und
158 3749 311 3834 bestlr'trgv
339 3753 410 3818 ihre
435 3754 670 3822 Besitztlni'mer
689 3757 759 3822 und
779 3756 911 3838 Rechte‚
942 3759 1050 3838 wosiir
1060 3754 1210 3841 je'r’hrlich
1233 3755 1278 3816 12
1300 3747 1411 3816 Solidr'
1435 3769 1479 3812 an
1500 3747 1555 3812 die
1580 3746 1685 3811 Kurie
1706 3767 1747 3812 zu

742 3846 917 3912 entriclrten
939 3847 1019 3912 sind
1031 3847 1073 3933 ¹).

680 3965 763 4026 1149
785 3963 885 4028 Mlirn
902 3965 957 4027 20.
1012 3961 1146 4027 Viterbn

232 4093 397 4176 Eugenius
419 4097 603 4181 episcopus,
625 4117 738 4162 servus
761 4117 928 4162 servorum
953 4098 1016 4173 dei,
1038 4095 1166 4160 dilectis
1189 4092 1263 4158 filiis
1286 4090 1438 4175 Rogerio,
1470 4085 1746 4170 archipresbitero

69 4178 178 4262 plebis
201 4180 246 4246 de
268 4183 356 4262 Elsa,
386 4187 520 4270 eiusque
543 4187 703 4264 fratribus,
732 4195 800 4251 tam
825 4187 1031 4270 presentibus
1055 4205 1153 4267 quam
1176 4182 1300 4259 futuris,
1331 4195 1369 4246 IN
1392 4191 1471 4243 PPM.
1493 4213 1538 4224 -
1558 4178 1562 4258 Ι
1584 4174 1747 4258 Quotiens

68 4267 151 4331 illud
183 4272 322 4336 anobis
351 4278 480 4358 petitur,
511 4278 602 4358 quod
634 4277 750 4342 rationi
781 4285 814 4340 et
844 4275 1007 4341 honestati
1037 4275 1215 4339 convenire
1244 4272 1386 4347 videtur,
1417 4271 1527 4333 animo
1559 4286 1620 4329 nos
1652 4266 1749 4329 decet

70 4357 187 4422 libenti
218 4363 400 4430 concedere
432 4375 466 4430 et
492 4367 674 4450 petentium
705 4367 872 4430 desideriis
900 4386 1079 4450 congruum
1111 4362 1271 4446 impertiri
1301 4359 1498 4442 suffragium.
1551 4357 1747 4438 Eapropter,

70 4447 183 4512 dilecti
203 4445 211 4534 Ι
229 4451 261 4514 in
275 4451 411 4519 domino
426 4454 492 4534 filii,
511 4459 628 4521 vestris
643 4458 736 4521 iustis
751 4456 1028 4540 postulationibus
1044 4455 1222 4519 clementer
1241 4451 1411 4515 annuimus
1427 4457 1461 4512 et
1475 4446 1747 4531 predecessorum

70 4545 272 4618 nostrorum,
302 4542 404 4608 felicis
433 4546 589 4610 memorie
612 4548 779 4610 PASCALIS
802 4553 902 4628 atque
925 4544 1077 4622 GELAsn,
1108 4543 1334 4606 Romanorum
1358 4537 1560 4623 pontificum,
1590 4533 1749 4617 vesltigiis

70 4625 267 4707 inherentes,
290 4642 432 4700 vestram
455 4635 545 4700 beati
561 4635 706 4700 Faustini
729 4655 786 4700 seu
810 4634 900 4699 beati
922 4633 1073 4698 iohannis
1095 4632 1279 4707 ecclesiam,
1302 4629 1333 4692 in
1357 4649 1422 4710 qua
1444 4626 1556 4690 divino
1573 4623 1749 4706 mancipati

71 4718 152 4780 estis
176 4717 344 4804 obsequio,
368 4745 442 4790 cum
466 4725 565 4809 plebe
587 4747 654 4802 sua,
678 4745 742 4808 que
765 4725 809 4788 de
824 4724 903 4789 Elsa
924 4724 1052 4801 dicitur,
1074 4723 1136 4787 sub
1151 4721 1240 4785 beati
1256 4719 1343 4783 Petri
1366 4725 1401 4782 et
1416 4722 1527 4780 nostra
1543 4712 1750 4797 protectione

71 4808 270 4890 suscipimus
301 4820 336 4876 et
365 4815 525 4898 presentis
555 4815 668 4900 scripti
699 4814 871 4898 privilegio
901 4813 1149 4878 communimus.
1197 4808 1306 4892 Quam
1336 4805 1489 4872 videlicet
1516 4803 1687 4868 ecclesiam
1715 4809 1750 4864 et

71 4895 208 4978 plebem
231 4903 416 4968 universam
438 4925 482 4970 ex
504 4906 628 4986 antiqui
656 4905 731 4968 iuris
758 4905 968 4988 possessione
997 4909 1126 4967 constat
1154 4897 1370 4984 proprietaria
1401 4897 1528 4960 ditione
1559 4893 1602 4956 ad
1634 4890 1749 4955 sedern

72 4987 292 5071 apostolicam
324 5001 358 5057 et
380 4994 564 5060 Romanam
595 4995 767 5059 ecclesiam
792 4995 963 5078 pertinere.
1008 4990 1197 5057 Statuentes
1220 4990 1340 5069 itaque,
1368 4993 1404 5050 ut
1426 5001 1650 5067 quascumque
1673 5001 1750 5066 pos·

72 5078 245 5156 sessiones,
268 5100 476 5166 quecumque
500 5085 590 5149 bona
612 5085 644 5148 in
668 5087 905 5167 presentiarum
930 5086 1013 5148 iuste
1037 5090 1071 5145 et
1092 5081 1252 5145 canonice
1271 5075 1456 5160 possidetis
1479 5081 1535 5139 aut
1549 5073 1581 5136 in
1606 5071 1748 5135 futurum

73 5169 286 5234 concessione
308 5173 513 5254 pontificum,
537 5174 709 5258 largitione
733 5170 859 5260 re[gum
882 5167 945 5260 vel]
970 5173 1164 5256 principum,
1196 5167 1362 5232 oblatione
1385 5163 1539 5240 fidelium,
1568 5182 1625 5226 seu
1648 5162 1748 5224 etiam

73 5255 146 5319 aliis
173 5257 263 5322 iustis
292 5263 399 5325 modis
430 5264 496 5328 deo
527 5265 674 5348 propitio
705 5264 853 5347 poteritis
881 5264 1029 5346 adipisci,
1060 5260 1152 5324 firma
1175 5259 1271 5322 vobis
1298 5255 1479 5335 vestrisque
1506 5248 1750 5316 successoribus

74 5353 107 5409 et
130 5345 258 5412 illibata
279 5360 501 5432 permaneant.
539 5351 575 5416 ln
600 5352 718 5436 quibus
741 5352 803 5416 hec
817 5353 958 5435 propriis
974 5352 1129 5415 duximus
1144 5345 1361 5432 exprimenda
1376 5342 1561 5412 vocabulis:
1585 5338 1748 5423 capellam

73 5438 178 5500 sancti
191 5433 393 5572 Mi[.chaelis],
418 5446 560 5527 positam
577 5444 668 5507 iuxta
684 5437 816 5506 fluvium
836 5442 865 5520 ²)
887 5438 982 5518 Unci,
1005 5460 1080 5505 cum
1095 5437 1298 5524 pertinentiis
1316 5435 1347 5516 b)
1370 5437 1445 5512 suis,
1468 5430 1628 5515 capellam
1644 5429 1749 5492 sancti

75 5521 280 5614 Martia[ni.],
312 5532 451 5615 positam
483 5535 516 5598 ln
545 5533 652 5616 burgo
682 5532 761 5596 Else
780 5533 817 5612 ο),
848 5549 922 5594 cum
954 5529 1154 5614 pertinentiis
1185 5529 1268 5606 suis,
1299 5525 1460 5610 capellam
1490 5528 1604 5587 sancte
1636 5519 1750 5595 Marie,

236 5694 262 5758 ι)
282 5692 295 5742 l
303 5695 502 5758 ausRasrrrwn
519 5696 624 5746 andem
635 5694 710 5744 Diale
781 5693 809 5762 b)
828 5709 874 5759 per
890 5710 939 5743 von
955 5691 1058 5742 mederer
1068 5689 1145 5741 Dinte
1214 5691 1239 5756 c)
1257 5685 1381 5738 ibenheim
1397 5685 1547 5752 mrfRasur.
1562 5683 1660 5747 -..1)
1680 5679 1750 5728 Nach

75 5769 282 5830 Rutenorum,
303 5765 430 5832 Papsrurk.
451 5769 477 5818 S.
497 5769 540 5819 38.
613 5769 640 5834 a)
665 5765 740 5832 Vergl.
759 5765 797 5815 die
817 5766 877 5816 Urk.
896 5783 944 5816 von
964 5765 1135 5814 1119—1124
1152 5762 1207 5811 und
1221 5777 1276 5810 vom
1294 5763 1310 5809 7
1330 5759 1458 5808 December
1478 5757 1552 5806 1153.
