4142 6366
1680 335 1744 402 239

63 509 198 572 moneri
230 517 292 572 etc.
344 509 406 572 Per
436 509 551 572 iterata
580 507 677 571 vobis
707 509 831 591 scripta
860 509 1074 592 precipiendo
1113 508 1324 584 mandamus,
1365 519 1525 592 quatenus
1562 521 1745 574 memorato

62 599 323 681 archiepiscopo
340 594 447 682 sic(ut)
463 598 593 680 primati
610 609 728 672 vestro,
752 599 1014 661 contradictione
1030 610 1063 661 et
1079 599 1302 680 appellatione
1318 606 1473 674 cessante,
1498 599 1645 662 debitam
1668 601 1745 663 obe·

63 689 231 750 dientiam
270 698 303 750 et
333 689 547 750 reverentiam
578 688 662 749 intra
693 687 775 749 duos
807 708 935 751 menses
966 698 1043 770 post
1073 686 1188 750 harum
1219 690 1460 769 susceptionem
1491 690 1683 769 promittere
1714 698 1747 752 et

62 777 230 842 exhibere
254 777 381 839 curctis.
405 811 449 821 —
471 774 594 838 Datum
617 775 780 858 Anagnie,
804 791 855 839 1111
878 776 953 840 Kal.
978 777 1097 840 Martii.

232 891 357 955 Abrchrrfl
373 891 413 940 des
434 890 491 940 cod.
515 890 541 939 C.
560 890 593 938 23
604 890 656 952 sol.
676 891 734 949 82¹²,
754 892 780 939 in
799 891 843 940 der
860 891 922 940 Br'hl.
947 891 1111 939 Vallicelliana
1128 907 1158 939 m
1176 893 1244 939 Rom.

231 963 305 1011 Dm
331 963 361 1010 is!
380 962 499 1014 benurkt:
523 962 552 1010 ln
577 961 682 1025 registro
701 963 837 1012 Alexandri
855 962 899 1011 111.
920 989 953 1000 ·-
975 961 1058 1028 Obr'ges
1074 963 1106 1011 r'st
1130 963 1167 1010 dr'e
1188 961 1352 1028 vorn'clrdgere
1376 963 1510 1029 Datr'nmg,
1533 963 1679 1030 wenngleich
1704 965 1748 1012 das

62 1034 145 1083 Breve
163 1033 305 1084 schwerdik
322 1049 368 1083 ver
387 1037 559 1082 1174-1170
577 1036 681 1084 creussen
699 1034 736 1083 r'st.

815 1426 882 1501 Nr.
911 1429 999 1500 240.

61 1555 260 1621 Alexander
274 1557 339 1621 III
357 1553 475 1620 neinmt
495 1555 549 1622 die
568 1555 690 1622 Kirche
705 1556 774 1621 San
789 1556 911 1622 Sauene
933 1556 973 1622 dr'
984 1559 1143 1622 Piacenza
1167 1558 1201 1620 in
1215 1557 1445 1640 apostolischen
1461 1557 1577 1622 Schutz
1597 1560 1666 1622 und
1677 1581 1747 1624 ver-

62 1646 173 1724 bietet,
198 1646 278 1710 dass
298 1629 379 1710 fane
403 1647 473 1710 ihre
497 1647 567 1711 und
588 1648 646 1711 des
661 1645 960 1730 Sprengelbischoss
975 1647 1171 1711 Erlaubniss
1188 1645 1330 1711 Kirchen
1351 1649 1421 1711 und
1441 1649 1620 1712 Bethduser
1643 1651 1748 1713 inner-

503 1737 579 1800 halb
597 1737 689 1801 ihrer
705 1734 851 1799 Greneen
866 1737 1019 1801 erriclttet
1031 1738 1162 1800 werden
1177 1736 1308 1814 durfen.

634 1879 880 1964 (arco-flas
902 1878 978 1941 Mat
994 1881 1022 1940 r.
1049 1877 1190 1960 anagni.

231 2020 423 2086 Alexander
438 2023 623 2105 episcopus,
647 2042 758 2086 servus
773 2041 939 2084 servorum
958 2021 1020 2095 dei,
1046 2012 1171 2084 dilectis
1188 2020 1269 2098 liliis,
1294 2021 1406 2086 abbati
1430 2032 1463 2085 et
1479 2022 1628 2086 iratribus
1644 2027 1748 2088 sancti

62 2111 194 2184 Savini,
224 2112 362 2174 salutem
386 2123 420 2175 et
441 2113 661 2194 apostolicam
684 2111 960 2174 benedictionem.
1008 2109 1082 2190 Que
1106 2132 1125 2172 a
1148 2111 1242 2174 nobis
1265 2111 1502 2174 rationabiliter
1534 2113 1747 2193 postulantur,

62 2201 211 2264 libenter
233 2201 433 2266 admittimus
465 2212 498 2264 et
531 2202 647 2264 effectu
676 2211 898 2282 prosequente
922 2199 1148 2281 adimplemus.
1195 2201 1389 2283 Eapropter,
1421 2200 1530 2263 dilecti
1554 2203 1587 2263 in
1612 2203 1748 2266 domino

63 2289 135 2364 filii,
161 2290 347 2352 rationabili
371 2291 584 2373 postulationi
608 2302 715 2353 vestre
739 2300 927 2364 annuentes,
951 2290 1194 2365 monasterium,
1219 2291 1251 2352 in
1276 2311 1342 2372 quo
1367 2291 1477 2352 divino
1494 2292 1571 2353 estis
1587 2291 1749 2373 obsequio

63 2381 259 2460 mancipati,
283 2400 358 2442 cum
382 2381 544 2455 omnibus
569 2380 688 2460 quein
714 2379 950 2461 presentiarum
975 2379 1057 2440 iuste
1080 2387 1113 2441 et
1133 2381 1290 2441 canonice
1306 2380 1455 2461 possidet
1478 2391 1534 2442 aut
1550 2381 1581 2442 in
1607 2381 1748 2445 futurum

64 2471 162 2532 iustis
187 2468 304 2545 modis,
336 2478 505 2550 prestante
528 2469 675 2545 domino,
706 2470 828 2551 poterit
852 2469 999 2549 adipisci,
1029 2467 1090 2530 sub
1119 2465 1206 2531 beati
1229 2468 1314 2531 Petri
1345 2479 1379 2531 et
1408 2479 1519 2531 nostra
1541 2473 1747 2551 protectione

62 2559 265 2640 suscipimus
296 2569 330 2622 et
358 2560 520 2641 presentis
547 2559 659 2641 scripti
684 2557 869 2640 patrocinio
900 2557 1147 2620 communimus.
1194 2556 1391 2633 Statuentes,
1423 2567 1458 2620 ut
1489 2559 1610 2621 nemini
1642 2560 1745 2638 liceat,

64 2649 154 2710 infra
177 2649 334 2711 terminos
357 2648 586 2730 parochiarum
601 2656 781 2710 vestrarum
797 2647 940 2728 capellas
956 2646 1007 2708 vel
1023 2647 1166 2708 oratoria
1180 2648 1250 2710 sine
1265 2666 1398 2710 assensu
1415 2647 1582 2711 diocesani
1599 2649 1747 2732 episcopi

63 2749 101 2800 et
125 2748 236 2800 vestro
261 2737 302 2800 de
326 2759 414 2801 novo
443 2747 639 2813 construere,
671 2737 768 2800 salvis
790 2735 969 2819 privilegiis
991 2736 1142 2798 Romane
1166 2736 1309 2799 ecclesie.
1355 2737 1571 2800 Decernimus
1594 2757 1682 2820 ergo,
1712 2751 1747 2802 ut

65 2827 148 2890 nulli
167 2826 303 2890 omnino
319 2827 490 2891 hominum
505 2826 610 2901 liceat,
627 2827 713 2890 hanc
729 2828 886 2909 paginam
902 2836 1011 2888 nostre
1026 2826 1242 2906 protectionis
1258 2837 1291 2888 et
1307 2827 1549 2889 constitutionis
1573 2826 1747 2910 infringere

63 2916 121 2979 vel
145 2917 176 2978 ei
200 2917 404 2998 aliquatenus
428 2917 597 2981 contraire.
644 2915 678 2980 Si
704 2917 776 2997 quis
799 2927 908 2978 autem
924 2915 989 2976 hoc
1005 2921 1202 2994 attemptare
1217 2917 1460 2997 presumpserit,
1485 2916 1746 2996 indignationem

66 3006 311 3087 omnipotentis
334 3008 386 3070 dei
411 3016 444 3070 et
465 3007 639 3069 beatorum
655 3007 741 3068 Petri
758 3015 792 3067 et
806 3004 906 3080 Pauli,
931 3003 1159 3085 apostolorum
1182 3004 1258 3081 eius,
1282 3025 1317 3067 se
1334 3005 1462 3067 noverit
1478 3006 1686 3070 incursurum.
1701 3042 1746 3053 -

65 3095 147 3158 Dat.
171 3094 334 3178 Anagnie,
359 3098 445 3160 Non.
470 3095 583 3158 Madii.

231 3209 356 3275 Abscknfl
372 3225 428 3259 vom
448 3210 481 3258 13
502 3207 686 3274 Jammdme
705 3207 791 3269 (sutek
811 3207 872 3256 chres
899 3206 1038 3272 Cartalam)
1053 3208 1105 3271 sol.
1126 3210 1167 3266 17,
1193 3223 1239 3256 ares
1263 3207 1315 3256 dem
1334 3205 1466 3257 Nachlasse
1491 3207 1531 3256 des
1552 3207 1647 3273 Grasen
1673 3209 1746 3258 Pola-

65 3283 152 3342 sirellr,
171 3281 199 3333 r'rr
216 3282 261 3331 der
277 3283 340 3332 Br'bl.
363 3282 494 3331 commate
511 3297 541 3328 ru
560 3279 689 3330 Praetura.
1718 3287 1721 3292 “

814 3668 881 3745 Nr.
906 3674 995 3746 241.

64 3805 256 3872 Alexander
269 3805 336 3870 III
350 3803 504 3870 verbietet
524 3804 587 3867 der
607 3800 881 3887 Kollegiatkr'rche
900 3822 962 3865 von
984 3803 1135 3865 Mortara
1158 3801 1217 3883 (D.
1234 3803 1370 3887 Pania),
1393 3802 1454 3866 der
1466 3800 1665 3868 Domkr'rclre
1685 3824 1747 3869 von

515 3891 628 3956 Genua
644 3892 701 3956 ihr
713 3891 905 3957 zusteltende
921 3891 1063 3956 Zehnten
1077 3912 1117 3955 eu
1133 3891 1304 3956 entzielren.

633 4036 877 4121 (noo-mro
892 4034 1011 4098 Maia
1041 4029 1179 4115 Anagmt

229 4179 423 4243 Alexander
444 4179 630 4262 episcopus,
653 4197 764 4240 servus
786 4196 953 4239 servomm
977 4176 1040 4251 dei,
1063 4175 1191 4240 dilectis
1213 4177 1295 4252 filiis,
1325 4178 1496 4259 preposito
1521 4185 1554 4242 et
1579 4179 1746 4242 canonicis

66 4270 343 4335 Mortariensibus
360 4268 392 4352 ¹),
424 4269 562 4331 salutem
601 4276 635 4330 et
664 4267 880 4349 apostolicam
909 4266 1184 4328 benedictionem.
1237 4266 1328 4331 Sicut
1359 4267 1509 4330 volumus
1538 4267 1649 4340 vobis,
1681 4287 1746 4350 que

66 4360 236 4424 beneficio
259 4359 503 4442 privilegiorum
517 4359 667 4420 Romane
691 4355 827 4419 ecclesie
851 4355 1016 4430 obtinetis,
1041 4355 1167 4436 integra
1183 4364 1216 4418 et
1240 4357 1351 4437 quieta
1374 4356 1502 4432 dimitti,
1527 4357 1572 4419 ita
1596 4357 1745 4420 nolumus

66 4451 239 4526 sustinere,
264 4459 299 4511 ut
321 4449 417 4510 vobis
439 4447 644 4528 aliquatenus
667 4446 838 4527 usurpetis,
863 4465 927 4525 que
951 4443 1098 4526 religioni
1124 4455 1230 4507 vestre
1246 4455 1321 4508 sunt
1341 4455 1374 4508 et
1396 4445 1559 4508 honestati
1584 4447 1746 4508 contraria

67 4549 193 4622 etque
224 4537 349 4601 advos
380 4536 469 4599 nullo
500 4537 586 4598 iusto
617 4535 712 4598 titulo
745 4535 907 4617 pertinere
938 4544 1123 4596 noscuntur.
1169 4534 1250 4596 Inde
1280 4544 1337 4610 est,
1368 4535 1458 4614 quod
1481 4555 1542 4616 per
1562 4535 1746 4616 apostolica

66 4629 167 4693 vobis
190 4628 314 4708 scripta
335 4627 435 4688 artius
457 4625 680 4707 prohibemus,
705 4644 746 4686 ne
770 4624 811 4686 de
835 4624 935 4699 terris,
960 4643 1041 4705 quas
1064 4624 1205 4705 propriis
1229 4624 1379 4686 manibus
1403 4634 1458 4686 aut
1477 4624 1662 4686 sumbtibus
1678 4644 1744 4686 non

68 4719 178 4782 colitis
208 4716 307 4779 etde
336 4715 455 4796 quibus
485 4714 751 4795 archiepiscopus
774 4713 941 4774 Ianuensis
972 4722 1005 4774 et
1039 4713 1176 4774 ecclesia
1201 4733 1259 4775 sua
1282 4712 1445 4774 decimam
1475 4714 1643 4776 consuevit
1673 4733 1743 4794 per-

68 4809 190 4890 cipere,
225 4805 333 4869 cidem
357 4803 608 4886 archiepiscopo
641 4811 674 4864 et
696 4802 832 4865 ecclesie
855 4801 1003 4865 Ianuensi
1036 4802 1180 4863 decimas
1204 4802 1332 4864 debitas
1355 4801 1567 4878 subtrahatis,
1600 4801 1658 4864 sed
1689 4821 1745 4864 eas

67 4897 132 4960 sibi
156 4897 284 4977 integre
307 4901 341 4956 ct
367 4895 437 4957 sine
461 4891 721 4956 contradictione
745 4891 887 4966 solvatis,
912 4890 1001 4971 quod
1025 4891 1050 4953 si
1075 4890 1158 4952 forte
1193 4890 1319 4963 eidem,
1351 4911 1416 4972 que
1449 4890 1544 4954 vobis
1567 4909 1632 4952 non
1657 4910 1744 4953 com·

68 4995 198 5069 petunt,
221 4983 484 5067 presumpseritis
508 4981 678 5064 denegare,
709 4983 823 5044 timere
854 4980 1011 5061 poteritis,
1043 4999 1083 5042 ne
1107 4999 1154 5056 ea,
1187 4999 1250 5060 que
1282 4978 1322 5041 de
1351 4981 1457 5062 gratia
1488 4990 1521 5042 et
1551 4979 1745 5043 liberalitate

68 5074 158 5138 sedis
182 5073 366 5156 apostolice
389 5070 510 5134 habere
533 5071 714 5144 noscimini,
737 5071 867 5152 penitus
890 5070 1056 5131 amittatis.
1079 5103 1123 5114 —
1146 5069 1222 5131 Dat.
1242 5066 1403 5149 Anagnic,
1426 5083 1477 5132 vn
1499 5069 1574 5132 Idus
1598 5069 1710 5132 Madii.

230 5186 355 5253 Absctn‘fr
372 5187 416 5236 der
433 5185 538 5240 Mrlrcell.
557 5185 584 5234 di
600 5185 664 5234 Stor.
683 5183 739 5248 Lr'g.
765 5183 790 5232 V
799 5191 824 5248 p.
843 5184 904 5243 26⁴,
923 5185 950 5235 ἐκ
968 5185 1012 5234 der
1028 5185 1090 5235 Bibl.
1113 5182 1194 5233 Civica
1210 5199 1241 5232 au
1263 5183 1357 5236 Gmca.

233 5419 259 5482 ι)
280 5415 407 5479 Monam,
426 5425 497 5482 prov.
520 5417 547 5466 di
565 5416 655 5476 Pavia,
680 5413 783 5464 rr‘rcond¹
803 5412 831 5462 di
847 5413 990 5464 Lemellr'sru.
1027 5414 1079 5464 Er'n
1095 5413 1201 5480 wenigrr
1217 5413 1370 5464 bedmtmdes
1388 5413 1517 5474 Mortarr'a,
1546 5414 1616 5464 Fran.
1634 5414 1677 5464 del
1690 5431 1741 5464 com

70 5489 310 5613 pwlgmffilpm.
329 5491 356 5540 a·
377 5489 474 5540 rorare.
517 5489 596 5556 Vaga.
613 5489 677 5538 auct
694 5485 764 5536 Hor.
791 5484 859 5536 Patr.
879 5485 947 5536 Mon.
975 5485 1058 5538 chart.
1076 5487 1108 5536 11
1115 5495 1143 5552 p.
1163 5489 1223 5546 aar,
1253 5487 1329 5545 10⁶0,
1355 5487 1433 5546 1074,
1461 5487 1538 5546 rora,
1564 5488 1638 5546 1117,
1666 5489 1742 5546 1188,

140 5597 148 5623 ,
245 5597 252 5612 .
