4090 6358
321 311 362 392 78

320 499 380 563 tibi
417 499 547 581 tuisque
577 499 818 564 successoribus
848 506 881 564 et
913 520 972 582 per
1001 522 1062 564 vos
1092 500 1229 590 §eclesie
1251 502 1368 590 Pisane
1397 501 1559 564 concessit
1588 510 1621 564 et
1652 499 1901 584 metropolitico
1935 497 2001 561 iure

318 589 466 653 subiecit.
513 590 585 655 Nos
608 591 726 671 itaque,
752 591 806 672 qui
830 591 864 653 in
886 591 973 654 sedis
997 592 1179 673 apostolice
1203 592 1505 668 amministratione,
1529 591 1606 654 licet
1628 589 1763 672 indigni,
1796 590 2000 672 disponente

319 679 464 755 domino,
488 679 550 742 sibi
574 680 796 756 successimus,
825 680 966 744 eandem
989 683 1237 745 concessionem
1271 681 1465 745 auctoritate
1488 680 1672 763 apostolica
1703 679 1944 744 confirmamus
1971 687 2001 742 et

319 779 423 832 ratam
454 788 586 832 manere
617 789 795 834 censemus,
848 770 1005 833 Eiusdem
1037 791 1170 854 quoque
1204 771 1445 854 predecessoris
1485 771 1586 833 nostri
1617 769 1763 852 vestigiis
1801 769 2000 842 inherentes,

318 879 379 922 vos
408 859 567 942 primatus
596 859 722 922 honore
757 879 856 942 super
884 859 1092 924 Turritanam
1123 863 1327 941 provinciam
1358 861 1560 924 decoramus.
1613 860 1831 941 Legationem
1862 877 2001 940 quoque

319 945 486 1035 Sardiniq,
522 969 543 1010 a
572 949 804 1030 predecessore
835 959 948 1013 nostro
978 970 1068 1032 papa
1097 951 1250 1015 URBANO
1281 950 1568 1033 predecessoribus
1600 949 1663 1012 tuis
1695 968 1907 1024 concessam,
1943 947 2000 1010 tibi

318 1037 447 1119 tuisque
478 1038 719 1102 successoribus
751 1039 911 1120 presentis
941 1040 1053 1121 scripti
1083 1041 1205 1122 pagina
1232 1040 1434 1103 roboramus.
1480 1039 1633 1120 Denique
1666 1039 1699 1102 in
1722 1038 1842 1102 Pisana
1872 1037 2001 1112 civitas,

320 1146 382 1213 que
406 1127 517 1190 lavore
541 1128 669 1190 celestis
693 1128 834 1192 numinis
858 1128 899 1191 de
923 1128 1062 1192 inimicis
1086 1129 1259 1193 Christiani
1284 1130 1426 1193 nominis
1445 1129 1616 1192 victoriam
1641 1127 1828 1210 frequenter
1844 1126 2001 1211 optinuit,

319 1224 488 1280 eteorum
510 1217 607 1280 urbes
631 1217 787 1299 plurimas
810 1217 1004 1300 subiugavit,
1037 1219 1178 1300 amplius
1201 1218 1388 1296 honoretur,
1421 1239 1507 1301 equo
1531 1218 1608 1282 albo
1633 1237 1707 1281 cum
1730 1237 1836 1280 nacco
1860 1216 1946 1280 albo
1971 1215 2001 1277 iu

317 1307 583 1387 processionibus
607 1307 719 1370 utendi
743 1316 777 1370 et
800 1327 938 1384 crucem,
962 1307 1118 1371 vexillum
1141 1309 1265 1372 scilicet
1289 1309 1499 1384 dominicum,
1531 1329 1591 1390 per
1613 1307 1777 1371 subiectas
1800 1307 1902 1371 vobis
1927 1326 2000 1388 pro·

316 1394 441 1458 vincias
464 1397 628 1478 portandi,
652 1396 711 1459 tibi
736 1397 866 1478 tuisque
888 1398 1131 1460 successoribus
1154 1398 1320 1461 licentiam
1337 1399 1461 1461 damus.
1499 1397 1600 1461 Pallei
1617 1417 1749 1479 quoque
1765 1417 1860 1460 usum
1887 1395 2000 1458 srater·

318 1485 412 1548 nitati
436 1495 491 1572 tue
514 1486 734 1562 concedimus,
759 1496 794 1549 ut
816 1486 970 1550 videlicet
992 1507 1033 1549 eo
1048 1486 1229 1551 secundum
1245 1488 1516 1551 consuetudinem
1532 1487 1647 1575 Pisane
1668 1485 1805 1573 ecclesie
1821 1483 2001 1568 perfruaris

319 1583 351 1637 et
384 1575 416 1636 in
450 1575 751 1638 consecrationibus
783 1576 880 1639 trium
912 1577 1144 1659 episcoporum
1174 1578 1207 1640 in
1238 1577 1380 1653 Corsica,
1409 1576 1588 1640 Aleriensis
1611 1577 1742 1652 scilicet,
1765 1575 1946 1638 Aiacensis
1969 1583 2001 1636 et

318 1658 500 1745 Saguntini,
524 1685 563 1727 ac
586 1665 808 1747 predictorum
832 1666 969 1729 duorum
995 1668 1027 1729 in
1043 1665 1195 1730 Sardinia
1218 1677 1251 1730 et
1266 1667 1516 1749 Populoniensis
1537 1666 1694 1748 episcopi,
1719 1685 1860 1747 quorum
1876 1673 1998 1728 metro·

318 1754 484 1834 politanus
514 1754 635 1817 existis
681 1753 716 1818 Si
748 1775 813 1836 qua
844 1756 940 1837 igitur
970 1756 1004 1820 in
1035 1767 1204 1839 posterum
1240 1757 1460 1843 ecclesiastica
1491 1755 1685 1819 secularisve
1717 1775 1868 1838 persona,
1903 1753 1999 1816 huius

318 1852 428 1906 nostre
452 1844 694 1906 constitutionis
725 1845 881 1926 paginam
904 1846 1019 1922 sciens,
1051 1857 1166 1909 contra
1196 1867 1268 1909 eam
1302 1855 1425 1910 temere
1452 1845 1563 1908 venire
1594 1845 1812 1926 temptaverit,
1846 1843 1998 1908 secundo

317 1933 455 1995 tertiove
479 1934 690 2009 commonita,
715 1934 775 1996 nisi
792 1936 1075 2017 presumptionem
1091 1955 1184 1998 suam
1200 1957 1344 2018 congrua
1360 1935 1592 1998 emendatione
1609 1935 1793 2010 correxerit,
1818 1932 1997 2016 potestatis

317 2021 518 2104 honorisque
548 2024 597 2086 sui
635 2023 794 2105 dignitate
833 2035 942 2087 careat
981 2019 1161 2110 rleamque]
1193 2046 1229 2088 se
1260 2026 1371 2089 divino
1403 2025 1524 2088 iudicio
1560 2025 1701 2087 existere
1732 2023 1773 2086 de
1804 2031 1998 2105 perpetrata

317 2111 488 2193 iniquitate
512 2123 701 2194 cognoscat,
726 2123 759 2176 et
781 2133 801 2174 a
823 2115 1042 2178 sacratissimo
1067 2134 1206 2196 corpore
1229 2135 1268 2178 ac
1290 2115 1449 2196 sanguine
1473 2115 1526 2177 dei
1550 2123 1583 2177 et
1607 2113 1741 2190 domini,
1775 2111 1996 2196 redemptoris

318 2202 419 2262 nostri
450 2202 521 2264 Iesu
545 2201 672 2277 Christi,
698 2201 804 2264 aliena
831 2202 896 2278 fiat,
928 2214 1028 2285 atque
1060 2206 1092 2267 in
1116 2213 1265 2268 extremo
1289 2205 1441 2266 examine
1472 2204 1617 2267 districte
1641 2203 1756 2266 ultioni
1779 2203 1962 2265 subiaceat.
1989 2195 1993 2280 Ι

318 2288 451 2353 Cunctis
475 2301 593 2367 autem,
623 2292 684 2377 hec
707 2292 753 2354 ita
775 2293 989 2370 servantibus,
1019 2294 1061 2357 sit
1084 2314 1152 2376 pax
1176 2294 1299 2359 domini
1324 2295 1426 2356 nostri
1449 2293 1522 2356 Iesu
1545 2291 1674 2370 Christi,
1708 2292 1861 2374 quatinus
1884 2289 1995 2353 ethic

317 2379 456 2442 fructum
479 2381 569 2444 bone
600 2381 737 2444 actionis
767 2382 951 2464 percipiant
981 2393 1014 2446 et
1043 2383 1132 2465 apud
1157 2383 1339 2447 districtum
1367 2383 1508 2446 iudicem
1538 2382 1665 2465 premia
1696 2391 1808 2470 eterne
1831 2381 1927 2463 pacis
1951 2379 1994 2441 in·

316 2469 459 2534 veniant.
505 2470 582 2533 Am.
606 2469 683 2534 Am.
707 2469 826 2534 Amen.

530 2557 592 2641 (R)
615 2558 688 2642 Ego
711 2561 877 2641 Eugenius
902 2559 1063 2648 catholice
1086 2561 1222 2647 ecclesie
1245 2561 1423 2643 episcopus
1446 2581 1487 2623 ss.
1513 2557 1580 2643 (M)

530 2645 551 2732 ’s
573 2650 647 2731 Ego
672 2649 843 2713 Conradus
866 2649 1056 2713 Sabinensis
1080 2651 1257 2732 episcopus
1279 2671 1320 2713 ss.

530 2735 550 2821 †
574 2739 647 2820 Ego
671 2737 845 2802 Albericus
867 2739 1053 2802 Hostiensis
1077 2741 1253 2822 episcopus
1275 2761 1318 2803 ss.

530 2823 551 2910 ’s
573 2829 647 2910 Ego
671 2828 794 2892 imarus
817 2828 1020 2891 Tusculanus
1044 2830 1221 2911 episcopus
1243 2850 1284 2892 ss.
1309 2830 1361 2907 (8)

596 2915 616 3000 ’ν
639 2919 713 2999 Ego
736 2917 846 2981 Guido
870 2918 1033 3000 presbiter
1056 2918 1228 2981 cardinalis
1251 2919 1300 2981 tit.
1324 2917 1428 2981 sancti
1453 2916 1628 2998 Grisogoni
1653 2937 1693 2978 ss.

573 3008 646 3088 Ego
670 3007 844 3070 Hubaldus
866 3007 1029 3091 presbiter
1052 3008 1224 3070 cardinalis
1248 3009 1297 3072 tit.
1322 3017 1434 3070 sancte
1457 3006 1613 3070 Praxedis
1637 3025 1677 3068 ss.

572 3097 646 3179 Ego
670 3096 843 3159 Hubaldus
867 3097 1029 3178 presbiter
1052 3097 1225 3160 cardinalis
1248 3099 1295 3160 tit.
1319 3107 1506 3161 sanctorum
1529 3095 1684 3160 Iohannis
1707 3103 1741 3158 et
1763 3094 1853 3158 Pauli
1875 3115 1919 3158 ss.

573 3187 647 3268 Ego
671 3186 862 3249 Manlredus
884 3187 1047 3268 presbiter
1070 3187 1244 3250 cardinalis
1267 3188 1316 3250 tit.
1340 3197 1454 3250 sancte
1476 3185 1597 3249 Savine
1620 3205 1661 3248 ss.
1685 3181 1738 3269 (1)

572 3276 645 3358 Ego
669 3273 843 3339 Aribertus
865 3276 1029 3358 presbiter
1051 3277 1223 3340 cardinalis
1247 3277 1295 3340 tit.
1320 3287 1432 3340 sancte
1454 3275 1631 3340 Anastasie
1654 3295 1695 3337 ss.

572 3365 646 3447 Ego
669 3365 820 3430 Ubaldus
843 3366 1005 3448 presbiter
1028 3366 1200 3430 cardinalis
1222 3367 1271 3431 tit.
1295 3377 1407 3430 sancte
1431 3364 1543 3430 Crucis
1567 3365 1599 3427 in
1622 3363 1796 3428 Ierusalem
1820 3383 1861 3427 ss.

625 3475 646 3518 o
669 3455 854 3518 Bemardus
877 3456 1039 3537 presbiter
1061 3455 1235 3520 cardinalis
1258 3457 1306 3521 tit.
1330 3457 1434 3519 sancti
1459 3454 1637 3519 Clementis
1661 3475 1702 3517 ss.

572 3545 646 3627 Ego
669 3544 827 3609 Iordanus
850 3546 1012 3628 presbiter
1036 3545 1209 3609 cardinalis
1233 3547 1280 3610 tit.
1304 3554 1417 3610 sancte
1439 3545 1588 3609 Susanne
1612 3565 1653 3607 ss.
1677 3543 1724 3624 (2)

594 3631 615 3717 †
638 3634 712 3716 Ego
736 3634 837 3699 Oddo
862 3631 1020 3698 diaconus
1043 3635 1216 3698 cardinalis
1238 3636 1342 3699 sancti
1366 3635 1501 3717 Georgii
1525 3635 1568 3698 ad
1591 3633 1711 3698 Velum
1734 3627 1878 3718 aulreum
1902 3653 1943 3695 ss.

573 3725 647 3806 Ego
672 3724 782 3788 Guido
806 3725 964 3788 diaconus
987 3725 1161 3788 cardinalis
1184 3735 1372 3789 sanctorum
1396 3725 1517 3790 Cosme
1540 3735 1573 3788 et
1596 3723 1751 3787 Damiani
1775 3743 1816 3786 ss.

573 3814 647 3895 Ego
671 3814 872 3877 Octavianus
896 3814 1053 3877 diaconus
1076 3814 1249 3878 cardinalis
1272 3815 1376 3878 sancti
1400 3814 1529 3878 Nicolai
1558 3815 1590 3877 in
1621 3833 1749 3877 carcere
1771 3812 1927 3875 Tulliano
1949 3827 1985 3870 ss.

573 3902 645 3985 Ego
669 3897 831 3967 Rodulfus
855 3903 1012 3968 diaconus
1035 3904 1208 3967 cardinalis
1230 3914 1342 3968 sancte
1364 3904 1466 3968 Lucie
1490 3906 1521 3967 in
1544 3904 1647 3986 Septa
1669 3903 1748 3966 solis
1771 3923 1811 3966 ss·

529 3989 550 4072 i
572 3993 646 4075 Ego
669 3992 833 4057 lohannes
856 3992 1014 4056 diaconus
1037 3994 1210 4056 cardinalis
1232 4004 1344 4058 sancte
1369 3995 1472 4056 Marie
1495 3995 1591 4057 Nove
1614 4013 1655 4056 ss.

530 4078 550 4161 †
573 4082 647 4164 Ego
670 4081 830 4145 Astaldus
854 4083 1013 4145 diaconus
1036 4083 1209 4147 cardinalis
1231 4085 1335 4146 sancti
1358 4084 1520 4147 Eustathii
1544 4104 1585 4146 ss.
1609 4077 1656 4166 (1)

529 4167 549 4251 †
572 4172 645 4252 Ego
669 4171 830 4234 Berardus
855 4171 1012 4234 diaconus
1035 4172 1209 4236 cardinalis
1232 4183 1344 4261 sancte
1367 4175 1518 4258 Romane
1541 4172 1677 4260 ecclesie
1701 4191 1741 4234 ss.

529 4257 550 4341 †
573 4260 647 4341 Ego
671 4260 781 4324 Guido
805 4261 963 4324 diaconus
987 4262 1158 4325 cardinalis
1182 4273 1294 4349 sancte
1318 4263 1421 4349 Marie
1444 4263 1477 4324 in
1500 4262 1631 4325 Porticu
1653 4281 1696 4324 ss·

529 4345 549 4431 †
572 4350 646 4430 Ego
669 4350 782 4412 Petrus
806 4350 963 4414 diaconus
987 4351 1159 4414 cardinalis
1182 4363 1293 4440 sancte
1318 4352 1421 4439 Marie
1444 4352 1477 4415 in
1499 4351 1564 4415 Via
1587 4350 1654 4413 lata
1676 4370 1717 4412 ss.

529 4435 550 4521 †
573 4438 646 4520 Ego
671 4438 820 4503 Cinthius
843 4440 1000 4503 diaconus
1024 4441 1197 4504 cardinalis
1219 4451 1407 4504 sanctorum
1429 4441 1534 4523 Sergii
1558 4451 1593 4504 et
1615 4439 1717 4503 Bachi
1741 4458 1782 4500 ss

475 4525 551 4590 Dat.
575 4528 712 4604 Viterbi,
736 4549 796 4609 per
818 4549 950 4592 manum
966 4529 1134 4606 Romami,
1158 4541 1270 4617 sancte
1286 4533 1437 4619 Romane
1461 4531 1596 4618 ecclesie
1619 4527 1791 4612 presbiteri
1816 4521 1984 4588 cardinalis

315 4624 349 4678 et
371 4614 564 4679 cancellarii.
602 4633 653 4677 1111
668 4616 722 4680 Kl.
746 4617 812 4681 Iun.
851 4619 1033 4682 indictione
1049 4637 1131 4682 vnn.
1169 4621 1404 4683 lncamationis
1428 4621 1592 4708 dominice
1616 4639 1703 4682 anno
1728 4629 1861 4680 MCXLV.
1908 4613 1983 4676 Pou-

316 4704 456 4767 tificatus
478 4726 557 4768 vero
581 4707 694 4769 domni
718 4705 872 4771 EUGENH
895 4725 933 4769 111
956 4729 1013 4791 pp.
1038 4729 1125 4772 anno
1149 4710 1303 4797 secundo.
1327 4744 1372 4755 —

478 4819 522 4870 Or.
541 4818 604 4883 (Arri
620 4820 701 4888 Pulc)
719 4821 753 4871 r'm
771 4821 884 4871 Archim'o
901 4823 928 4871 dr'
944 4823 1012 4873 Stato
1028 4839 1058 4872 ru
1077 4822 1155 4882 Pisa;
1171 4823 1227 4872 und
1239 4823 1363 4889 Abschrist
1372 4823 1427 4873 XL.
1449 4825 1489 4884 19,
1508 4822 1535 4872 in
1552 4821 1596 4872 der
1611 4823 1675 4872 Bibl.
1692 4820 1828 4870 Barberr’m
1845 4837 1877 4868 ru
1893 4822 1960 4871 Rom.

477 4892 546 4958 Perg.
565 4893 625 4950 irat,
643 4893 678 4942 br.
699 4894 778 4953 0,505
797 4893 866 4952 (doch
884 4894 1055 4961 ursprr'tngliclr
1072 4895 1163 4954 brata,
1182 4911 1229 4944 von
1246 4895 1325 4944 beriirn
1337 4896 1523 4946 Seitmrundem
1539 4901 1613 4944 etruas
1631 4893 1822 4960 abgrsclmittrn),
1841 4895 1903 4958 lang
1921 4891 1983 4956 02⁶&

315 4961 487 5026 ursprr'ingliclr
512 4963 579 5012 nuh!
598 4967 696 5030 ltinger,
722 4965 766 5013 das
792 4965 991 5031 Umgcschlagene
1014 4966 1200 5033 abgeschm'tten,
1227 4967 1304 5016 durch
1322 4967 1379 5016 νυνὶ
1396 4968 1488 5016 L'o'cher
1500 4967 1563 5033 ging
1587 4966 1624 5016 die
1642 4965 1746 5024 διήκων,
1771 4965 1858 5014 welche
1875 4965 1922 5014 mi!
1938 4965 1983 5014 den

315 5032 440 5098 Bleiriegel
454 5037 569 5085 verlorcn.
605 5037 715 5102 Faltung
731 5037 775 5085 der
791 5037 888 5088 Bullm.
923 5038 1033 5087 Initrble:
1051 5037 1088 5086 Im
1107 5038 1204 5102 Kdrpcr
1220 5039 1329 5088 vmr'erte
1345 5039 1525 5099 Uncial-Form,
1545 5038 1657 5087 dahirrter
1673 5037 1706 5086 im
1724 5037 1881 5086 Vordmheile
1899 5033 1983 5102 doppel-

314 5103 398 5168 lim'ges
416 5121 439 5164 u,
458 5106 496 5154 dic
523 5107 687 5172 Gittcrsckn'st
708 5109 941 5174 verhd'ltnissmrt'sng
964 5110 1029 5159 dreit.
1068 5109 1226 5175 Verewrgung
1248 5111 1333 5160 besteht
1356 5128 1403 5160 aus
1425 5111 1568 5176 dicklr'nrgcn
1586 5109 1753 5169 Buchstabm,
1778 5108 1826 5158 Nr.
1853 5109 1887 5156 bh
1908 5109 1982 5158 Profl.

314 5175 532 5242 Ir'onscriptschn'ft
556 5179 650 5228 u'erlr'clr
676 5181 720 5229 mit
743 5181 837 5229 starker
860 5180 1061 5247 Worttrenmmg,
1089 5181 1126 5229 die
1151 5182 1231 5231 beiden
1251 5183 1411 5245 Papstnarnm
1430 5181 1502 5231 dorin
1529 5181 1732 5240 dreivterrelhock,
1759 5179 1901 5245 Majmkeln
1928 5177 1982 5232 naci

310 5262 416 5312 grassem
436 5247 520 5298 chk!
535 5250 732 5317 hervorgehobm,
760 5268 777 5316 g
801 5252 846 5300 mit
868 5252 1161 5314 Lirrkswr'ckrlsckndrkel,
1185 5253 1322 5302 er-Zcichm
1347 5254 1459 5304 tr'rorussrch
1477 5253 1532 5302 und
1547 5253 1734 5318 verschlungen,
1759 5251 1830 5312 dr'es,
1851 5253 1872 5301 n
1895 5255 1951 5303 ποιά
1963 5255 1983 5300 ct

311 5333 384 5385 gerne
401 5320 446 5368 mit
463 5321 749 5385 Spr'tum'ckelschn'o'rkeln
767 5323 886 5376 versehen.
921 5327 999 5374 Amen
1016 5326 1065 5374 Nr.
1080 5325 1104 5374 3.
1142 5327 1204 5374 Rota
1216 5325 1263 5374 Nr.
1280 5328 1302 5385 1,
1322 5325 1354 5373 im
1368 5325 1640 5386 Durchnusser0,063‚
1659 5325 1739 5374 deuon
1757 5325 1801 5374 der
1818 5325 1886 5390 iring
1903 5325 1982 5386 0,οη

314 5387 484 5456 Monogramm
502 5394 550 5445 Nr.
568 5398 607 5455 2¹,
633 5394 692 5443 luch
710 5397 796 5456 0,061,
824 5395 884 5444 brer‘t
901 5395 970 5455 0‚05.
1007 5396 1156 5460 Ringkrcuz,
1189 5397 1248 5446 Um·
1272 5396 1328 5446 und
1353 5397 1516 5463 Urucrschn'st
1537 5396 1605 5447 wohl
1621 5397 1711 5463 gleiche
1728 5396 1809 5445 Hand
1833 5399 1893 5445 und
1907 5399 1981 5454 Daue,

314 5461 372 5532 doch
395 5463 481 5514 kinnte
506 5465 543 5516 die
569 5465 705 5532 Umsrhn'st
727 5466 791 5516 auch
811 5482 859 5515 von
885 5467 929 5517 dtr
944 5467 1026 5517 Hand
1045 5467 1193 5530 herrtc'hrcn,
1219 5469 1255 5518 dic
1277 5468 1382 5519 Roberti
1406 5471 1433 5520 in
1458 5470 1500 5520 der
1517 5469 1646 5534 Datr'rung
1669 5469 1794 5534 nachlrug.
1833 5468 1981 5519 Scimmtlr'clc

315 5533 495 5607 Zeugmfimm
511 5538 615 5596 &anim
631 5554 679 5588 von
696 5537 761 5590 einer
771 5538 853 5588 Hand
863 5537 1011 5610 geschriebm
1027 5541 1093 5602 πίνη
1109 5542 1179 5592 selim
1196 5540 1300 5591 derelict
1316 5542 1394 5607 uigm
1410 5543 1448 5592 die
1464 5544 1545 5592 lemen
1562 5541 1627 5591 reclus
1644 5541 1781 5591 Kardimile
1795 5540 1886 5606 gleiche
1904 5539 1981 5592 Hand.

529 3004 550 3090 †

529 3092 550 3179 l

529 3182 550 3269 l

529 3277 549 3355 †

529 3361 549 3448 †

529 3451 549 3538 †

528 3540 549 3626 †

528 3720 550 3984 -ι-ι--ι-
527 3667 572 3680 Ι
