4126 6366
288 499 308 585 †
332 503 406 586 Ego
430 501 529 584 Hugo
553 501 715 586 presbiter
738 503 912 566 cardinalis
935 505 1038 567 sancti
1063 502 1173 567 Martii
1196 506 1244 567 tit.
1269 503 1390 585 Equitii
1415 523 1455 565 ss.
1479 499 1526 588 (2)

288 591 308 674 †
332 593 405 674 Ego
430 590 576 656 Cinthius
599 594 648 656 tit.
673 593 777 656 sancti
801 593 967 657 Laurentii
993 596 1023 656 in
1046 592 1169 656 Lucina
1192 592 1354 676 presbiter
1377 591 1548 656 cardinalis
1572 613 1613 655 ss.

288 681 308 764 †
332 683 405 763 Ego
429 679 600 745 Sofsredus
622 683 670 745 tit.
695 689 808 746 sancte
831 684 988 746 Praxedis
1012 682 1174 765 presbiter
1197 683 1370 746 cardinalis
1393 702 1436 744 ss.

287 769 307 852 †
332 771 406 854 Ego
429 772 616 835 Bernardus
639 773 744 834 sancti
760 772 846 835 Petri
864 773 905 834 ad
921 772 1060 835 Vincula
1084 771 1245 855 presbiter
1268 771 1441 834 cardinalis
1464 774 1513 835 tit.
1530 769 1683 835 Eudoxie
1706 793 1748 834 ss

288 858 307 943 †
331 859 405 942 Ego
428 861 598 924 Fidantius
622 861 672 922 tit.
696 861 799 923 sancti
823 861 970 925 Marcelli
995 860 1158 944 presbiter
1180 860 1352 924 cardinalis
1376 880 1418 923 ss.

287 985 330 998 -
354 949 374 1032 †
398 949 472 1031 Ego
497 945 669 1013 Gratianus
692 957 879 1014 sanctorum
904 951 1025 1016 Cosme
1049 962 1082 1014 et
1105 950 1257 1013 Damiani
1280 951 1437 1013 diaconus
1461 949 1632 1013 cardinalis
1655 970 1697 1012 ss.

288 1037 307 1122 †
331 1038 405 1120 Ego
430 1037 605 1121 Gregorius
629 1046 741 1103 sancte
765 1041 870 1103 Marie
891 1041 923 1102 in
947 1039 1078 1103 Porticu
1103 1040 1262 1103 diaconus
1285 1039 1455 1102 cardinalis
1477 1059 1518 1101 ss.

287 1125 307 1208 †
331 1128 405 1210 Ego
429 1124 608 1210 Gregorius
631 1122 744 1192 san'cte
768 1129 871 1192 Marie
894 1131 925 1192 in
950 1129 1078 1210 Aquiro
1101 1129 1258 1192 diaconus
1283 1128 1453 1191 cardinalis
1476 1149 1517 1190 ss.

287 1215 307 1298 †
331 1219 404 1300 Ego
429 1217 605 1300 Gregorius
629 1219 732 1281 sancti
757 1216 888 1301 Georgii
912 1221 955 1282 ad
978 1218 1097 1283 Velum
1122 1239 1255 1281 aureum
1280 1218 1436 1281 diaconus
1460 1215 1630 1280 cardinalis
1653 1237 1694 1277 ss.

287 1305 307 1388 †
330 1306 404 1389 Ego
427 1307 580 1370 Lotarius
603 1316 790 1370 sanctorum
815 1306 921 1390 Sergii
944 1315 977 1371 et
1000 1306 1100 1371 Bachi
1123 1309 1281 1370 diaconus
1304 1306 1475 1370 cardinalis
1497 1327 1539 1370 ss.

287 1395 307 1478 †
331 1397 404 1478 Ego
428 1397 543 1459 Petrus
564 1403 677 1459 sancte
700 1398 803 1460 Marie
826 1400 858 1460 in
881 1397 943 1460 Via
966 1397 1031 1460 lata
1054 1398 1212 1460 diaconus
1236 1396 1404 1460 cardinalis
1427 1416 1468 1458 ss.
1491 1392 1535 1478 (5)

234 1483 310 1547 Dat.
333 1485 440 1548 Rome
463 1487 551 1567 apud
575 1493 724 1548 sanctum
748 1486 889 1560 Petrum,
913 1507 973 1569 per
996 1497 1129 1549 manum
1145 1487 1262 1568 Egidii,
1286 1487 1388 1549 sancti
1408 1484 1538 1548 Nicolai
1563 1487 1594 1548 in
1618 1503 1749 1547 carcere

70 1573 225 1636 Tulliano
257 1576 386 1638 diaconi
417 1574 596 1638 cardinalis.
651 1589 691 1638 111
721 1575 806 1640 Non.
839 1577 931 1640 Iunii.
981 1576 1167 1639 Indictione
1199 1591 1259 1639 ΧΠ.
1311 1574 1546 1638 incarnationis
1585 1573 1748 1637 dominice

70 1683 158 1726 anno
182 1673 343 1729 MCxcnll.
388 1663 598 1728 Pontificatus
622 1685 701 1728 vero
726 1665 839 1730 domni
866 1664 1055 1728 CELESTINI
1079 1687 1134 1748 pp.
1158 1667 1243 1728 tertii
1266 1685 1353 1727 anno
1376 1672 1503 1744 quarto.
1526 1699 1570 1709 —

236 1778 279 1827 Or.
299 1776 391 1846 (Bmta
409 1777 454 1827 XI
465 1778 512 1828 Nr.
531 1781 577 1840 87)
596 1780 652 1829 und
671 1779 726 1844 Cep.
745 1797 764 1829 s.
784 1780 854 1829 XIV
866 1781 905 1830 des
922 1780 996 1829 Libro
1014 1781 1077 1830 della
1099 1780 1169 1830 Croce
1183 1787 1209 1844 p.
1230 1782 1254 1839 3,
1273 1779 1306 1829 im
1324 1780 1397 1829 Arch.
1416 1778 1587 1828 Arabescovile
1609 1794 1640 1826 au
1656 1779 1749 1833 Lucra,

235 1849 304 1915 Perg.
323 1849 382 1910 rint,
400 1850 436 1900 br.
456 1852 543 1910 0,οι5,
561 1853 622 1916 lang
638 1853 707 1914 0,78,
726 1859 801 1901 unten
819 1853 898 1912 0‚024
917 1854 1107 1918 umgesclrlagen,
1132 1851 1210 1901 durch
1233 1852 1291 1900 ewer'
1307 1852 1399 1901 L‘o'clrer
1416 1851 1475 1915 gelet
1490 1850 1528 1900 die
1545 1865 1599 1899 rosa
1616 1851 1673 1899 und
1683 1850 1749 1915 gelbe

70 1920 258 1982 Seiderrsclreeur,
276 1923 349 1971 deren
368 1921 493 1988 Bler'sr'egel
512 1924 628 1983 verlerm,
648 1923 757 1987 Fallung
780 1923 825 1972 der
842 1925 938 1974 Bullen.
976 1923 1024 1973 Die
1054 1924 1210 1989 Verewr'gaeng
1231 1923 1299 1972 meist
1315 1925 1403 1982 0205,
1430 1921 1567 1988 Rr‘ergkreur
1593 1921 1686 1971 medii
1706 1921 1750 1972 der

73 1991 240 2058 Undersrlm'fl
255 2009 304 2042 vore
327 1993 458 2042 dunklerer
475 1993 550 2044 Dinte
573 1996 611 2042 als
635 1995 680 2043 dus
701 1995 807 2060 Uebrr'ge.
844 1996 975 2061 Datimng
1000 2011 1054 2045 vom
1082 1995 1374 2059 Hauptke'rpersclrrerber‚
1399 1994 1444 2042 das
1461 1994 1483 2042 E
1502 1993 1542 2041 des
1559 1993 1663 2058 Egidius
1680 1993 1748 2042 karen

68 2066 249 2130 mehgetrugen
266 2065 324 2126 sene,
343 2065 380 2114 die
393 2065 573 2134 Zeugmfirmen
591 2066 677 2117 weisen
694 2068 742 2116 alle
755 2067 845 2134 gleiche
863 2067 953 2118 dmkle
963 2066 1039 2117 Dinte
1056 2069 1110 2133 aus.
1140 2067 1188 2116 Die
1204 2065 1321 2116 Urleunde
1332 2067 1376 2117 hat
1388 2066 1465 2116 durch
1477 2064 1747 2130 chln'grkeirgelieeen.

819 2353 885 2427 Nr.
912 2356 1001 2429 467.

74 2483 219 2548 (iile-stin
237 2483 300 2547 Ill
310 2483 469 2568 bewilligt
492 2485 566 2548 dem
582 2484 661 2548 Abte
677 2485 787 2568 Roger
810 2507 870 2548 von
893 2485 962 2550 San
977 2485 1129 2549 Severino
1151 2481 1191 2548 dr'
1211 2483 1335 2568 Napoli
1348 2485 1416 2564 se'e'r
1439 2481 1526 2548 serite
1542 2483 1750 2568 Naclrsolger

565 2574 626 2639 das
643 2573 751 2654 Recht,
767 2573 828 2638 den
845 2575 935 2658 Ring
948 2585 1061 2659 tragen
1075 2595 1116 2638 au
1131 2574 1259 2655 dr'c'rsen.

695 2693 778 2753 1194
793 2691 876 2765 Juli
889 2693 939 2754 19.
972 2691 1124 2754 Lateran.

232 2803 453 2867 CELEsrlNUs
476 2807 663 2888 episcopus
687 2826 799 2870 servus
821 2827 989 2870 servorum
1006 2808 1070 2882 dei,
1094 2806 1217 2870 dilecto
1239 2805 1307 2868 filio
1331 2803 1493 2886 .Rogerio‚
1517 2804 1629 2868 abbati
1645 2807 1747 2868 sancti

67 2891 219 2955 Severini
234 2892 477 2978 Neapollitano
501 2895 639 2960 salutem
665 2903 698 2958 et
713 2895 932 2978 apostolicam
949 2897 1220 2960 benedictionem.
1257 2894 1455 2977 Apostolice
1469 2894 1556 2955 sedis
1572 2896 1747 2956 auctoritas

68 3002 137 3056 eos,
164 3000 248 3061 quos
271 2983 333 3046 sibi
357 2982 469 3046 fideles
494 2993 527 3046 et
550 2985 690 3048 devotos
719 3005 790 3048 esse
811 2985 816 3065 Ι
837 2987 1023 3068 cognoscit,
1054 3006 1187 3067 semper
1218 2984 1355 3066 diligere
1378 2985 1547 3046 consuevit
1586 2993 1619 3046 et
1657 2985 1747 3065 ipsos

68 3070 185 3154 insigni
209 3071 321 3150 aliquo
354 3071 487 3136 honoris
520 3074 733 3137 ecclesiastici
764 3076 922 3138 decorare
955 3077 997 3138 ad
1030 3075 1184 3137 indicium
1216 3074 1319 3156 gratie
1349 3071 1509 3154 specialis.
1554 3072 1745 3156 Eapropter

68 3161 294 3234 devotionem,
326 3182 424 3242 quam
449 3182 526 3245 erga
550 3163 682 3226 beatum
706 3164 838 3227 Petrum
862 3173 895 3226 et
918 3185 978 3227 nos
1001 3162 1124 3227 habere
1149 3163 1336 3238 dinosceris,
1360 3162 1575 3236 attendentes,
1598 3169 1635 3225 ut
1657 3171 1691 3224 et
1713 3170 1748 3223 tu

67 3269 148 3331 erga
174 3269 235 3312 nos
266 3258 299 3312 et
321 3251 504 3314 Romanam
537 3251 707 3316 ecclesiam
742 3254 895 3316 devotior
923 3273 1055 3336 semper
1086 3253 1205 3316 existas
1246 3261 1279 3315 et
1301 3253 1415 3326 ceteri,
1448 3251 1502 3331 qui
1525 3251 1675 3325 viderint,
1705 3251 1746 3314 ad

67 3341 138 3402 eius
174 3340 387 3402 devotionem
419 3341 558 3424 amplius
589 3344 788 3418 animentur,
825 3362 999 3425 personam
1031 3350 1064 3404 et
1093 3341 1266 3405 ecclesiam
1298 3349 1388 3404 tuam
1421 3340 1554 3423 speciali
1587 3339 1747 3403 beneficio

67 3428 277 3492 decrevimus
302 3429 539 3494 honorandum.
585 3429 668 3494 Cum
692 3432 790 3512 igitur
813 3452 888 3494 usus
912 3431 996 3494 anuli
1020 3430 1235 3513 personaliter
1261 3430 1358 3494 fuerit
1387 3429 1448 3493 tibi
1481 3450 1672 3506 concessus,
1704 3429 1747 3492 ad

68 3537 187 3600 preces
212 3525 245 3580 et
267 3518 454 3602 instantiam
478 3520 589 3583 dilecti
612 3519 668 3582 filii
691 3519 828 3597 Abbati,
859 3520 1049 3585 subdiaconi
1072 3529 1105 3583 et
1129 3519 1290 3602 capellani
1314 3519 1424 3594 nostri,
1455 3521 1510 3598 qui
1535 3518 1631 3582 nobis
1655 3538 1748 3582 carus

67 3607 249 3688 plurimum
274 3616 307 3670 et
330 3616 487 3689 acceptus
517 3611 644 3684 existit,
675 3618 709 3672 et
739 3630 798 3692 per
829 3620 863 3673 te
893 3610 1135 3673 successoribus
1166 3609 1245 3686 tuis,
1277 3607 1468 3691 regulariter
1490 3605 1745 3692 substituendis,

66 3696 109 3760 de
124 3696 316 3778 apostolica
338 3696 542 3780 benignitate
565 3718 658 3762 usum
682 3700 829 3763 eiusdem
852 3700 938 3764 anuli
962 3700 1114 3762 duximus
1137 3705 1299 3780 perpetuo
1322 3697 1581 3762 concedendum.
1598 3732 1642 3743 -
1657 3695 1744 3782 Datl

68 3785 236 3863 laterani,
260 3801 338 3850 xml
361 3786 414 3850 Kl.
437 3787 525 3871 Aug.
572 3787 782 3852 Pontificatus
806 3791 908 3853 nostri
932 3809 1017 3852 anno
1041 3796 1168 3869 quarto.

235 3901 279 3951 Or.
299 3900 459 3967 (Pergameae
476 3901 504 3951 di
524 3901 600 3952 Currit
617 3904 671 3952 eccl.
690 3900 731 3970 I),
750 3902 784 3953 im
800 3904 915 3955 Arche've'o
933 3903 960 3953 di
976 3902 1043 3953 State
1060 3917 1089 3951 ru
1107 3902 1206 3966 A'eapel.

233 3973 304 4038 Peeg.
322 3973 382 4034 ital,
400 3975 436 4024 br.
455 3975 543 4034 0305,
566 3975 627 4040 lang
643 3975 713 4036 0,18,
739 3977 910 4037 1011010,οῃ
934 3975 1122 4041 umgeschlagen,
1148 3974 1227 4024 durch
1250 3971 1307 4022 arvei
1324 3972 1416 4022 Laeter
1436 3972 1502 4038 ging
1523 3971 1561 4022 die
1578 3966 1683 4032 scheme,
1711 3972 1749 4022 die

67 4043 112 4094 neit
128 4043 186 4094 dem
205 4044 330 4112 Blerie'egel
343 4046 460 4106 verleren,
479 4045 589 4112 Faltung
605 4047 648 4096 der
665 4048 767 4098 Breven.

252 4437 390 4503 Coleste'n
407 4439 472 4503 III
481 4439 634 4526 bestc'z'tegt
647 4440 721 4505 dem
736 4332 1020 4523 Domiizfditilssrrgdn
1036 4435 1169 4502 Rimim'
1179 4439 1266 4504 scine
1282 4439 1519 4505 Besitathr'e'mer
1535 4441 1573 4524 ¹).

644 4557 726 4618 1194
742 4554 929 4638 September
941 4557 997 4619 27.
1020 4555 1180 4618 lateran.

231 4669 282 4728 „Se
299 4671 385 4736 tolgan
401 4670 501 4737 qualche
518 4671 664 4734 espressr'oru,
684 4672 725 4722 che
742 4688 792 4721 non
809 4687 839 4720 ne
856 4670 949 4720 caenbr'a
960 4671 986 4740 lq
999 4675 1115 4730 sostaeraa,
1134 4671 1159 4719 la
1167 4676 1275 4734 presente
1287 4671 1358 4719 Bella
1370 4667 1382 4719 ἑ
1394 4671 1514 4734 conforme
1526 4669 1551 4718 e'n
1563 4677 1623 4719 lullo
1635 4685 1651 4717 α
1669 4671 1750 4734 quella

69 4743 98 4789 di
116 4741 267 4791 Alessmrdro
293 4741 339 4790 III
357 4741 395 4806 ³),
422 4743 448 4790 di
473 4743 551 4791 Lucio
571 4740 654 4806 111³)
679 4742 736 4793 edi
756 4743 871 4792 Clemente
889 4741 939 4790 III.
963 4739 990 4790 E
1003 4742 1145 4790 retroscritta
1167 4742 1214 4790 dal
1236 4741 1352 4808 Peerlefice
1377 4742 1530 4792 medesimoe
1554 4741 1598 4790 dai
1624 4741 1753 4792 Cardinali

69 4814 184 4878 segmenti,
204 4812 233 4862 di
249 4811 290 4861 cui
306 4815 329 4862 si
344 4815 493 4864 erasmum
510 4814 578 4864 nomi
593 4815 678 4864 eritolr'
693 4829 755 4864 cerne
774 4831 831 4864 sono
847 4815 913 4863 nella
930 4814 1003 4863 Bella
1021 4813 1129 4862 wratiss

288 4909 309 4994 †
332 4915 406 4994 Ego
429 4911 571 4975 Albinus
594 4911 792 4975 Albanensis
815 4913 993 4997 episcopus
1017 4931 1058 4974 ss.

289 4997 309 5083 †
331 5004 406 5083 Ego
430 4999 628 5065 Octavianus
652 5001 836 5064 Hostiensis
861 5010 894 5065 et
915 4999 1127 5064 Velletrensis
1150 5001 1326 5084 episcopus
1349 5022 1391 5065 ss.

288 5087 309 5172 †
332 5091 406 5173 Ego
428 5089 589 5154 lohannes
612 5092 822 5154 Prenestinus
846 5092 1022 5174 episcopus
1045 5110 1087 5154 ss.

290 5179 310 5264 †
334 5181 407 5263 Ego
430 5179 608 5243 Pandulfus
632 5179 806 5244 cardinalis
828 5192 879 5242 ΧΠ
902 5179 1144 5262 Apostolorum
1169 5177 1331 5262 presbiter
1353 5178 1526 5243 cardinalis
1549 5201 1591 5244 ss.

289 5268 310 5353 †
333 5269 406 5353 Ego
429 5268 592 5333 Iohannes
622 5271 670 5332 tit.
701 5272 803 5333 sancti
833 5267 1009 5333 Clementis
1033 5269 1213 5343 cardinalis,
1235 5268 1454 5333 Viterbiensis
1477 5276 1511 5333 et
1533 5267 1750 5335 Tuscanensis

502 5377 680 5441 episcopus
702 5378 744 5421 ss.

290 5445 310 5530 †
334 5447 408 5530 Ego
430 5445 594 5510 Iohannes
618 5449 665 5511 tit.
688 5447 792 5510 sancti
816 5445 975 5530 Stephani
999 5449 1033 5510 in
1057 5445 1149 5512 Celio
1180 5455 1293 5511 monte
1325 5445 1486 5531 presbiter
1516 5447 1687 5512 cardinalis
1709 5469 1750 5512 ss.

290 5535 311 5622 †
334 5539 408 5619 Ego
430 5535 575 5602 Cinthius
598 5539 646 5601 tit.
670 5538 775 5601 sancti
798 5537 964 5602 Laurentii
987 5539 1019 5601 in
1042 5537 1166 5602 Lucina
1189 5535 1353 5620 presbiter
1376 5537 1550 5602 cardinalis
1572 5557 1615 5602 ss.

73 5647 290 5655 --—-=—---

239 5672 264 5732 ι)
283 5647 333 5720 bie
350 5672 466 5738 Anguem
488 5670 609 5720 verram
632 5671 670 5722 aa
688 5669 773 5720 Herm
794 5670 854 5721 can.
877 5671 984 5722 caeram
1005 5670 1172 5721 Niccolim·
1194 5687 1224 5720 su
1242 5671 1342 5722 armar.
1362 5699 1394 5708 -
1418 5671 1490 5721 crure
1510 5671 1606 5733 ronias,
1626 5671 1707 5722 sema
1725 5671 1752 5720 a·

71 5744 167 5796 Rimim'
187 5743 220 5795 II
231 5751 256 5809 p.
275 5745 337 5793 411.
411 5747 437 5812 a)
460 5742 577 5794 Urkurede
594 5757 650 5794 vom
666 5744 684 5793 8
702 5743 832 5792 December
852 5744 926 5793 1170.
1000 5745 1026 5808 3)
1047 5741 1165 5792 Urlermde
1182 5757 1236 5792 vom
1254 5747 1288 5794 23
1305 5743 1433 5794 December
1452 5743 1526 5794 1183.

1487 5817 1544 5890 5⁰¹
