4126 6366
1702 342 1772 407 339

82 513 264 576 commisse
280 513 323 576 ab
340 513 469 577 intrusis
486 512 655 594 quondam
670 512 818 575 eiusdem
843 513 979 577 ecclesie
995 519 1029 575 et
1044 533 1064 574 a
1079 512 1207 577 Gisullo
1221 511 1254 597 ¹),
1278 513 1463 595 Uguicione
1476 511 1501 597 ⁹)
1526 521 1559 577 et
1575 512 1723 578 Gualone
1737 511 1769 596 ⁵),

83 603 258 684 quondam
282 603 448 685 episcopis
472 602 583 678 factas,
615 602 720 664 irritas
743 622 814 665 esse
838 622 1007 666 censemus
1037 609 1070 664 et
1103 603 1325 677 instrumenta,
1357 625 1377 666 a
1403 604 1600 686 supradictis
1622 603 1770 665 vassallis

82 693 225 756 ecclesie
249 691 343 768 sacta,
368 700 404 754 ut
427 693 522 754 liceat
546 686 634 777 [eisl]
660 691 702 753 ab
727 691 797 754 aliis
820 691 966 755 vassallis
990 691 1126 754 ecclesie
1148 711 1256 754 emere
1280 692 1466 755 inconsulto
1483 694 1643 775 episcopo
1661 690 1768 767 leuda,

83 802 152 863 que
176 801 237 863 per
251 779 495 845 Vercellensem
519 789 670 843 teneatur
691 780 871 856 ecclesiam,
894 780 1017 843 iuribus
1033 799 1143 843 carere
1159 781 1371 844 decernimus.
1419 781 1616 855 Statuentes,
1641 790 1685 856 ut,
1703 801 1768 862 que

83 872 130 934 de
160 871 260 934 bonis
290 871 391 952 ipsius
423 870 559 934 ecclesie
588 869 745 950 predictis
776 871 884 933 modis
915 869 1121 932 constiterint
1149 890 1220 932 esse
1259 870 1442 946 subtracta,
1481 871 1578 933 liceat
1616 869 1676 932 tibi
1709 890 1770 952 per

83 980 259 1024 censuram
280 960 474 1023 canonicam
497 959 540 1022 ad
563 979 649 1040 opus
672 958 808 1022 ecclesie
831 969 886 1022 tue
909 959 1103 1021 auctoritate
1119 958 1301 1039 apostolica
1316 959 1461 1040 legitime
1478 979 1640 1022 revocare.
1679 958 1766 1021 Nulli

83 1069 167 1131 ergo
191 1049 327 1112 omnino
352 1049 522 1112 hominum
547 1047 651 1120 liceat,
675 1045 760 1110 hanc
783 1047 938 1130 paginam
961 1058 1072 1110 nostre
1095 1049 1337 1110 constitutionis
1361 1049 1535 1131 infringere
1558 1049 1609 1112 vel
1633 1047 1663 1111 ei
1688 1069 1767 1111 ausu

82 1140 260 1201 temerario
284 1138 454 1201 contraire.
500 1136 535 1201 Si
560 1138 631 1219 quis
648 1147 758 1200 autem
774 1137 839 1200 hoc
854 1146 1051 1218 attemptare
1067 1138 1309 1218 presumpserit,
1332 1138 1358 1201 si
1376 1138 1605 1213 commonitus,
1627 1138 1768 1201 noluerit

83 1226 287 1304 emenldare,
311 1247 399 1309 pena
420 1247 456 1290 se
479 1227 608 1290 noverit
630 1228 789 1289 canonica
812 1225 1064 1309 percellendum.
1088 1260 1132 1270 -
1154 1227 1231 1290 Dat.
1255 1227 1396 1301 Verone‚
1418 1242 1443 1289 v
1466 1228 1542 1290 Idus
1565 1226 1651 1308 Aug.

250 1341 293 1392 Or.
311 1341 344 1390 ain
362 1311 477 1392 Arcln'vii
498 1340 632 1405 Caprlolarr
649 1355 679 1388 ru
703 1340 808 1390 Vercelli.

250 1413 319 1478 Perg.
338 1413 399 1474 irae,
417 1413 452 1462 br.
473 1415 540 1473 0,19,
557 1414 620 1477 lang
636 1413 722 1472 0,127,
741 1420 816 1461 anton
834 1413 913 1472 0,016
930 1412 1120 1476 anrgescllagm,
1146 1413 1225 1463 durch
1245 1413 1303 1462 arvei
1322 1413 1415 1463 Llrlier
1435 1415 1493 1478 gelet
1516 1412 1553 1462 die
1578 1413 1643 1480 gella
1670 1412 1765 1463 Salden-

83 1487 186 1546 sdrnur,
205 1501 291 1535 aaran
308 1485 353 1534 das
370 1484 494 1550 Bler'rr'egel
509 1486 592 1550 ltingt,
612 1483 720 1550 Faltnrrg
737 1485 781 1532 der
797 1483 900 1533 Breven.

832 1770 899 1844 Nu.
928 1774 1017 1846 386.

91 1904 202 1970 Urbnn
218 1903 284 1968 III
302 1903 487 1986 boaraftragt
507 1900 561 1967 a'ie
581 1902 678 1966 Aebte
703 1925 763 1966 von
780 1902 848 1968 San
863 1901 948 1984 Sira,
970 1902 1059 1968 Sanl
1081 1902 1214 1966 Andreae
1237 1901 1306 1964 renel
1319 1901 1388 1966 San
1406 1899 1552 1986 Benigno
1566 1903 1606 1967 ali
1623 1903 1762 1980 Genava,

83 1995 139 2058 die
154 1993 353 2058 Streitsaelae
375 1993 536 2056 zwisalten
558 1992 620 2057 den
640 1992 924 2056 Damleanonikern
943 2014 1004 2057 von
1022 1992 1133 2057 Genua
1160 1990 1229 2054 und
1250 1990 1324 2054 dem
1340 1992 1439 2055 Prior
1464 2013 1525 2054 von
1546 1992 1633 2057 Colle
1656 2013 1763 2076 raegen

549 2083 611 2146 der
626 2079 748 2146 Kiralre
762 2103 823 2146 von
839 2081 989 2146 Sereana
1003 2105 1044 2147 nn
1060 2081 1237 2146 schlichten
1253 2083 1267 2118 ⁴
1269 2085 1295 2156 ).

627 2196 990 2280 1186-1187-A2geat
1002 2200 1054 2260 12.
1095 2195 1224 2261 Verona.

245 2314 399 2380 Urbanus
428 2315 613 2397 episcopus,
644 2334 755 2377 servus
785 2335 951 2378 servorum
981 2314 1043 2390 dei,
1076 2313 1203 2376 dilectis
1234 2312 1308 2376 filiis
1335 2312 1520 2388 Bemardo,
1550 2315 1653 2376 sancti
1686 2313 1759 2396 Syri

83 2451 214 2470 ......
234 2403 262 2490 ¹)
276 2405 380 2469 sancti
395 2403 539 2480 Andree,
556 2413 590 2467 et
605 2403 786 2485 Stephano,
808 2405 912 2467 sancti
929 2403 1066 2485 Benigni
1084 2401 1110 2488 ⁵)
1134 2402 1319 2478 abbatibus
1342 2403 1479 2466 salutem
1496 2412 1529 2465 et
1544 2403 1760 2484 apostolicam

83 2495 362 2558 benedictionem.
410 2493 493 2558 Cum
517 2494 748 2569 controversia,
780 2514 844 2575 que
867 2494 951 2556 inter
974 2493 1112 2555 dilectos
1135 2491 1228 2568 filios,
1262 2493 1440 2555 canonicos
1467 2492 1570 2554 sancti
1594 2493 1760 2555 Laurentii

82 2583 268 2660 lanuensis,
299 2592 332 2647 et
361 2584 505 2666 priorem
529 2630 666 2646 .....
691 2583 732 2645 de
763 2582 847 2646 colle
870 2583 995 2645 Montis
1011 2579 1037 2666 ⁶)
1068 2602 1167 2664 super
1196 2581 1334 2644 ecclesia
1366 2582 1408 2644 de
1439 2580 1583 2645 Sarzano
1615 2582 1761 2645 noscitur

82 2674 209 2756 agitari,
232 2673 329 2737 vobis
351 2672 447 2736 luerit
470 2673 513 2736 de
535 2672 720 2754 apostolico
744 2672 901 2735 mandato
924 2672 1109 2748 commissa,
1133 2671 1206 2752 ipsa
1227 2671 1374 2733 nondum
1398 2690 1458 2752 per
1472 2689 1540 2745 vos,
1564 2670 1648 2733 sicut
1664 2671 1760 2734 nobis

81 2763 292 2845 propositum
315 2771 373 2838 est,
398 2762 498 2825 finem
520 2762 657 2843 accepit.
703 2760 849 2842 Ideoque
877 2761 1063 2824 discretioni
1086 2770 1194 2823 vestre
1224 2779 1284 2841 per
1312 2759 1496 2841 apostolica
1525 2760 1648 2840 scripta
1670 2781 1759 2823 man·

82 2853 209 2926 damus,
233 2858 395 2933 quatenus
417 2861 589 2932 utramque
611 2861 738 2933 partem
758 2851 801 2913 ad
816 2861 958 2914 vestram
974 2849 1174 2912 audientiam
1190 2860 1419 2925 convocantes,
1443 2847 1562 2910 auditis
1579 2849 1759 2912 rationibus

81 2951 116 3004 et
139 2941 406 3005 attestationibus
437 2939 514 3003 hinc
545 2939 622 3003 inde
652 2940 849 3022 propositis,
880 2940 1033 3002 eamdem
1063 2958 1195 3001 causam
1226 2937 1309 3001 inira
1330 2951 1406 3000 xxx
1436 2938 1506 3001 dies
1537 2948 1614 3019 post
1644 2937 1759 3001 harum

82 3031 317 3112 receptionem,
345 3029 568 3112 appellatione
592 3039 727 3103 remota,
758 3029 924 3092 mediante
946 3029 1076 3105 iustitia,
1099 3028 1289 3104 terminetis,
1321 3027 1416 3090 nullis
1439 3028 1553 3090 litteris
1573 3027 1702 3090 veritati
1726 3038 1760 3091 et

81 3119 204 3184 iustitie
226 3119 441 3202 preludicium
465 3119 668 3194 facientibus,
699 3118 725 3182 si
755 3138 819 3200 que
842 3119 1062 3200 apparuerint,
1086 3118 1200 3181 asede
1224 3116 1408 3198 apostolica
1430 3117 1612 3198 impetrate.
1658 3116 1758 3197 Quod

80 3210 108 3272 si
137 3229 254 3272 omnes
282 3207 334 3271 his
364 3208 603 3290 prosequendis
633 3207 843 3287 nequiveritis
872 3209 1043 3285 interesse,
1075 3206 1141 3270 duo
1165 3215 1308 3270 vestrum
1340 3226 1380 3269 ea
1410 3204 1618 3269 nihilominus
1648 3226 1757 3288 prose-

81 3309 233 3380 quantur.
256 3331 302 3344 -
324 3300 401 3361 Dat.
424 3297 566 3374 Verone‚
590 3311 616 3360 11
638 3295 686 3360 ld.
709 3295 861 3379 Augusti.

242 3411 396 3477 Alerflen
413 3412 458 3461 der
475 3411 577 3462 Mr'srell.
595 3411 623 3460 dr'
639 3411 701 3461 Stor.
720 3411 808 3477 Ligur.
834 3411 859 3459 V
868 3419 892 3474 p.
913 3411 972 3471 358,
997 3411 1038 3461 des
1061 3409 1196 3475 Schiaffhro
1214 3408 1248 3458 II
1255 3416 1283 3474 p.
1305 3409 1366 3468 397,
1391 3407 1418 3458 r'ar
1441 3407 1485 3457 der
1509 3407 1572 3459 aaa
1601 3408 1690 3470 Civica,
1718 3409 1759 3460 les

79 3483 217 3550 Sclaiaffino
234 3483 266 3532 Il
273 3490 301 3547 p.
321 3485 382 3544 534,
400 3483 427 3532 r'n
445 3484 489 3533 der
506 3484 569 3533 Br'bl.
589 3483 646 3532 dell
668 3479 806 3534 Universitd
823 3499 854 3532 na
875 3483 968 3534 Genua.

827 3765 894 3840 Nr.
921 3769 1010 3840 387.

86 3897 198 3964 Urban
213 3897 279 3963 III
288 3897 475 3982 beanflragt
487 3898 550 3963 das
563 3895 773 3982 Domkapitel
790 3919 852 3962 von
867 3899 1002 3979 Pistaia,
1016 3898 1078 3962 das
1092 3898 1249 3983 Hospital
1268 3919 1328 3963 von
1343 3897 1461 3963 Dorcio
1482 3898 1544 3981 (D.
1562 3899 1706 3985 Pistaia)
1723 3901 1758 3964 in

594 3988 703 4052 seinen
722 3987 969 4053 Gerecletsamen
982 4009 1023 4053 aa
1038 3987 1185 4052 erlralten
1201 3989 1240 4074 ⁷).

620 4105 835 4167 naa—1187
855 4101 987 4168 October
999 4106 1051 4167 13.
1093 4101 1225 4168 Verona.

240 4217 394 4284 Urbanus
410 4221 594 4303 episcopus,
611 4241 722 4284 servus
736 4241 903 4284 servorum
920 4221 982 4298 dei,
1007 4220 1134 4285 dilectis
1148 4220 1231 4296 filiis,
1253 4223 1305 4286 .N.
1325 4221 1354 4304 b)
1377 4221 1547 4305 preposito
1564 4233 1597 4287 et
1612 4225 1757 4306 capitulo

75 4308 286 4374 Pistoriensis
317 4311 469 4388 ecclesie,
503 4311 640 4374 salutem
671 4320 706 4373 et
730 4307 735 4395 Ι
762 4310 980 4394 apostolicam
1012 4310 1287 4375 benedictionem.
1333 4311 1496 4394 Quotiens
1516 4331 1578 4375 vos
1600 4315 1653 4377 vel
1675 4314 1757 4378 alios

76 4399 318 4463 ecclesiasticos
348 4401 436 4464 viros
465 4401 616 4463 audimus
647 4401 802 4482 operibus
830 4400 927 4463 bonis
956 4400 1141 4478 intendere,
1173 4398 1402 4485 inltentionem
1433 4420 1547 4464 eorum
1579 4412 1612 4465 et
1641 4411 1757 4467 votum

75 4489 226 4571 benigno
250 4489 362 4553 lavore
385 4489 615 4571 prosequimur
646 4499 679 4552 et
702 4491 791 4572 ipsos
814 4489 848 4552 in
870 4509 930 4552 suo
954 4491 1127 4571 proposito
1151 4490 1342 4572 apostolicis
1372 4489 1657 4556 exhortationibus
1680 4513 1755 4557 con-

76 4578 240 4641 fovemus.
285 4579 367 4642 Inde
390 4587 448 4654 est,
473 4579 562 4660 quod
583 4577 612 4664 c)
633 4577 833 4661 hospitalem
857 4578 993 4642 domurn
1016 4580 1058 4642 de
1077 4581 1204 4643 Duccio
1221 4577 1255 4666 ⁸),
1279 4581 1312 4642 in
1335 4579 1472 4662 proprio
1495 4580 1567 4643 solo
1590 4593 1700 4645 vestro
1723 4592 1757 4645 et

75 4667 221 4750 propriis
237 4667 405 4731 laboribus
421 4678 455 4732 et
470 4669 625 4750 expensis
641 4677 870 4745 constructam,
888 4688 987 4750 quam
1002 4667 1169 4746 hactenus,
1194 4669 1278 4733 sicut
1292 4669 1451 4744 audimus
1467 4668 1523 4751 pia
1538 4670 1756 4736 sollicitudine

75 4757 280 4834 confovistis,
311 4758 437 4820 caritati
466 4768 574 4821 vestre
604 4758 800 4840 propensius
830 4757 1117 4834 commendantes,
1150 4758 1381 4822 discretionem
1411 4767 1554 4821 vestram
1584 4779 1756 4824 monemus

74 4856 177 4927 atque
209 4846 420 4921 mandamus,
452 4847 619 4928 quatinus,
651 4857 750 4928 prout
772 4847 858 4910 bene
881 4847 1023 4929 cepistis,
1054 4848 1087 4910 in
1108 4857 1220 4911 vestro
1249 4848 1307 4930 pio
1338 4847 1511 4929 proposito
1535 4851 1755 4930 persistentes,

75 4955 150 4998 eam
174 4933 271 4999 nullis
294 4935 452 4999 molestiis
474 4937 528 4999 vel
551 4935 777 5000 exactionibus
800 4935 956 4999 indebitis
980 4937 1171 5018 aggravetis,
1195 4943 1247 5000 set
1262 4937 1295 5000 in
1311 4937 1377 5000 suis
1392 4937 1520 5000 iustitiis
1536 4949 1709 5020 protegere
1725 4936 1756 5022 d)

75 5045 115 5088 ac
138 5035 352 5089 manutenere
382 5025 500 5089 curetis
533 5035 567 5089 et
595 5025 704 5089 taliter
734 5025 776 5088 ab
809 5022 964 5088 indebitis
991 5045 1167 5108 pravorum
1190 5025 1421 5090 vexationibus
1446 5025 1631 5105 defensare,
1665 5028 1755 5110 quod

239 5297 265 5361 a)
291 5295 364 5348 Woll
375 5295 520 5348 lentiensis?
592 5297 621 5362 b)
638 5295 805 5363 nacllrlr'gllclr
822 5295 946 5364 elngej'rlgt
1015 5301 1040 5358 c)
1058 5297 1224 5365 managai
1241 5297 1407 5350 mirandem
1423 5298 1500 5350 Dr'nte
1516 5299 1758 5366 nobclmgrklemnrt

74 5369 101 5428 d)
121 5383 151 5419 re
179 5373 232 5437 asaf
249 5370 340 5420 Rasur.
360 5409 413 5416 -.
432 5375 467 5432 ,1)
490 5369 580 5434 Gr'snlf
593 5370 629 5428 II,
657 5369 760 5431 Br'sclof
776 5384 826 5419 von
859 5369 1161 5430 Vercellr',1135-1148.
1252 5376 1279 5430 2)
1301 5371 1414 5438 Uguccio,
1440 5371 1547 5438 Birthas,
1574 5375 1754 5423 1150-1170.

75 5445 102 5508 3)
126 5441 209 5490 Gaulo
226 5439 352 5500 Mauo,
371 5441 478 5506 Bisaltas,
499 5442 680 5491 ruo-118⁴.
752 5445 780 5503 4)
805 5440 881 5507 Vergl.
900 5441 938 5491 die
958 5441 1077 5492 arama
1100 5457 1156 5492 vam
1174 5444 1206 5492 19
1227 5441 1289 5508 Julr'
1306 5444 1475 5493 rrae-1187
1501 5443 1557 5493 rard
1579 5459 1635 5494 vom
1653 5446 1685 5493 12
1704 5445 1756 5494 De·

74 5513 167 5562 mrber
179 5512 359 5562 1185-11aa.
434 5523 459 5578 5)
479 5512 506 5563 S.
520 5513 624 5578 Bmlgni
640 5512 669 5561 de
686 5511 759 5576 capua
771 5513 851 5563 Far-is.
925 5513 952 5578 6)
978 5514 1057 5579 Vergl.
1076 5514 1294 5580 dr'eebengnrannle
1309 5513 1428 5565 Urkrrnde
1438 5517 1513 5565 Aram.
1527 5521 1551 5565 4.
1625 5519 1651 5579 7)
1676 5515 1754 5582 Vngl.

74 5585 112 5633 die
134 5581 254 5634 Urbana
270 5599 326 5633 wne
345 5585 379 5634 18
400 5583 501 5634 Oktober
518 5586 701 5635 arao-1187.
774 5583 801 5642 8)
820 5583 954 5649 Hospitnle
973 5585 1005 5635 de
1023 5585 1116 5636 Ductio
1126 5586 1166 5652 fu
1174 5586 1282 5651 sandala
1299 5587 1343 5635 alai
1357 5586 1473 5637 Canonicr'
1484 5586 1591 5637 Pistor'en'
1607 5587 1632 5636 in
1651 5587 1754 5652 proprio

74 5656 139 5716 sole,
157 5671 208 5704 nora
220 5651 272 5720 pul
289 5671 361 5706 essere
377 5655 457 5705 vicino
473 5673 489 5704 a
508 5655 617 5707 Firenae.
652 5655 699 5706 Tre
717 5655 800 5722 leaoglti
815 5655 844 5704 oi
858 5657 940 5707 hanno
957 5673 1025 5708 mnae
1042 5658 1081 5706 die
1098 5657 1197 5718 Doccr‘a,
1216 5673 1229 5706 e
1245 5673 1295 5708 non
1311 5657 1335 5706 ci
1350 5654 1362 5708 l
1379 5659 1431 5708 mal
1446 5665 1507 5708 stato
1529 5659 1631 5723 medan.
1657 5660 1756 5724 (Cerere

78 5727 168 5790 Paolr).
206 5726 259 5776 Eira
275 5727 364 5776 Dacn‘o
380 5728 439 5793 liegt
454 5728 481 5777 ln
503 5725 618 5788 Herma,
640 5727 712 5777 Pron.
731 5727 840 5787 Novana,
864 5729 975 5778 Circond.
1000 5729 1111 5780 Valresr’a.
1147 5729 1248 5796 Hlnfig
1263 5730 1295 5778 r'st
1310 5730 1357 5779 der
1373 5730 1452 5780 Nanae
1468 5732 1553 5781 Dorso.

1487 5807 1545 5876 43¹
