4142 6366
1679 328 1747 398 275

820 493 887 570 Nr.
909 499 998 571 292.

67 646 260 713 Alexander
281 646 346 711 III
364 644 516 728 bestdtigt
535 643 610 708 dem
633 642 713 709 Abte
738 641 864 710 Raimr
884 666 945 710 von
967 645 1036 710 Sau
1058 647 1226 713 Beuedettu
1249 648 1295 713 Po
1318 649 1377 730 (D.
1403 651 1574 736 Manteva)
1599 649 1654 716 die
1676 651 1748 717 Bee'·

68 739 193 822 legung
207 737 266 801 des
282 734 416 800 Streites
436 736 500 799 mit
512 735 618 815 Mauo,
639 732 714 798 dem
738 734 947 819 Erepriester
966 755 1028 799 uon
1050 735 1119 801 Sau
1145 737 1285 802 Loreneo
1311 738 1351 803 di
1363 740 1557 825 Pegoguaga
1577 741 1636 822 (D.
1652 741 1748 805 Mau·

577 833 667 902 tona)
683 844 793 906 wegeu
808 822 938 909 eiu'mer
952 823 1189 891 Besitetlu'u'mer
1207 830 1244 908 ¹).

554 941 767 1004 1170-1160
782 939 957 1004 December
977 943 1033 1004 23.
1085 942 1267 1006 Tusculum.

231 1073 460 1138 ALEXANDER
489 1073 673 1156 episcopus,
705 1091 815 1136 servus
844 1093 1012 1137 servorum
1043 1075 1104 1151 dei,
1140 1075 1260 1139 dilecto
1284 1075 1352 1139 filio
1399 1071 1596 1162 .R(ainerio),
1630 1077 1745 1142 abbati

67 1166 176 1232 sancti
200 1163 370 1228 Benedicti
392 1182 491 1245 super
513 1163 648 1240 Padum,
669 1159 674 1246 Ι
694 1162 832 1225 salutem
861 1172 894 1226 et
924 1164 1141 1244 apostolicam
1172 1164 1448 1228 benedictionem.
1493 1166 1551 1242 Ea,
1582 1186 1646 1247 que
1670 1187 1744 1230 con·

68 1257 185 1320 cordia
215 1254 267 1317 vel
298 1251 419 1315 iudicio
450 1259 651 1329 statuuntur,
681 1251 774 1314 firma
806 1250 929 1314 debent
957 1259 991 1314 et
1022 1253 1147 1316 illibata
1172 1250 1177 1338 Ι
1202 1255 1379 1318 consistere
1410 1265 1452 1330 et,
1483 1275 1525 1318 ne
1555 1256 1745 1337 cuiusquam

66 1345 257 1410 temeritate
280 1341 457 1416 solvantur,
490 1342 683 1404 auctoritate
714 1340 896 1421 apostolica
920 1341 1113 1404 confirmari.
1159 1343 1232 1406 Hac
1263 1344 1374 1425 itaque
1398 1344 1524 1406 ratione
1555 1344 1679 1408 inducti
1712 1353 1745 1408 et

67 1436 132 1498 tuis
157 1434 250 1496 iustis
273 1429 550 1514 postulationibus
573 1439 762 1502 annuentes,
786 1430 1071 1510 compositionem,
1096 1451 1196 1513 quam
1220 1431 1357 1495 dilectus
1379 1431 1462 1494 lilius
1478 1442 1589 1496 noster
1634 1434 1666 1496 .1.
1682 1434 1744 1497 Re·

67 1526 164 1608 ginus
180 1520 437 1595 archidiaconus,
462 1530 496 1583 et
541 1518 592 1583 .Α.
616 1521 814 1583 Mantuanus
837 1519 1019 1583 causidicus
1039 1521 1123 1583 inter
1137 1531 1169 1584 te
1185 1530 1219 1584 et
1234 1520 1416 1597 Mazonem,
1440 1521 1744 1603 archipresbiterum

67 1613 174 1676 sancti
198 1609 364 1675 Laurentii
390 1608 431 1670 de
453 1609 603 1691 Pigogno
620 1605 655 1694 ²),
682 1607 759 1671 hinc
781 1609 858 1671 inde
880 1608 924 1671 ad
947 1610 1171 1674 arbitrandum
1195 1610 1299 1685 electi,
1329 1630 1427 1692 super
1450 1611 1646 1693 quibusdam
1669 1631 1743 1694 pos·

67 1700 279 1774 sessionibus,
304 1698 448 1773 decimis,
471 1697 549 1761 ficto
573 1709 606 1762 et
629 1717 716 1780 pena
739 1697 854 1760 fecisse
877 1708 1063 1773 noscuntur,
1086 1699 1169 1762 sicut
1192 1700 1233 1764 de
1257 1719 1389 1762 assensu
1411 1700 1554 1781 partium
1577 1699 1664 1763 sacta
1694 1711 1744 1764 est

67 1802 101 1855 et
123 1789 204 1853 binc
227 1787 304 1852 inde
328 1797 461 1869 recepta
479 1783 517 1872 ²),
541 1795 640 1868 atque
664 1787 842 1868 inscripto
866 1786 1000 1868 publico
1024 1788 1217 1864 continetur,
1245 1789 1438 1852 auctoritate
1461 1788 1644 1870 apostolica
1667 1809 1742 1852 con-

67 1880 237 1944 firmamus
279 1887 312 1940 et
349 1876 510 1958 presentis
541 1877 654 1959 scripti
686 1877 870 1958 patrocinio
903 1877 1150 1940 communimus.
1196 1877 1399 1954 Statuentes,
1432 1887 1468 1940 ut
1497 1877 1575 1941 nulli
1605 1879 1741 1942 omnino

66 1969 242 2032 bominum
265 1966 369 2040 liceat,
402 1963 488 2028 hanc
512 1967 669 2048 paginam
691 1975 801 2028 nostre
832 1965 1089 2028 confirmationis
1112 1966 1286 2049 infringere
1315 1965 1367 2029 vel
1398 1966 1427 2030 ei
1458 1986 1537 2029 ausu
1568 1969 1741 2031 temerario

66 2057 239 2122 contraire.
285 2053 319 2120 Si
345 2055 417 2136 quis
441 2065 552 2118 autem
574 2055 639 2118 hoc
663 2063 859 2136 attemptare
882 2055 1123 2137 presumpserit,
1148 2055 1407 2137 indignationem
1427 2056 1664 2137 omnipotentis
1687 2056 1740 2120 dei

66 2157 98 2210 et
112 2147 290 2210 beatorum
305 2144 391 2207 Petri
415 2152 450 2206 e't
468 2144 568 2219 Pauli,
592 2144 831 2228 apostoloirum
855 2145 931 2220 eius,
955 2165 991 2207 se
1014 2145 1141 2209 noverit
1164 2146 1374 2209 incursurum.
1398 2179 1441 2191 -
1464 2144 1540 2207 Dat.
1556 2143 1740 2220 Tusculani,

64 2251 89 2300 x
110 2237 167 2300 Kl.
192 2233 341 2298 Ianuarii.

231 2347 275 2398 Or.
293 2347 326 2396 im
343 2346 458 2397 Arclu'vio
476 2345 503 2396 di
518 2346 584 2396 State
601 2362 631 2395 ne
648 2344 771 2396 Mailaud.

230 2419 298 2485 Perg.
316 2419 377 2478 e'taL,
400 2418 436 2468 br.
457 2420 543 2479 0166,
567 2420 628 2484 larg
645 2419 713 2481 0,15,
737 2425 811 2468 uuleu
830 2419 905 2479 0,011
928 2419 1117 2485 umgeschlagm,
1143 2417 1222 2470 durch
1245 2417 1303 2467 nuel
1319 2418 1410 2469 chmr
1428 2419 1487 2484 gelet
1508 2419 1545 2468 die
1560 2419 1626 2485 gelbe
1646 2418 1738 2469 Seidm·

62 2493 164 2554 κᾶν,
186 2491 260 2542 deren
277 2491 399 2558 Blein'egel
413 2492 530 2550 verlorm,
548 2490 659 2555 Faltuug
674 2490 719 2540 rler
734 2490 837 2541 Breum.

810 2817 876 2893 Nr.
905 2821 993 2893 293.

63 2953 252 3018 Alexander
263 2953 329 3017 III
339 2952 499 3018 urkundet
511 2951 572 3017 der
583 2951 621 3016 K
622 2951 710 3017 irclre
724 2972 785 3016 mm
806 2949 918 3015 Castel
929 2951 1054 3034 Aquato
1069 2950 1127 3029 (D.
1145 2948 1334 3027 Peucmeal,
1356 2951 1436 3017 dass
1450 2972 1484 3016 es
1499 2951 1573 3016 dem
1588 2953 1738 3037 Bisclrrrse

225 3063 287 3106 von
303 3042 471 3107 Pmceuea
493 3041 580 3106 m'clrt
597 3039 722 3105 erlaubt
739 3042 810 3105 seiu
824 3039 912 3120 selle,
933 3041 982 3104 sie
997 3037 1176 3123 irgeudwz'e
1190 3061 1231 3106 eu
1254 3040 1525 3128 beeiutriz'cletigen
1542 3041 1577 3130 ⁸).

547 3158 758 3221 1171-1180
774 3154 959 3240 September
973 3159 1027 3219 24.
1073 3155 1250 3221 Tusculum.

227 3273 419 3338 Alexander
434 3275 617 3357 episcopus,
634 3293 744 3337 servus
759 3292 926 3338 servorum
943 3274 1004 3350 dei,
1022 3273 1148 3336 dilectis
1164 3273 1237 3336 liliis
1274 3270 1448 3359 .A(rialdo)
1464 3276 1736 3359 archipresbitero

65 3377 98 3430 et
113 3359 253 3450 clerilcis
275 3362 382 3446 plebis
406 3363 447 3426 de
463 3363 578 3428 Castro
593 3362 753 3445 Arquat0‚
778 3363 916 3426 salutem
939 3373 973 3425 et
997 3362 1212 3444 apostolicam
1231 3362 1504 3429 benedictionem.
1541 3367 1737 3450 Apostolice

65 3456 153 3519 sedis
177 3447 380 3540 auctolritate
404 3453 586 3516 inducimur
601 3463 634 3516 et
648 3453 749 3516 officii
766 3453 867 3515 nostri
885 3452 998 3515 debito
1018 3470 1245 3533 provocamur,
1269 3453 1424 3516 universis
1440 3455 1584 3519 ecclesiis
1600 3468 1738 3538 paterna

67 3545 254 3627 provisione
277 3541 447 3605 consulere
469 3552 502 3604 et
533 3553 648 3606 contra
677 3541 845 3605 molestias
875 3540 1037 3604 indebitas
1070 3540 1286 3621 apostolicum
1320 3545 1539 3623 patrocinium
1569 3547 1736 3628 impertiri.

66 3634 138 3696 Hac
160 3633 274 3714 itaque
297 3626 490 3716 [intentione
508 3627 549 3717 bl]
573 3631 697 3694 inducti
728 3642 761 3695 et
790 3631 905 3693 vestris
935 3629 1026 3692 iustis
1056 3628 1331 3711 postulationibus
1362 3630 1515 3708 inclinati,
1545 3637 1739 3699 auctoritate

64 3721 250 3805 apostolica
273 3719 466 3796 inhibemus,
490 3730 526 3783 ut
548 3741 614 3784 non
638 3721 735 3784 liceat
756 3720 946 3783 Placentino
969 3719 1137 3800 episcopo,
1168 3719 1222 3799 qui
1246 3739 1307 3800 pro
1331 3727 1481 3802 tempore
1505 3723 1607 3800 fuerit,
1630 3734 1738 3788 vestre

63 3807 228 3895 (ecclesie)
266 3808 431 3871 indebitas
467 3811 656 3872 exactiones
688 3810 857 3890 imponere
888 3817 944 3870 aut
974 3827 1047 3870 eam
1073 3803 1079 3890 Ι
1108 3806 1276 3870 insolitis.
1302 3857 1308 3870 .
1332 3807 1355 3871 b
1379 3856 1386 3869 .
1411 3805 1575 3896 [an]gariis
1606 3813 1737 3876 ulterius

64 3901 212 3982 fatigare.
236 3933 279 3944 -
303 3897 379 3960 Dat.
403 3897 587 3975 Tusculani,
609 3911 673 3962 vm
696 3899 749 3961 Kl.
774 3898 910 3962 Octubr.

227 4011 271 4062 Or.
290 4012 324 4060 im
341 4011 455 4062 Arcbim'e
471 4012 535 4062 della
557 4011 639 4061 Clriesa
651 4012 804 4076 parrochiale
821 4011 848 4060 di
867 4011 947 4060 Caele!
960 4012 1056 4076 Aquale
1074 4007 1176 4067 luumer't
1194 4009 1331 4069 Piraeeum).

226 4083 296 4148 Perg.
313 4083 373 4143 elad,
400 4084 436 4133 br.
456 4085 539 4143 omo,
566 4085 629 4149 larg
645 4087 731 4144 OM,
759 4090 834 4134 recten
851 4085 910 4144 0,01
933 4083 1122 4148 mtgesculagm,
1148 4081 1227 4132 duret
1245 4082 1262 4130 2
1278 4082 1371 4132 Llrlur
1384 4083 1450 4150 giug
1472 4083 1510 4132 die
1527 4084 1632 4146 Schmer,
1651 4089 1738 4138 welche

64 4157 111 4207 nel
126 4157 181 4206 dm
199 4155 325 4221 Bleiriegel
338 4157 455 4206 uerlorm.
491 4155 601 4221 Faltuug
616 4155 659 4205 der
676 4155 777 4206 Breum.

809 4481 877 4556 Nr.
904 4485 992 4558 294.

65 4615 252 4680 Alexander
259 4615 283 4679 I
280 4614 324 4679 II
333 4613 524 4697 beauftragt
532 4614 595 4679 deu
608 4613 748 4696 Bisclms
754 4635 814 4678 ven
827 4612 978 4698 Fm‘geuto
989 4614 1062 4678 und
1073 4614 1135 4679 deu
1146 4615 1210 4679 Abt
1219 4637 1279 4680 uou
1291 4615 1392 4679 Santa
1403 4615 1490 4700 Sofia
1505 4615 1545 4680 di
1554 4617 1737 4699 Benevento,

66 4705 170 4785 daftr
186 4725 228 4768 zu
254 4725 377 4787 surgen,
399 4703 477 4767 dass
500 4703 555 4768 die
579 4703 742 4768 Aebtissin
768 4724 829 4767 von
855 4703 924 4767 Suu
960 4703 1113 4768 Vittoriuo
1138 4706 1177 4768 di
1201 4705 1374 4768 Benevento
1388 4706 1462 4770 dem
1483 4706 1563 4770 Abte
1584 4727 1644 4770 von
1669 4706 1738 4772 San

305 4790 456 4856 Vimenee
470 4793 510 4856 di
522 4794 631 4858 Monte
644 4793 699 4858 die
713 4793 862 4857 u'blicleeu
877 4792 1029 4877 Abgabeu
1043 4793 1136 4858 nalele
1151 4795 1219 4859 und
1231 4792 1299 4858 ilem
1307 4794 1509 4878 gehersume.

550 4909 796 4990 (1178)-1180
811 4907 938 4991 August
951 4911 1000 4972 11.
1040 4908 1208 5014 Tusculum
1224 4909 1260 4989 ⁴).

226 5040 418 5105 Alexander
449 5043 642 5125 episcopus,
680 5063 790 5107 servus
820 5063 985 5106 servorum
1017 5044 1087 5120 dei,
1122 5042 1299 5106 venerabili
1330 5042 1434 5118 fratri,
1466 5045 1494 5106 F
1495 5045 1735 5126 requentinensi

66 5133 227 5213 episcopo
246 5127 280 5214 ⁶),
304 5137 338 5194 et
360 5131 481 5195 dilecto
505 5131 581 5209 filio,
605 5133 719 5196 abbati
742 5141 854 5196 sancte
869 5131 1002 5214 Sophie,
1027 5133 1165 5196 salutem
1181 5142 1214 5194 et
1229 5133 1445 5213 apostolicam
1462 5132 1736 5198 benedictionem.

65 5219 118 5283 Ex
141 5221 332 5284 transmissa
354 5223 590 5302 conquestione
614 5221 722 5285 dilecti
746 5221 790 5284 lili
814 5221 925 5298 nostri,
949 5221 1080 5285 abbatis
1102 5219 1206 5284 sancti
1226 5218 1402 5298 Vincentii,
1427 5223 1621 5306 accepimus,
1646 5223 1736 5305 quod

226 5421 251 5478 a)
270 5415 364 5465 Hister
379 5431 394 5465 a
411 5417 497 5466 Rana
575 5415 603 5476 bl
620 5415 679 5464 oder
694 5415 796 5464 ratione.
817 5453 870 5460 .-
889 5417 926 5478 .ι)
951 5414 1027 5480 Vergl.
1046 5414 1084 5464 elie
1106 5413 1165 5465 Uel.
1183 5429 1238 5464 vem
1256 5417 1291 5464 28
1309 5414 1420 5464 Februar
1440 5416 1516 5464 1136.
1603 5420 1630 5479 2)
1650 5415 1737 5483 Pegog·

66 5502 139 5552 uage,
158 5485 230 5537 Fra.
250 5487 293 5538 del
306 5503 364 5537 rom
384 5487 412 5536 ei
431 5487 552 5553 Gamala,
568 5496 636 5552 prov.
656 5486 684 5535 dr'
700 5487 818 5536 Maurovu
931 5490 959 5552 3)
978 5486 1017 5535 Zu
1031 5501 1136 5552 grassem
1155 5487 1243 5536 Danke
1259 5487 1300 5537 bin
1316 5487 1353 5535 iel
1372 5487 1425 5537 dem
1442 5487 1526 5538 Herm
1544 5489 1611 5537 Dotl.
1631 5489 1738 5554 Diogene

67 5558 168 5607 Illita
186 5559 213 5607 ire
235 5557 315 5609 castel
329 5561 424 5625 Aquam
440 5561 495 5624 fier
525 5559 574 5609 sein
596 5559 699 5608 ι’ὶόιναω
721 5557 926 5624 lleluuuu'lreliges
943 5558 1175 5624 Eulgegnrkommeu
1198 5558 1344 5608 verbunden.
1456 5565 1483 5622 4)
1510 5559 1595 5626 Wegen
1619 5561 1658 5608 des
1675 5563 1738 5608 Aus-

65 5630 264 5696 mumgsjatm
285 5633 360 5697 vergi.
386 5631 423 5680 die
444 5630 504 5680 Urk.
523 5647 579 5681 vem
597 5633 631 5680 23
650 5629 727 5679 Mein
745 5631 949 5694 (1178)-1199.
1024 5638 1050 5693 5)
1069 5629 1178 5694 Fn'geuu
1201 5630 1258 5678 oder
1280 5627 1386 5681 Iiicmti
1407 5645 1463 5680 war
1485 5629 1520 5679 lis
1541 5633 1607 5680 1465
1625 5631 1737 5682 Br'stlrurr

67 5701 94 5752 in
116 5701 161 5752 der
178 5699 316 5752 Eneruuu
339 5703 465 5753 Beneuen!-
503 5702 542 5755 Zu
565 5717 666 5752 umerer
682 5700 733 5751 Zer'l
755 5717 812 5752 war
828 5700 882 5750 dert
900 5701 1004 5768 Br'scltof
1016 5699 1178 5769 lmacbumu,
1196 5701 1231 5750 bis
1249 5703 1323 5752 1182.

1473 5779 1529 5847 ³⁵·
